3742 6082
94 192 149 251 cir

412 194 591 253 HUGONIS
608 196 662 251 bn
679 196 709 253 S.
731 193 901 252 vinnons
919 194 1002 253 OPP.
1024 194 1124 253 PARS
1143 195 1182 252 11.
1196 224 1233 239 -·
1254 195 1497 252 DOGMATICA.

1748 193 1805 251 618

128 322 403 388 circumspectionem,
419 324 511 388 etqua
525 320 561 371 ad
574 333 634 370 curn
643 319 810 385 pertineant.
827 346 856 355 -
866 318 925 370 Cir.
944 317 987 368 111.
1002 315 1138 380 Quomodo
1152 330 1201 383 per
1214 317 1398 382 disciplinam
1417 318 1518 381 doceat.
1537 343 1566 353 -
1584 316 1645 368 Can.
1660 316 1715 368 1111.
1735 316 1804 380 Quo.

128 403 207 455 modo
220 402 359 466 fructificet
370 415 420 465 per
436 401 573 451 virtutem.
595 427 623 435 -
642 400 702 449 Car.
718 397 782 449 11111.
799 395 933 460 Quomodo
951 408 1002 462 per
1022 396 1189 460 patientiam,
1205 399 1228 448 ct
1242 396 1472 461 pascoeranuam
1493 398 1666 447 maturescat.
1694 424 1722 432 -
1741 396 1803 449 Gan.

128 484 192 534 11111.
210 481 346 546 Quomodo
357 496 406 546 per
421 482 534 531 rrrortan
549 481 691 542 carpatur.
710 506 740 515 -
756 479 816 530 Gar.
835 478 884 529 111.
902 474 1035 539 Quomodo
1045 489 1094 537 ρετ
1104 475 1357 541 contemplationum
1372 474 1447 526 cibet.

424 763 594 805 saoconna.

134 839 169 894 In
181 839 240 893 tine
251 835 451 909 precedentis
464 836 535 891 libri
550 850 604 907 per
625 832 858 889 similitudinem
872 848 921 888 cn-

96 925 217 997 jusdam
234 925 351 979 arboris
365 924 643 979 demonstravimus
656 922 788 993 qualiter
804 922 922 993 sapien·

98 1015 142 1069 tia
154 1014 281 1082 oriatur,
298 1018 327 1068 et
339 1017 454 1069 crescat
468 1013 501 1067 in
517 1012 615 1068 nobis.
634 1011 692 1066 Hic
708 1010 808 1082 ipsius
828 1010 922 1065 incre·

98 1103 194 1158 menti
208 1102 332 1173 gradus,
353 1117 429 1173 quos
456 1101 500 1156 ibi
527 1100 661 1154 breviter
690 1104 720 1154 et
745 1099 923 1160 summatim

97 1190 344 1262 perstrinximus,
360 1189 454 1244 latius
480 1204 533 1261 per
561 1188 683 1259 singula
711 1186 923 1260 prosequendo

99 1277 343 1351 explanabimus,

99 1367 172 1423 Car.
189 1369 373 1424 raimunde
384 1369 604 1422 seminatione
614 1367 740 1421 arboris
752 1366 925 1434 sapientire

389 1472 451 1525 per
467 1457 626 1511 timorem.

137 1545 239 1601 Primo
253 1545 348 1615 igitur
360 1544 403 1600 ibi
418 1544 454 1599 de
470 1544 621 1616 sapientia
640 1542 756 1598 dictum
772 1546 827 1611 est,
844 1540 926 1613 quod

101 1649 155 1706 ρετ
168 1634 307 1689 timorem
329 1633 507 1688 seminatur.
525 1633 563 1687 Et
578 1632 700 1704 quidem
726 1632 850 1704 pulchre
874 1646 927 1703 ρετ

102 1720 243 1776 timorem
257 1720 425 1775 seminatur
441 1721 591 1792 sapientia
616 1720 724 1792 (dccli.
743 1719 765 1783 τ)
790 1720 828 1774 nt
848 1719 927 1774 sicut

103 1808 140 1863 de
154 1807 324 1864 seminibus
338 1809 480 1863 oriuntur
492 1808 686 1878 germina,ita
698 1807 734 1863 de
749 1809 857 1863 timore
872 1808 928 1863 Do

104 1897 180 1952 mini
195 1897 332 1951 nascitur
345 1896 505 1968 sapientia.
527 1895 669 1950 Charitas
694 1896 774 1950 enim
800 1896 867 1966 ipsa
882 1898 928 1951 est

104 1985 265 2057 sapientia,
281 1984 355 2056 quia
369 2000 422 2056 per
434 1983 614 2039 charitatem
631 1984 729 2038 Deum
754 1988 926 2054 gustamus,

933 746 961 800 A
974 745 1020 800 nit
1035 760 1112 814 eam,
1128 744 1202 817 quia
1217 744 1339 800 animus
1355 744 1394 801 ab
1409 743 1611 800 exterioribus
1627 742 1805 798 abstractus

978 834 1016 889 ad
1030 836 1165 907 seipsum
1180 834 1343 905 colligitur,
1366 834 1522 889 robustior
1541 832 1580 887 ad
1599 830 1807 903 contemplan-

978 923 1017 979 da
1030 927 1144 979 aetcrna
1157 923 1345 979 sublevatur.
1369 922 1417 978 Sic
1432 938 1503 993 ergo
1518 921 1611 977 timor
1623 920 1751 976 Domini
1766 919 1808 974 la·

978 1014 1020 1068 cit
1033 1028 1197 1085 pauperem
1209 1013 1319 1085 spiritu
1336 1015 1502 1083 paupertas
1512 1011 1638 1083 spiritus
1653 1008 1805 1081 tranquil-

978 1102 1022 1156 lat
1032 1117 1093 1170 cor,
1108 1100 1320 1173 tranquillitas
1334 1099 1433 1155 cordis
1447 1099 1602 1155 inchoatio
1624 1101 1669 1154 est
1689 1098 1809 1170 sapien-

980 1191 1030 1245 tiae
1045 1189 1186 1245 coelestis.

1015 1279 1088 1335 Cae.
1106 1279 1145 1334 11.
1169 1282 1212 1334 De
1236 1279 1401 1348 rigatione
1416 1277 1543 1330 arboris
1562 1276 1736 1344 sapientiae
1748 1289 1810 1343 per

1318 1367 1475 1437 qratiam.

1015 1456 1152 1513 Secundo
1165 1456 1280 1511 dictum
1297 1458 1353 1523 est,
1369 1453 1451 1526 quod
1466 1451 1663 1525 pergratiam
1678 1451 1809 1522 rigatur.

980 1546 1065 1602 Sicut
1084 1547 1165 1601 enirn
1179 1545 1270 1601 timor
1285 1543 1395 1599 similis
1405 1546 1451 1598 est
1466 1540 1586 1609 semini,
1599 1540 1644 1594 ita
1658 1539 1760 1610 gratia
1776 1539 1812 1593 si-

981 1635 1064 1690 milis
1077 1638 1122 1691 est
1139 1635 1271 1702 humori,
1286 1634 1340 1706 qui
1353 1634 1434 1704 rigat
1447 1646 1549 1686 semen
1571 1631 1685 1701 jactam
1701 1629 1734 1683 in
1750 1633 1808 1683 ter-

981 1740 1058 1792 ram,
1078 1726 1109 1778 et
1129 1723 1299 1793 gemninare
1323 1722 1405 1776 lacit.
1432 1720 1598 1792 Postquain
1619 1718 1701 1773 enim
1720 1733 1809 1772 mens

981 1811 1116 1868 hominis
1131 1811 1274 1883 quadam,
1291 1814 1326 1865 ut
1338 1810 1382 1864 ita
1396 1808 1536 1877 dixerim,
1552 1805 1698 1863 violentia
1719 1821 1737 1860 a
1758 1805 1808 1861 de·

981 1900 1143 1956 lactatione
1165 1898 1279 1954 carnali
1294 1914 1348 1971 ρετ
1368 1898 1508 1954 timorem
1530 1897 1684 1951 abstracta
1703 1894 1809 1962 luerit,

985 2005 1106 2045 necesse
1121 1991 1168 2044 est
1179 1992 1213 2043 ut
1224 1987 1329 2042 statim
1342 1986 1407 2058 jam
1422 1984 1539 2057 aliquid
1554 1981 1725 2056 spiritualis
1739 1997 1811 2053 gau·

104 2073 256 2144 gustando
271 2076 374 2127 autem
394 2073 605 2144 cognoscimus
633 2073 712 2127 sicut
741 2071 815 2127 dicit
843 2071 926 2127 Psal-
943 2078 1025 2139 Bdii
1040 2081 1227 2150 praegustare
1241 2075 1378 2148 incipiat,
1396 2073 1472 2129 nesi
1488 2073 1613 2128 omuino
1640 2088 1658 2126 a
1680 2070 1809 2127 delecta·

104 2163 215 2218 mista:
251 2164 396 2230 Gustata,
419 2167 450 2218 et
479 2163 584 2217 uidete
617 2163 774 2231 quour'uru
814 2164 927 2217 suauis

104 2256 167 2307 est.
184 2253 338 2307 Dominus
368 2253 468 2322 (Paul.
488 2250 602 2320 xxxii.)
623 2250 728 2306 Timor
747 2252 849 2305 autem
869 2251 927 2306 Do·

105 2339 182 2395 mini
214 2339 280 2411 ipse
309 2338 348 2394 ad
375 2355 432 2395 nos
463 2338 644 2394 charitatem
678 2337 822 2407 adducit,
856 2339 930 2410 quia

105 2429 179 2484 dum
194 2427 281 2483 docet
295 2428 401 2483 timere
415 2427 595 2499 periculum,
612 2426 686 2481 iacit
707 2441 809 2481 amare
825 2429 929 2498 praesi-

107 2517 505 2576 dium.Consideratisenim
515 2516 615 2588 poenis
627 2516 741 2570 interni
754 2519 783 2570 et
798 2520 930 2572 tormen-

107 2606 401 2681 tis,quaedamnatos
413 2608 601 2677 exspectant,
616 2605 719 2660 subito
735 2605 857 2660 animus
873 2610 930 2661 ter-

104 2714 174 2755 sore
202 2695 385 2763 concutitur,
410 2709 445 2748 ac
469 2693 576 2749 deinde
598 2693 636 2748 ad
665 2709 696 2748 se
725 2708 875 2764 reversus,
898 2710 932 2749 ac

107 2787 191 2843 viam
224 2782 372 2839 evadendi
402 2797 553 2853 quaerens,
583 2782 687 2837 statim
721 2781 807 2837 illum
827 2798 864 2837 ex
882 2783 932 2839 de·

111 2874 221 2930 siderio
250 2871 402 2943 requirit,
426 2885 480 2942 per
504 2885 595 2942 quem
618 2870 739 2925 instans
762 2871 932 2943 periculum

109 2962 236 3020 evadere
249 2975 280 3015 se
294 2974 382 3032 posse
395 2959 541 3029 agnoscit.
558 2958 653 3023 Quem
671 2962 835 3032 postquam
849 2961 932 3016 inve·

109 3052 166 3121 nit,
184 3066 221 3106 ex
236 3050 345 3105 affectu
360 3047 532 3104 dilectionis
545 3048 739 3120 amplectitur·
755 3065 764 3118 3
789 3053 863 3104 tunc
883 3049 934 3105 ille

109 3140 216 3197 horror
227 3138 361 3211 primum
378 3135 557 3192 intolerabis
580 3150 618 3190 cx
637 3151 739 3191 amore
763 3137 933 3207 mltigatur,

108 3232 138 3285 et
152 3229 195 3284 sic
209 3228 245 3283 de
264 3227 371 3282 timore
385 3223 546 3280 charitatis
565 3224 689 3297 quidem
709 3226 856 3295 nascitur,
882 3226 935 3282 sed

108 3333 163 3390 per
172 3317 353 3372 charitatem
363 3314 456 3369 timor
475 3313 829 3369 consumitur.Praeterea
843 3315 935 3370 timor

984 2168 1067 2223 tione
1081 2166 1181 2222 aliena
1194 2162 1479 2234 remanserit,qnasi
1492 2176 1594 2217 semen
1610 2159 1731 2215 aridum
1746 2159 1812 2215 aba

984 2271 1043 2329 que
1066 2255 1194 2310 humore
1219 2254 1257 2309 ad
1277 2267 1401 2324 germen
1425 2250 1583 2323 sapientia
1603 2248 1813 2304 couvalescens

984 2360 1046 2401 non
1062 2347 1163 2415 queat.
1180 2343 1230 2397 Fit
1244 2341 1339 2412 igitur
1350 2340 1456 2396 divina
1469 2339 1569 2410 gratia
1593 2337 1761 2409 aspirante,
1777 2341 1812 2392 ut

985 2450 1054 2488 oum
1067 2432 1190 2486 animus
1204 2431 1334 2503 perlecto
1347 2446 1365 2483 a
1379 2429 1531 2500 corporeis
1545 2425 1754 2499 passionibus,
1780 2428 1811 2480 et

985 2520 1142 2577 desideriis
1157 2519 1285 2574 terrenis
1299 2523 1411 2574 exutus
1432 2517 1535 2584 fuerit,
1551 2515 1685 2587 quadam
1701 2514 1809 2570 statim

985 2609 1110 2666 insolita
1123 2608 1232 2664 laetitia
1245 2606 1458 2680 perfundatur,
1472 2610 1507 2660 ut
1522 2620 1556 2660 eo
1571 2603 1704 2677 amplius
1730 2618 1812 2657 ama·

987 2716 1054 2756 rum
1066 2714 1131 2754 esse
1145 2700 1290 2768 agnoscat
1306 2694 1543 2768 quoddeseruit,
1558 2709 1619 2764 quo
1638 2691 1738 2762 magis
1749 2690 1813 2747 dul·

987 2791 1030 2847 cis
1045 2788 1139 2845 sentit
1150 2803 1215 2843 esse
1231 2786 1313 2858 quod
1326 2785 1454 2841 invenit.
1471 2783 1544 2838 Haec
1556 2786 1602 2838 est
1616 2781 1726 2852 gratia,
1742 2795 1813 2853 quas

984 2881 1101 2952 jactum
1116 2878 1149 2932 in
1163 2875 1355 2932 corhominis
1367 2890 1421 2946 per
1432 2873 1572 2929 timorem
1584 2886 1686 2926 semen
1696 2869 1813 2941 sapien·

989 2969 1049 3037 tiae,
1068 2967 1197 3039 desuper
1211 2965 1314 3020 insula
1328 2963 1418 3034 rigat,
1440 2962 1514 3034 qnia
1535 2960 1605 3016 illas
1628 2962 1746 3015 mentes
1771 2957 1814 3012 in·

989 3061 1083 3113 ternae
1099 3054 1268 3111 dulcedinis
1288 3052 1470 3119 desiderium
1486 3049 1592 3119 trahit,
1617 3063 1695 3121 quas
1710 3045 1815 3103 nullus

988 3143 1241 3217 concupiscentiae
1263 3141 1394 3197 carnalis
1419 3139 1546 3195 affectus
1565 3137 1639 3194 loris
1661 3135 1813 3206 religavit.

990 3234 1118 3289 Dicatur
1130 3247 1200 3303 ergo
1214 3232 1249 3286 de
1265 3230 1426 3302 sapientia,
1442 3245 1496 3302 per
1520 3229 1659 3283 timorem
1684 3224 1815 3281 semina·

990 3325 1050 3391 tur,
1062 3337 1116 3394 per
1130 3320 1261 3391 gratiam
1276 3318 1480 3391 rigatur,quia
1493 3317 1585 3372 timor
1599 3315 1733 3388 primum
1750 3328 1815 3368 car·

109 3405 234 3461 D0111i11i
248 3407 411 3477 postquam
436 3402 521 3457 vessit
535 3401 574 3456 &tl
595 3416 646 3457 c0r
670 3401 744 3456 facil
770 3418 934 3475 pauperem
954 3411 1071 3471 cnam
1086 3409 1296 3465 delectationis
1320 3407 1461 3463 affectum
1481 3406 1520 3462 ab
1536 3405 1638 3461 animo
1659 3401 1816 3475 praecedit,

111 3494 399 3566 spiritu,panpertas
413 3494 515 3545 antem
529 3489 656 3562 spiritus
671 3489 783 3562 duplex
798 3491 935 3546 est.Nam

113 3587 185 3639 sunt
206 3585 236 3637 et
259 3579 429 3652 corporales
451 3579 566 3635 divitiae
593 3579 626 3634 in
658 3579 815 3636 affluentia
836 3596 937 3636 rerum

113 3670 339 3743 temporalium,
356 3674 385 3725 ct
399 3673 472 3725 sunt
482 3668 635 3742 spiritales
649 3667 764 3724 divitiae
776 3669 809 3724 in
823 3684 938 3741 posses·

114 3761 199 3817 sione
213 3760 374 3815 virtutum.
389 3759 524 3830 Uterque
543 3772 614 3826 ergo
635 3757 718 3829 apud
739 3757 836 3812 Demn
853 3757 938 3812 dives

114 3865 179 3905 esse
196 3849 396 3904 convincitur.
416 3849 549 3919 Uterque
562 3862 580 3901 a
593 3862 687 3917 regno
702 3846 847 3902 coelorum
869 3861 937 3918 pro·

113 3937 247 4006 bibetur,
264 3940 293 3991 et
312 3936 361 3991 ille
375 3935 525 4004 videlicet,
539 3935 592 4006 qui
608 3934 829 4005 temporalibus
847 3933 940 4002 his,et

112 4025 258 4099 perituris
272 4025 361 4081 bonis
377 4022 694 4095 superfluoabundare
709 4021 940 4093 concupiscit,et

112 4115 163 4171 ille
175 4116 228 4188 qni
244 4114 333 4187 quasi
349 4127 496 4182 magnum
523 4110 640 4181 aliquid
659 4109 696 4164 de
722 4124 754 4164 εε
781 4109 939 4164 aestimans

114 4221 171 4260 sna
184 4221 215 4260 se
234 4203 349 4260 virtute
364 4200 512 4272 gloriatur
528 4203 618 4254 stare.
635 4197 693 4253 Sed
708 4198 799 4253 timor
815 4197 940 4252 Domini

115 4294 153 4349 ad
165 4299 298 4349 mentem
312 4290 449 4359 venicus,
465 4289 538 4345 dnm
550 4287 672 4361 pondus
682 4287 779 4341 futuri
789 4286 940 4341 exaruinis

116 4387 146 4439 et
161 4397 254 4453 <quam
266 4382 424 4437 districtus
439 4384 588 4435 venturus
613 4377 653 4431 sit
673 4375 768 4446 judex
792 4375 880 4430 nobis
909 4376 941 4432 in

115 4470 297 4541 cogitatione
313 4467 481 4538 anteponit,
498 4480 618 4520 omnem
633 4480 705 4520 mox
720 4467 846 4519 terrenae
872 4480 940 4519 con-

117 4556 312 4630 cupiscentiae
327 4554 558 4609 delectationem
573 4554 752 4625 exstinguit,
761 4559 790 4610 et
805 4558 942 4639 nostram

119 4641 942 4716 infirmitatemutiliteradmemoriamrevocans,quam

992 3515 1026 3554 ac
1040 3496 1149 3554 deinde
1163 3497 1263 3568 gratia
1278 3496 1416 3552 eumdem
1429 3496 1563 3552 animam
1577 3492 1665 3564 quasi
1675 3492 1741 3563 jam
1768 3489 1817 3544 de·

992 3589 1134 3644 faecatum
1149 3589 1178 3640 et
1193 3601 1305 3657 purum
1327 3601 1345 3639 a
1361 3584 1501 3640 sordibus
1528 3580 1657 3655 spiritali
1686 3578 1818 3633 delecta-

993 3677 1076 3732 tione
1090 3674 1256 3748 perfundit.

992 3764 1170 3822 CnnIILDe
1179 3763 1425 3834 prrtrefactioue
1435 3760 1559 3815 arboris
1574 3757 1746 3826 sapientire
1757 3771 1820 3825 per

1343 3854 1496 3906 dotorem.

1029 3943 1132 3999 Tertio
1147 3942 1332 4010 dictumest,
1356 3939 1438 4011 quod
1451 3954 1506 4012 per
1519 3937 1652 3994 dolorem
1677 3934 1818 3991 moritur.

994 4030 1079 4087 Sicut
1092 4030 1210 4086 semina
1222 4029 1393 4101 germinare
1408 4043 1471 4083 non
1483 4029 1624 4098 possunt,
1648 4023 1709 4079 uisi
1733 4023 1822 4095 prius

994 4122 1027 4177 in
1042 4125 1123 4176 terra
1135 4120 1422 4191 computrescant‚et
1435 4115 1568 4188 quodam
1583 4112 1673 4197 modo
1686 4112 1821 4167 morian·

995 4214 1056 4279 tur,
1072 4209 1116 4264 ita
1131 4223 1186 4263 nos
1199 4222 1321 4278 germen
1335 4207 1451 4261 bonnm
1475 4204 1609 4276 prolerre
1631 4217 1693 4257 non
1713 4215 1821 4273 possu-

995 4314 1074 4354 mus.
1091 4297 1152 4353 nisi
1167 4296 1252 4368 prius
1267 4293 1484 4368 persalubrem
1497 4290 1672 4364 quemdam,
1695 4293 1725 4343 rt
1743 4287 1821 4343 vivi-

995 4388 1085 4442 ticum
1101 4384 1235 4440 dolorem
1249 4383 1321 4438 huic
1335 4381 1450 4438 mundo
1465 4381 1642 4436 moriamur.
1659 4376 1753 4433 Dolor
1772 4375 1823 4431 hic

996 4480 1042 4531 est
1057 4475 1093 4530 de
1105 4473 1265 4547 paesentis
1276 4472 1347 4527 vitae
1360 4470 1520 4526 exsiliati
1531 4469 1608 4523 bena
1622 4470 1822 4539 postpercep·

997 4565 1110 4619 tionem
1126 4561 1243 4633 gratiae,
1259 4560 1344 4616 dolor
1355 4559 1502 4626 nascitur,
1519 4557 1592 4628 quia
1606 4561 1678 4611 tnnc
1696 4568 1766 4608 vere
1790 4553 1822 4607 in

997 4653 1111 4724 quibus
1125 4650 1214 4705 malis
1233 4648 1325 4705 simul
1340 4648 1546 4719 agnoscimuS,
1567 4643 1756 4717 quandoper
1781 4641 1824 4695 in·

118 4735 248 4792 huniilia
262 4733 299 4788 de
314 4732 403 4788 nobis
418 4731 529 4787 sentire
545 4731 709 4787 debeamus
725 4734 867 4789 ostendit.
889 4734 937 4788 So·
955 4763 983 4818 D
998 4741 1148 4796 fusionem
1171 4739 1283 4792 divinas
1310 4736 1417 4806 gratim
1442 4733 1610 4789 illuminati
1631 4729 1823 4786 dnlcedinem

118 4825 182 4899 pito
207 4822 315 4878 deinde
338 4827 523 4876 terrenorum
553 4821 772 4877 desideriorum
799 4825 939 4895 strepitu,

117 4915 262 4971 continuo
277 4927 363 4967 mens
385 4909 422 4964 ad
437 4910 570 4981 quietem
583 4911 711 4967 interme
725 4914 810 4987 pacis
824 4930 941 4988 compo

116 5005 211 5072 nitur,
228 5007 259 5058 et
272 5007 306 5058 ut
322 5016 417 5073 capax
432 5015 497 5055 esse
511 5001 609 5072 possit
624 5002 756 5060 coelestis
770 5008 939 5079 sapientias,

113 5110 151 5149 ex
164 5093 233 5164 ipsa
248 5108 303 5147 sna
317 5091 539 5164 tranquillitate
553 5098 755 5164 preparatur.
782 5093 941 5167 Sapientia

113 5183 194 5240 enim
211 5181 349 5237 habitare
364 5181 459 5236 nescit
470 5180 531 5234 nisi
544 5181 575 5234 in
587 5181 676 5236 corde
689 5182 857 5253 pacificant
870 5184 940 5241 ideo

112 5272 167 5342 illi,
185 5271 346 5343 inquibus
370 5269 469 5324 adhuc
485 5273 605 5323 terrena
632 5269 782 5324 desideria
810 5277 938 5342 perstre-

112 5365 201 5433 punt,
218 5376 286 5431 quae
303 5360 342 5414 sit
354 5357 504 5429 sapientia
520 5372 581 5412 non
604 5360 767 5412 noverunt.
795 5358 873 5413 Nam
901 5360 939 5414 si·

115 5453 166 5505 cnt
185 5449 294 5504 beatus
308 5446 365 5502 Job
383 5449 534 5501 testatur:
566 5445 649 5500 Mare
673 5444 811 5516 loquitur
839 5461 941 5503 secum

115 5553 177 5592 non
190 5552 255 5592 esse
268 5534 450 5606 sapientiam
472 5533 546 5602 (doti.
569 5532 694 5602 xxvru),
719 5533 793 5604 quia
813 5539 940 5606 mentes,

120 5639 198 5694 quas
229 5639 309 5679 curae
340 5620 475 5677 carnales
504 5619 671 5689 exagitant,
699 5635 772 5690 non,
808 5638 941 5697 compre·

120 5711 259 5770 handum
270 5727 348 5780 eam,
367 5709 420 5767 sed
433 5708 488 5782 qui
506 5707 679 5765 minoratur
693 5713 764 5767 actu
778 5711 843 5784 ipse
862 5714 943 5772 iuve-

995 4827 1201 4902 spiritnalium
1216 4829 1367 4882 bonorum
1382 4825 1577 4896 aliquatenus
1593 4821 1753 4890 degustare
1769 4836 1821 4874 va-

984 4913 1101 4975 lemus.
1112 4917 1199 4973 Unde
1209 4915 1353 4972 Salomon
1366 4914 1440 4969 dicit
1452 4931 1457 4967 :
1470 4912 1634 4974 Quiaddit
1644 4911 1822 4964 scientiam

994 5010 1092 5063 addit
1106 5011 1138 5062 et
1151 5005 1284 5062 dolorem
1296 5005 1446 5075 (Ecaten),
1459 5002 1640 5071 Quicunque
1658 4998 1740 5054 euim
1762 4997 1823 5068 spi·

995 5096 1154 5152 ritualium
1179 5095 1331 5149 bonorum
1358 5090 1549 5146 dulcedinem
1576 5102 1638 5142 non
1659 5088 1823 5153 noverunt,

994 5183 1128 5240 carnalis
1152 5180 1405 5254 concupiscentiae
1441 5176 1600 5250 passiones
1629 5173 1721 5229 etiam
1750 5175 1826 5228 tnnc

996 5275 1183 5328 amanteum
1199 5270 1348 5340 affligunt,
1366 5267 1521 5323 etidcirco
1535 5263 1635 5334 gratia
1650 5277 1701 5318 cor
1714 5277 1827 5333 praeve

996 5361 1042 5417 nit
1056 5365 1090 5416 nt
1106 5359 1216 5415 excitet
1229 5357 1317 5427 illud,
1339 5361 1374 5411 ut
1392 5356 1538 5427 agnoscat
1561 5352 1653 5408 houm
1679 5349 1824 5406 exsilium

997 5465 1097 5519 sunm,
1113 5452 1142 5504 et
1158 5448 1229 5504 llere
1244 5446 1340 5502 discat
1354 5442 1435 5500 mala
1453 5457 1521 5514 quae
1545 5439 1664 5496 tolerat.
1687 5438 1727 5494 Et
1752 5437 1825 5493 inde

996 5542 1052 5607 est,
1066 5537 1148 5610 qnod
1163 5542 1232 5609 post
1247 5539 1405 5591 accentum
1416 5532 1531 5588 donum
1548 5529 1655 5600 gratiae
1675 5527 1826 5582 continuo

997 5642 1082 5683 triens
1093 5625 1131 5681 ad
1144 5624 1280 5680 lamenta
1292 5620 1536 5690 solvitur,dolore
1552 5617 1689 5690 pascitur
1699 5615 1825 5672 fletibus

996 5715 1206 5784 delectatur,et
1220 5716 1305 5770 tanto
1317 5712 1382 5784 jam
1396 5706 1633 5782 impatientibus
1647 5705 1730 5762 mala
1751 5721 1826 5779 pree·
