3742 6082
68 181 125 241 457

569 183 624 242 DE
642 182 931 243 sncmmnnrle.
952 182 1061 243 LIBRI
1078 183 1109 242 11
1126 184 1227 246 PARS
1244 185 1295 246 VI.

1628 251 1634 259 ,
1722 191 1779 251 458

67 312 123 365 tur
136 308 298 365 exorcismi
311 310 344 364 in
356 310 439 366 huno
452 311 578 367 modum
603 313 767 387 perficitur.
791 314 896 385 Signa·
908 313 935 369 A
949 313 1023 368 tatis
1037 315 1151 385 pannis
1165 314 1389 384 obfuscaverat,
1404 313 1514 370 habitu
1525 318 1775 388 regenerationis,

70 397 443 469 turprimobaptizandus
455 400 553 454 crucis
568 400 725 471 signaculo
740 402 772 456 in
787 402 897 472 fronte,

68 487 103 540 in
117 490 248 556 pectore,
262 487 295 540 in
317 486 423 555 oculis,
445 488 478 541 in
500 489 637 557 naribus,
667 491 699 545 in
714 490 852 559 auribus,
865 491 898 545 in

69 588 132 639 ore,
146 577 181 628 ut
196 574 289 628 totius
310 575 444 646 corporis
456 590 564 630 sensus
578 577 634 631 hoc
655 577 813 648 signaculo
834 594 899 633 mu-

69 661 208 727 niantur,
224 661 312 731 cujus
331 662 444 717 virtute
461 664 564 717 omnia
579 666 685 718 nostra
709 669 899 721 sacramenta

69 748 273 820 complentur,
288 753 318 804 et
332 752 436 806 omnia
451 752 565 806 diaboli
579 753 725 822 figmenta
754 754 899 809 frustran-

70 839 132 891 tur.
150 836 260 891 Postea
274 837 365 892 datur
379 838 424 893 sal
448 839 641 896 benedictum
660 841 693 896 in
709 856 743 896 os
757 842 832 911 eJus,
861 845 897 897 ut

69 925 224 996 sapientia
241 926 382 980 conditus
407 927 502 982 ietore
524 933 626 983 careat
654 928 838 1000 iniquitatis,
870 933 899 983 et

70 1013 153 1068 ultra
167 1029 227 1067 non
242 1017 398 1084 putrescat
413 1032 431 1069 a
443 1017 598 1072 vermibus
609 1019 764 1073 vltiorum.
781 1018 897 1073 Deinde

69 1100 255 1156 exsufflatur
278 1101 432 1172 malignus
457 1103 555 1173 fortis,
569 1110 604 1159 ut
633 1106 761 1176 spiritus
790 1106 899 1176 spiritu

68 1188 214 1260 pellatur.
232 1188 341 1244 Postea
355 1193 526 1260 tanguntur
540 1193 567 1246 ei
583 1208 672 1248 aures
685 1197 714 1248 et
727 1208 816 1248 nares
829 1192 899 1247 sali·

68 1293 121 1345 va,
143 1280 180 1330 ut
201 1279 283 1332 tactu
308 1293 448 1350 supernae
472 1281 641 1351 sapientiae,
663 1285 693 1336 et
719 1296 807 1337 aures
834 1283 899 1353 ejus

69 1365 250 1437 aperiantur
263 1365 302 1421 ad
316 1367 502 1422 audiendum
517 1370 645 1425 verbum
658 1370 725 1439 Dei,
755 1374 784 1425 et
810 1386 900 1426 nares

954 401 1058 471 gloriae
1066 403 1209 473 praeferat
1222 402 1447 459 indumentum.
1464 405 1591 474 Tegitur
1604 405 1696 461 etiam
1707 412 1777 478 post

955 506 1072 545 sacram
1087 491 1262 545 unctionem
1275 492 1340 560 ejus
1351 496 1442 563 caput
1464 507 1549 548 sacro
1563 491 1724 561 velamine,
1740 499 1776 551 ut
1829 478 1835 486 ’

954 578 1106 648 intelligat
1122 594 1152 633 se
1167 578 1432 649 diademateregni
1446 583 1476 634 et
1492 579 1672 635 sacerdotali
1685 580 1780 651 digni·

955 669 1018 719 tate
1029 666 1130 736 potiri.
1145 664 1193 720 Ad
1205 665 1348 720 ultimum
1364 666 1455 720 datur
1469 681 1572 731 cereus
1589 682 1734 722 accensus
1745 669 1779 723 in

955 767 1082 806 manum
1106 752 1182 822 ejus,
1206 757 1359 824 quatenus
1382 752 1508 825 implere
1532 753 1676 809 doceatur
1701 754 1779 810 illud

954 840 1162 910 evangelicum
1177 856 1237 911 quc
1252 842 1363 896 dicitur
1379 844 1450 895 :Sic
1471 844 1579 896 luceat
1595 844 1655 896 lua
1669 846 1778 897 uestra

956 943 1066 983 coram
1085 930 1270 983 homiuibus
1286 933 1323 982 ut
1345 930 1479 982 videant
1491 934 1599 983 vestra
1612 930 1694 984 borea
1709 944 1776 998 ope·

955 1033 1006 1083 ra,
1024 1022 1055 1071 et
1067 1017 1257 1088 uclarificem.
1271 1018 1404 1070 Patrem
1420 1019 1628 1085 vestrumqui
1639 1020 1675 1071 in
1691 1019 1779 1073 coelie

954 1111 1002 1162 eet
1014 1108 1140 1177 (Marta.
1157 1106 1199 1176 v).
1222 1105 1311 1160 Hanc
1331 1105 1427 1175 igliur
1440 1105 1612 1176 lampadem
1638 1105 1665 1159 si
1678 1105 1779 1160 inexs-

956 1194 1150 1266 tinguibilem
1173 1193 1349 1262 servaverit,
1375 1193 1604 1263 intervirgines
1627 1193 1779 1265 sapientes

956 1299 1025 1339 cum
1038 1299 1150 1355 sponso
1166 1283 1279 1338 coelesti
1294 1283 1333 1338 ad
1345 1283 1455 1356 nuptia
1468 1282 1619 1337 introibit.

1169 1371 1243 1427 Car.
1264 1371 1331 1427 XH.
1348 1374 1392 1426 De
1406 1371 1565 1440 patricie.

69 1454 213 1510 similiter
227 1455 266 1510 ad
277 1454 510 1512 discernendum
519 1458 641 1513 odorem
656 1459 728 1514 vitae
744 1461 775 1513 et
788 1459 897 1514 mortis
991 1460 1108 1515 Patr-ini
1122 1462 1272 1515 vocantur
1290 1460 1344 1531 qui
1367 1458 1512 1531 parvulos
1539 1456 1578 1512 ad
1591 1457 1780 1529 baptismum

69 1543 137 1598 Hoc
154 1545 201 1597 est
214 1547 440 1600 sacramentum
458 1547 625 1617 apertionis
638 1547 720 1619 quod
744 1547 897 1603 Dominus
956 1549 1097 1616 atterunt,
1114 1552 1144 1602 et
1159 1563 1213 1619 pro
1226 1548 1301 1619 ipsis
1319 1547 1495 1619 spondendo
1510 1547 1600 1618 quasi
1623 1545 1779 1617 fidejusso-

69 1631 103 1684 in
128 1630 295 1700 Evangelio
311 1632 504 1702 significant,
518 1634 641 1706 quando
661 1651 751 1690 aures
765 1639 795 1689 et
809 1651 843 1689 os
857 1639 898 1690 te·
914 1638 939 1693 B
954 1636 1047 1690 resad
1054 1636 1153 1691 Deum
1166 1635 1255 1689 liunt.
1265 1635 1306 1689 Hi
1319 1638 1480 1706 propterea
1490 1634 1605 1706 patrini
1619 1636 1779 1702 vocantur,

72 1718 143 1788 tigit
156 1719 241 1774 surdi
255 1723 285 1775 et
300 1721 396 1788 muti,
413 1721 516 1776 dicens
532 1738 540 1789 3
556 1724 732 1791 Ephpbeta,
752 1726 837 1793 quod
852 1728 901 1778 eet
954 1725 1028 1797 quia
1053 1722 1274 1795 regenerandos
1289 1721 1328 1777 ad
1354 1723 1450 1777 vitam
1474 1737 1586 1777 novam
1607 1721 1738 1777 offerunt
1752 1723 1783 1775 et

72 1809 250 1874 adaperire
266 1809 376 1878 (Marc.
390 1810 457 1879 vn).
955 1812 1180 1884 quodammodo
1196 1816 1335 1868 auctores
1349 1813 1428 1867 finnt
1451 1813 1551 1884 ipsius
1578 1810 1779 1882 regeneratio·

72 1892 147 1948 Car.
160 1892 222 1964 ,xi
238 1897 282 1949 De
306 1897 357 1949 his
376 1912 448 1965 quta
466 1902 540 1965 post
564 1891 838 1955 ercorciratioaera
854 1914 900 1954 ee·
955 1902 1004 1956 nis
1019 1917 1115 1956 novae.
1131 1900 1177 1956 De
1191 1900 1305 1970 quibus
1320 1900 1435 1971 placuit
1449 1899 1592 1971 patribus
1602 1903 1639 1953 ut
1652 1913 1707 1971 per
1719 1897 1782 1952 siu·

288 1990 440 2052 quantur
464 1987 500 2039 iu
516 1987 685 2053 baptismo,
956 1989 1043 2060 gulos
1057 1988 1257 2060 baptizandos
1272 1989 1387 2060 patrini
1397 1986 1512 2057 singuli
1534 1987 1779 2055 admitterentur,

109 2070 169 2125 His
184 2085 255 2139 ergo
269 2071 438 2143 completis,
457 2073 543 2127 venit
557 2073 697 2128 sacerdos
709 2074 747 2128 ad
760 2074 876 2130 fontem
893 2092 899 2129 :
955 2078 988 2134 id
1001 2081 1047 2132 est
1060 2092 1141 2132 unus
1156 2080 1288 2144 tantum,
1304 2076 1367 2131 eive
1381 2076 1428 2129 vir
1443 2075 1506 2129 sive
1520 2073 1639 2128 mulier.
1656 2073 1779 2143 Propte-

75 2162 273 2213 consecratur
287 2160 357 2214 ione
368 2163 408 2214 la
433 2164 566 2216 naariae
581 2164 704 2230 Patris,
721 2168 753 2218 et
766 2165 859 2232 Filii,
871 2168 902 2218 et
956 2182 1009 2221 rea
1023 2165 1164 2220 fortassis
1180 2180 1217 2219 ne
1228 2163 1397 2236 spiritualis
1413 2162 1564 2231 cognatio,
1580 2160 1630 2215 cui
1642 2175 1780 2215 reveren·

74 2248 203 2315 Spiritu
219 2251 329 2302 sarecti
343 2264 351 2316 3
367 2252 403 2303 ut
418 2250 565 2304 sanctitas
586 2252 769 2307 sacramenti
784 2267 845 2306 non
866 2266 903 2306 ex

73 2350 109 2389 eo
125 2335 179 2405 qui
190 2335 357 2404 ministrat,
373 2337 426 2392 sed
441 2353 478 2391 ex
492 2353 527 2392 eo
537 2339 591 2410 qui
606 2340 776 2394 sanctificat
788 2343 904 2394 consta·

74 2437 108 2475 re
123 2423 248 2491 sciatur,
265 2423 345 2478 sicut
362 2425 509 2497 scriptum
527 2430 580 2481 est:
598 2429 658 2482 Hic
670 2432 718 2481 est
732 2429 790 2496 qui
805 2428 904 2495 bapti·

72 2515 130 2565 zat
144 2512 249 2581 (Joau.
264 2511 297 2580 ι).
314 2512 362 2567 Sta
378 2513 459 2567 enim
474 2529 528 2568 nec
543 2530 561 2567 a
575 2515 656 2569 bono
673 2514 783 2569 melius
800 2515 902 2583 datur,

73 2614 130 2654 nec
145 2615 163 2653 a
178 2598 260 2653 malo
274 2601 362 2671 pejus
378 2601 536 2673 accipitur,
551 2603 625 2674 quia
643 2604 790 2658 sanctitas
806 2619 903 2658 sacra·

74 2687 172 2741 menti
187 2703 249 2741 non
264 2688 297 2742 in
314 2689 422 2742 merito
441 2689 695 2758 ministrantium,
715 2690 768 2746 sed
786 2692 819 2745 in
848 2691 904 2745 Dei

76 2775 298 2830 sanctificantis
321 2777 436 2831 virtute
460 2778 623 2847 perficitur.
641 2779 786 2833 Traditur
810 2779 902 2833 etiam

958 2255 1033 2309 tiam
1046 2254 1188 2308 exhibere
1203 2253 1374 2324 oportebat,
1389 2250 1505 2322 passim
1523 2249 1645 2315 diffusa,
1658 2247 1692 2302 iu
1715 2262 1779 2302 ma·

958 2342 1095 2397 trimonii
1118 2340 1227 2412 copula
1241 2341 1346 2395 obesse
1374 2338 1534 2410 potuisset.
1557 2335 1615 2391 Sed
1640 2335 1782 2407 maedam

958 2430 1098 2486 Ecclesiae
1111 2429 1191 2484 hanc
1204 2427 1455 2484 consuetudinem
1479 2440 1540 2481 non
1565 2426 1699 2492 servant,
1714 2422 1783 2494 plu·

959 2534 1006 2574 res
1030 2518 1069 2571 ad
1093 2517 1317 2588 susceptionem
1344 2514 1544 2586 parvulorum
1574 2512 1781 2566 admittentes.

958 2608 1024 2664 Hoc
1039 2606 1181 2661 similiter
1191 2605 1343 2660 sancitum
1356 2607 1413 2671 est,
1429 2605 1464 2656 ut
1477 2601 1571 2656 alium
1586 2601 1619 2654 in
1630 2600 1785 2671 baptismo

959 2696 1008 2751 vel
1021 2697 1053 2751 in
1065 2695 1239 2762 chrismate,
1256 2694 1312 2747 hoc
1325 2695 1372 2746 est
1391 2689 1631 2755 confirmatione,
1647 2688 1680 2741 in
1706 2687 1781 2742 filio·

959 2785 1023 2839 lum
1039 2799 1101 2838 non
1112 2782 1270 2854 suscipiat,
1283 2781 1310 2835 is
1322 2780 1375 2850 qui
1390 2778 1565 2850 baptizatus
1586 2790 1647 2829 non
1662 2777 1708 2829 est
1735 2773 1784 2830 vel

77 2879 165 2918 novae
178 2864 251 2919 vitae
279 2864 471 2919 auditoribus
485 2866 659 2936 symbolum
682 2867 762 2936 fidei,
786 2868 818 2922 in
844 2883 905 2938 quo
960 2872 1166 2927 confirmatus.
1183 2869 1300 2924 Sednec
1315 2865 1457 2922 monachi
1469 2866 1638 2934 compatres
1648 2863 1785 2916 autcom·

77 2950 254 3022 apostolicae
278 2952 423 3007 doctrinae
447 2954 545 3008 torma
568 2955 717 3010 consistit.
748 2956 905 3010 Postremo
924 2951 1074 3015 Cmatres
1086 2960 1184 3013 lacere
1192 2959 1331 3029 possunt,
1348 2955 1462 3027 quibus
1476 2949 1624 3022 ejusmodi
1639 2963 1784 3004 commer·
1810 3020 1814 3025 .

78 3039 202 3095 oblatus
215 3040 254 3095 ad
278 3041 467 3112 baptismum
481 3043 639 3114 parvulus,
656 3047 685 3097 et
700 3045 907 3113 interrogatus
962 3050 1008 3103 cia
1022 3047 1244 3102 familiaritatis
1258 3044 1468 3115 prohibentur.
1486 3040 1604 3096 PatrIni
1627 3037 1783 3108 fidejusso-

78 3145 98 3183 a
113 3128 269 3184 sacerdote
281 3146 321 3184 an
336 3131 531 3186 abrenuntiet
563 3131 694 3200 Satanas,
712 3134 741 3186 et
763 3132 907 3187 omnibus
962 3152 1010 3191 res
1024 3140 1107 3204 sunt,
1127 3149 1182 3205 pro
1196 3134 1235 3188 iis
1256 3131 1339 3203 quod
1360 3132 1392 3185 in
1407 3129 1560 3201 baptismo
1576 3129 1784 3197 susceperuut,

81 3217 227 3289 operibus
243 3219 319 3288 ejus,
336 3222 428 3290 atque
450 3219 593 3274 omnibus
605 3220 725 3291 pompis
754 3221 829 3290 ejus,
855 3236 908 3291 per
962 3228 997 3279 ut
1012 3239 1073 3292 eos,
1098 3238 1167 3277 cum
1182 3221 1221 3275 ad
1235 3220 1404 3290 legitimam
1432 3221 1553 3271 aetatem
1580 3213 1783 3286 pervenerint,

81 3321 137 3360 ora
152 3307 341 3375 gestantium
361 3308 531 3378 respondet,
549 3312 584 3362 ut
598 3309 669 3379 quis
684 3308 783 3363 aliena
795 3309 907 3379 iniqui·
961 3313 1146 3367 admoneant
1159 3310 1249 3365 tidem
1271 3312 1384 3364 rectam
1406 3310 1436 3361 et
1456 3304 1717 3360 conversationem
1732 3301 1785 3357 bc-

81 3398 144 3448 tate
156 3394 312 3464 obligatus
327 3400 383 3464 est,
400 3396 499 3449 aliena
511 3396 569 3450 tide
584 3400 614 3451 et
641 3397 832 3452 confessione
849 3397 906 3452 sal·
962 3416 1032 3455 nam
1048 3398 1209 3454 custodire.
1225 3397 1305 3453 Ante
1321 3396 1424 3451 omnia
1442 3392 1615 3465 symbolum
1631 3395 1660 3446 et
1673 3389 1783 3446 oratio·

81 3486 184 3538 vatur.
201 3484 275 3538 Post
304 3484 604 3540 abrenuntiationem
630 3486 753 3554 iactam,
782 3486 908 3555 ungitur
961 3504 1030 3544 nem
1046 3488 1238 3543 DomInicam
1263 3486 1322 3559 ipsi
1344 3487 1479 3550 teneant,
1495 3486 1525 3537 et
1545 3482 1588 3535 eis
1614 3479 1783 3546 insinuent,

80 3571 147 3626 oleo
164 3573 295 3627 sacroin
309 3577 429 3643 pectore
450 3578 598 3645 tanquam
620 3574 780 3628 muniatur
802 3573 907 3628 adver·
960 3593 1015 3649 pro
1028 3592 1160 3648 quorum
1175 3575 1234 3629 fide
1249 3574 1444 3645 sponsionem
1456 3571 1604 3625 iecerunt.

81 3676 135 3715 sus
161 3661 292 3730 hostem,
321 3677 358 3715 ne
385 3663 411 3716 ei
437 3663 578 3733 deinceps
599 3662 759 3716 immunda
773 3665 803 3716 et
816 3663 908 3718 noxia
1114 3664 1187 3718 Can.
1204 3661 1287 3715 XIII.
1303 3663 1347 3714 De
1361 3659 1627 3726 rebaptizatione.

80 3749 265 3820 persuadere
279 3751 386 3820 possit.
404 3750 534 3820 Ungiter
549 3754 579 3805 et
593 3751 673 3804 inter
687 3750 837 3822 scapulas,
853 3751 908 3806 ubi
996 3750 1161 3818 Apostolus
1176 3751 1266 3804 dicii:
1288 3751 1374 3802 Unus
1389 3751 1482 3813 Deus,
1500 3759 1569 3799 urta
1583 3745 1784 3815 Mamurium

80 3837 170 3905 vigor
185 3837 328 3907 portandi
345 3838 444 3909 operis
456 3842 512 3906 est,
539 3842 572 3893 ut
598 3838 809 3894 fortitudinem
837 3840 910 3894 acci·
962 3843 1124 3909 baptisma
1136 3840 1259 3907 (Ephes.
1277 3842 1327 3904 ιν).
1340 3835 1427 3901 Quod
1442 3849 1512 3903 ergo
1529 3848 1634 3900 unum,
1653 3830 1784 3901 gemina·

79 3924 147 3995 piat
166 3924 205 3978 ad
218 3926 404 3996 portandum
420 3942 498 3981 onus
513 3927 646 3981 Domini.
670 3926 787 3982 Deinde
816 3927 908 3982 inter·
963 3931 1062 3985 rinon
1076 3931 1187 3999 potest,
1202 3919 1670 3998 quaproptervalderationabili
1680 3918 1783 3974 defini·

81 4017 209 4082 rogatur
223 4029 263 4068 an
278 4016 381 4069 credat
394 4016 427 4070 in
438 4015 536 4070 Deum
550 4017 682 4084 Patrem,
699 4019 729 4070 et
744 4015 867 4084 Filium,
879 4018 910 4071 et
963 4019 1045 4073 tione
1058 4032 1077 4070 a
1099 4016 1213 4072 sanctis
1229 4014 1373 4070 Patribus
1391 4012 1570 4066 institutum
1585 4013 1641 4078 est,
1666 4012 1702 4063 ut
1729 4007 1784 4079 qui

80 4100 231 4172 Spiritum
248 4106 398 4171 sanctum,
416 4119 510 4158 uuam
524 4119 589 4159 esse
602 4105 769 4159 Ecclesiam
783 4103 909 4158 catholi·
964 4105 1055 4161 semel
1068 4105 1215 4176 baptismi
1230 4104 1455 4157 sacramentum
1467 4099 1637 4171 percepisse
1661 4111 1785 4168 cognos-

79 4190 372 4257 cam,remissionem
386 4195 579 4263 peccatorum
595 4198 625 4247 et
640 4193 736 4247 vitam
751 4195 907 4248 aeternam.
963 4196 1051 4263 citur,
1068 4194 1153 4249 nulla
1167 4193 1284 4247 ratione
1298 4191 1376 4246 illud
1396 4191 1507 4245 iterato
1531 4189 1661 4259 accipiat
1673 4188 1737 4242 sive
1753 4187 1786 4242 in

78 4276 144 4332 Sub
160 4277 218 4333 hac
232 4279 328 4349 igitur
342 4280 412 4335 fidei
428 4282 634 4352 responsione,
650 4283 732 4337 trina
758 4281 909 4336 mersione
924 4296 951 4351 D
964 4283 1107 4351 Ecclesia,
1123 4283 1187 4337 sive
1202 4284 1290 4335 extra
1300 4279 1476 4346 Ecclesiam,
1492 4278 1549 4332 hoc
1563 4279 1610 4330 est
1625 4291 1644 4329 a
1656 4274 1788 4330 Catholi-

79 4381 98 4419 a
113 4366 257 4421 sordibus
267 4370 431 4423 vetustatis
456 4369 604 4438 abluitur,
619 4374 648 4425 et
677 4386 791 4426 novum
810 4370 907 4424 homi·
963 4387 1008 4439 ca,
1024 4372 1088 4426 sive
1103 4371 1142 4424 ab
1165 4368 1317 4434 haeretice,
1344 4367 1407 4421 sive
1431 4365 1562 4435 denique
1576 4379 1595 4416 a
1615 4362 1706 4431 fideli,
1722 4363 1787 4418 sive

78 4468 151 4508 nem
167 4454 295 4510 indutus
305 4457 556 4513 triduanaemorti
567 4459 682 4512 Christi
695 4458 908 4529 consepelitur,

79 4543 163 4596 sicut
177 4543 222 4597 ait
236 4543 402 4613 Apostolus
419 4563 424 4600 :
440 4549 630 4616 Quicunque
646 4550 682 4600 ia
697 4549 822 4602 Christo
835 4549 907 4614 bap·

79 4631 181 4684 tizati
199 4647 327 4700 sumus,
344 4635 380 4687 iu
403 4640 505 4690 morte
531 4637 636 4703 ipsius
666 4637 827 4704 baptisati
852 4650 904 4689 su·

80 4733 167 4773 mus.
183 4720 368 4789 Consepulti
392 4726 480 4778 euim
496 4741 612 4779 sumus
625 4740 699 4780 curu
715 4727 839 4779 Christo
850 4739 911 4792 per

79 4808 283 4875 baptismum
297 4811 333 4862 ia
351 4817 498 4881 mortem,
516 4817 553 4867 ut
575 4816 733 4881 quomodo
762 4814 910 4867 Christus

80 4899 303 4952 resurreoetta
319 4902 469 4969 rnortuie,
497 4903 591 4956 itaet
617 4917 675 4956 uos
702 4903 738 4954 ia
766 4903 911 4956 novitate

80 4985 160 5039 vitae
175 4986 380 5041 ambulemus
395 4989 494 5057 (Rom.
516 4989 572 5059 vr).
585 4989 680 5043 Trina
696 4989 777 5044 enim
789 4990 910 5044 Immer-

79 5071 140 5141 sio,
155 5072 238 5128 trina
252 5078 298 5129 eet
307 5076 516 5145 cogitationis,
531 5075 696 5131 locutionis
720 5080 749 5131 et
761 5078 910 5148 operatio·

79 5162 133 5216 nis
145 5161 335 5218 emundatio.
358 5163 524 5235 Completis
534 5168 637 5220 autem
651 5165 799 5236 baptismi
812 5181 910 5220 sacra·

79 5250 207 5320 mentis,
224 5254 388 5323 postquam
403 5253 578 5324 baptIzatus
593 5254 707 5308 atonte
719 5253 913 5321 escenditae-

78 5354 132 5393 cro
150 5338 317 5394 chrismate
347 5342 379 5396 in
412 5343 525 5397 vertice
549 5343 685 5411 ungitur,
708 5344 743 5395 ut
768 5342 911 5412 spiritum

77 5425 197 5481 Christi
213 5429 428 5500 partiprando
441 5431 550 5484 mento
561 5431 703 5501 deinceps
715 5428 912 5485 Christianus

78 5514 264 5587 appelletur,
277 5517 410 5572 cohaeres
424 5518 510 5587 regni
526 5522 558 5573 et
568 5517 673 5587 gloriae
693 5532 779 5571 sacra
793 5518 911 5573 unctio·

78 5618 119 5658 ne
144 5602 282 5659 effectus.
311 5604 430 5660 Exinde
455 5605 587 5660 traditur
615 5604 790 5659 Christiano
816 5606 911 5660 vestis

76 5691 270 5762 candidiani
282 5695 336 5765 qui
351 5694 458 5767 primae
471 5693 644 5750 nativitatis
659 5693 796 5750 decorem
811 5697 912 5750 vetus-

963 4461 1002 4515 ab
1015 4458 1141 4527 infideli,
1169 4458 1379 4528 cujuscunque
1393 4453 1588 4520 conditionis,
1601 4452 1714 4520 aetatis,
1729 4454 1783 4506 aut

964 4562 1195 4621 sexuspersona
1208 4545 1285 4600 illud
1299 4544 1458 4616 acceperit,
1480 4541 1570 4597 modo
1594 4544 1717 4596 tantum
1741 4555 1784 4594 se·

964 4638 1098 4693 cundum
1119 4639 1233 4691 rectam
1259 4634 1408 4690 Catholici
1430 4632 1626 4703 baptIsmatis
1654 4631 1785 4685 sormam

965 4725 1122 4797 acceperit,
1138 4727 1239 4778 ratum
1254 4726 1394 4778 constare
1408 4720 1540 4789 debebit,
1554 4734 1609 4773 nec
1623 4716 1687 4773 ulla
1701 4717 1790 4773 ratio·

964 4828 1002 4868 ne
1017 4812 1128 4885 poterit
1142 4811 1256 4866 iterari.
1273 4808 1446 4875 Quodenim
1462 4806 1788 4878 bonumaccepit,qua-

965 4918 996 4956 re
1011 4903 1125 4955 bonum
1138 4914 1201 4953 non
1211 4896 1364 4968 Judicetur
1377 4896 1498 4951 etiamsi
1512 4895 1618 4950 abono
1632 4910 1696 4950 non
1708 4909 1790 4949 acce·

964 4990 1010 5061 pit
1022 4987 1036 5041 t
1050 4988 1120 5043 Non
1134 4987 1216 5042 enim
1225 4985 1309 5040 illius
1322 4989 1387 5040 erat
1402 5000 1420 5038 a
1443 4998 1505 5056 quo
1528 4984 1654 5055 accepit,
1669 4982 1719 5038 vel
1740 4996 1791 5056 pc·

965 5079 1028 5134 tius
1039 5093 1094 5149 per
1109 5091 1198 5148 quem
1213 5075 1338 5147 accepit,
1354 5074 1407 5145 qui
1421 5073 1522 5129 bonus
1535 5088 1597 5129 non
1612 5072 1683 5141 fuit,
1699 5071 1751 5126 sed
1758 5070 1792 5126 il·

964 5166 1025 5222 lius
1039 5167 1072 5220 in
1087 5165 1174 5236 quus
1189 5164 1313 5219 nomine
1334 5163 1450 5234 accepit
1468 5162 1522 5234 qni
1545 5176 1664 5233 semper
1677 5159 1788 5228 bonus,

965 5255 1080 5310 malum
1096 5254 1169 5308 dare
1183 5269 1244 5308 non
1256 5252 1366 5325 potuit.
1384 5253 1511 5324 Propter
1523 5252 1580 5307 hoc
1595 5264 1645 5304 eos
1671 5248 1725 5318 qui
1750 5246 1791 5301 ab

966 5344 1116 5401 haereticis
1141 5344 1174 5398 in
1199 5342 1321 5397 nomine
1344 5341 1505 5396 Trinitatis
1533 5335 1680 5409 baptizati
1706 5335 1798 5404 sunt,¹

966 5451 1034 5491 cum
1050 5434 1089 5489 ad
1107 5434 1258 5489 unitatem
1274 5430 1415 5487 Ecclesiae
1429 5429 1557 5484 redeunt
1583 5439 1645 5479 non
1660 5420 1792 5492 rebapti-

967 5525 1039 5594 zari,
1056 5522 1168 5580 sedvel
1180 5522 1323 5577 unctione
1335 5517 1520 5583 chrismatis,
1535 5513 1584 5569 vel
1596 5509 1794 5582 impositione

966 5629 1077 5668 manus
1101 5611 1290 5667 reconciliari
1311 5606 1467 5663 catholicas
1496 5599 1636 5656 Ecclesia
1661 5598 1790 5670 antiqua

966 5702 1093 5758 Petrum
1108 5699 1233 5756 traditio
1257 5696 1405 5763 instituit,
1422 5693 1502 5747 sicut
1513 5688 1631 5764 pridem
1655 5689 1800 5750 manee,
