<?xml version="1.0" encoding="UTF-8"?>
<!DOCTYPE html PUBLIC "-//W3C//DTD XHTML 1.0 Transitional//EN"
    "http://www.w3.org/TR/xhtml1/DTD/xhtml1-transitional.dtd">
<html xmlns="http://www.w3.org/1999/xhtml" xml:lang="en" lang="en">
 <head>
  <title>
</title>
<meta http-equiv="Content-Type" content="text/html;charset=utf-8" />
  <meta name='ocr-system' content='tesseract 3.04.00' />
  <meta name='ocr-capabilities' content='ocr_page ocr_carea ocr_par ocr_line ocrx_word'/>
</head>
<body>
  <div class='ocr_page' id='page_1' title='image "./patrologiaecurs05migngoog_0498.png"; bbox 0 0 3742 6082; ppageno 0'>
   <div class='ocr_carea' id='block_1_1' title="bbox 60 175 1772 257">
    <p class='ocr_par' dir='ltr' id='par_1_1' title="bbox 60 175 1772 257">
     <span class='ocr_line' id='line_1_1' title="bbox 60 175 1772 257; baseline -0.002 -12"><span class='ocrx_word' id='word_1_1' title='bbox 60 192 114 246; x_wconf 82' lang='lat' dir='ltr'>ere</span> <span class='ocrx_word' id='word_1_2' title='bbox 704 182 749 241; x_wconf 88' lang='lat' dir='ltr'>nn</span> <span class='ocrx_word' id='word_1_3' title='bbox 776 176 893 237; x_wconf 78' lang='lat' dir='ltr'>muna</span> <span class='ocrx_word' id='word_1_4' title='bbox 911 175 1128 243; x_wconf 72' lang='lat' dir='ltr'>mannans.</span> <span class='ocrx_word' id='word_1_5' title='bbox 1717 200 1772 257; x_wconf 57' lang='lat' dir='ltr'>a„</span> 
     </span>
    </p>
   </div>
   <div class='ocr_carea' id='block_1_2' title="bbox 10 305 1860 3868">
    <p class='ocr_par' dir='ltr' id='par_1_2' title="bbox 58 305 1772 394">
     <span class='ocr_line' id='line_1_2' title="bbox 58 305 1772 394; baseline 0.005 -25"><span class='ocrx_word' id='word_1_6' title='bbox 58 330 113 387; x_wconf 89' lang='lat' dir='ltr'>per</span> <span class='ocrx_word' id='word_1_7' title='bbox 127 311 315 369; x_wconf 89' lang='lat' dir='ltr'>dilectionem</span> <span class='ocrx_word' id='word_1_8' title='bbox 328 309 433 379; x_wconf 87' lang='lat' dir='ltr'>curris,</span> <span class='ocrx_word' id='word_1_9' title='bbox 449 314 478 366; x_wconf 92' lang='lat' dir='ltr'>et</span> <span class='ocrx_word' id='word_1_10' title='bbox 497 324 552 383; x_wconf 92' lang='lat' dir='ltr'>per</span> <span class='ocrx_word' id='word_1_11' title='bbox 572 306 763 365; x_wconf 87' lang='lat' dir='ltr'>dilectionem</span> <span class='ocrx_word' id='word_1_12' title='bbox 783 315 888 376; x_wconf 81' lang='lat' dir='ltr'>appre-</span> <span class='ocrx_word' id='word_1_13' title='bbox 903 338 928 393; x_wconf 58' lang='lat' dir='ltr'>A</span> <span class='ocrx_word' id='word_1_14' title='bbox 945 310 994 360; x_wconf 82' lang='lat' dir='ltr'>aet</span> <span class='ocrx_word' id='word_1_15' title='bbox 1009 305 1040 377; x_wconf 85' lang='grc' dir='ltr'>(Ι</span> <span class='ocrx_word' id='word_1_16' title='bbox 1048 309 1136 367; x_wconf 81' lang='lat' dir='ltr'>Joan.</span> <span class='ocrx_word' id='word_1_17' title='bbox 1153 316 1202 375; x_wconf 83' lang='lat' dir='ltr'>iv).</span> <span class='ocrx_word' id='word_1_18' title='bbox 1219 313 1337 372; x_wconf 83' lang='lat' dir='ltr'>Obana</span> <span class='ocrx_word' id='word_1_19' title='bbox 1351 316 1490 390; x_wconf 78' lang='lat' dir='ltr'>charitas,</span> <span class='ocrx_word' id='word_1_20' title='bbox 1504 334 1662 394; x_wconf 83' lang='lat' dir='ltr'>perquam</span> <span class='ocrx_word' id='word_1_21' title='bbox 1675 325 1772 381; x_wconf 62' lang='lat' dir='ltr'>Mun</span> 
     </span>
    </p>

    <p class='ocr_par' dir='ltr' id='par_1_3' title="bbox 58 392 1772 483">
     <span class='ocr_line' id='line_1_3' title="bbox 58 392 1772 483; baseline 0.007 -25"><span class='ocrx_word' id='word_1_22' title='bbox 58 402 177 459; x_wconf 79' lang='lat' dir='ltr'>heridis.</span> <span class='ocrx_word' id='word_1_23' title='bbox 192 406 264 458; x_wconf 84' lang='lat' dir='ltr'>Item</span> <span class='ocrx_word' id='word_1_24' title='bbox 276 417 338 474; x_wconf 93' lang='lat' dir='ltr'>quo</span> <span class='ocrx_word' id='word_1_25' title='bbox 351 399 419 473; x_wconf 91' lang='lat' dir='ltr'>plus</span> <span class='ocrx_word' id='word_1_26' title='bbox 434 399 545 470; x_wconf 89' lang='lat' dir='ltr'>diligis,</span> <span class='ocrx_word' id='word_1_27' title='bbox 559 414 595 456; x_wconf 89' lang='lat' dir='ltr'>eo</span> <span class='ocrx_word' id='word_1_28' title='bbox 605 396 723 455; x_wconf 82' lang='lat' dir='ltr'>avidius</span> <span class='ocrx_word' id='word_1_29' title='bbox 736 392 889 467; x_wconf 79' lang='lat' dir='ltr'>amplexa·</span> <span class='ocrx_word' id='word_1_30' title='bbox 942 392 1105 467; x_wconf 80' lang='lat' dir='ltr'>diligimus,</span> <span class='ocrx_word' id='word_1_31' title='bbox 1122 403 1217 461; x_wconf 88' lang='lat' dir='ltr'>Deum</span> <span class='ocrx_word' id='word_1_32' title='bbox 1232 402 1380 479; x_wconf 74' lang='lat' dir='ltr'>eligimus,</span> <span class='ocrx_word' id='word_1_33' title='bbox 1395 407 1436 465; x_wconf 90' lang='lat' dir='ltr'>ad</span> <span class='ocrx_word' id='word_1_34' title='bbox 1450 411 1545 466; x_wconf 91' lang='lat' dir='ltr'>Deum</span> <span class='ocrx_word' id='word_1_35' title='bbox 1557 400 1715 483; x_wconf 75' lang='lat' dir='ltr'>sumimus,</span> <span class='ocrx_word' id='word_1_36' title='bbox 1730 412 1772 471; x_wconf 88' lang='lat' dir='ltr'>ad</span> 
     </span>
    </p>

    <p class='ocr_par' dir='ltr' id='par_1_4' title="bbox 57 480 1772 568">
     <span class='ocr_line' id='line_1_4' title="bbox 57 480 1772 568; baseline 0.007 -20"><span class='ocrx_word' id='word_1_37' title='bbox 57 493 111 563; x_wconf 89' lang='lat' dir='ltr'>ris,</span> <span class='ocrx_word' id='word_1_38' title='bbox 126 507 197 560; x_wconf 89' lang='lat' dir='ltr'>ergo</span> <span class='ocrx_word' id='word_1_39' title='bbox 212 506 265 563; x_wconf 92' lang='lat' dir='ltr'>per</span> <span class='ocrx_word' id='word_1_40' title='bbox 289 489 478 547; x_wconf 67' lang='lat' dir='ltr'>dicationem</span> <span class='ocrx_word' id='word_1_41' title='bbox 501 488 621 546; x_wconf 90' lang='lat' dir='ltr'>frueris.</span> <span class='ocrx_word' id='word_1_42' title='bbox 641 486 711 545; x_wconf 89' lang='lat' dir='ltr'>Vide</span> <span class='ocrx_word' id='word_1_43' title='bbox 732 480 889 558; x_wconf 80' lang='lat' dir='ltr'>quonmdo</span> <span class='ocrx_word' id='word_1_44' title='bbox 943 487 1037 543; x_wconf 87' lang='lat' dir='ltr'>Deum</span> <span class='ocrx_word' id='word_1_45' title='bbox 1050 490 1252 561; x_wconf 88' lang='lat' dir='ltr'>pervenimus,</span> <span class='ocrx_word' id='word_1_46' title='bbox 1269 496 1363 552; x_wconf 91' lang='lat' dir='ltr'>Deum</span> <span class='ocrx_word' id='word_1_47' title='bbox 1385 497 1584 568; x_wconf 75' lang='lat' dir='ltr'><strong>possidemus.</strong></span> <span class='ocrx_word' id='word_1_48' title='bbox 1608 501 1685 568; x_wconf 85' lang='lat' dir='ltr'>Duid</span> <span class='ocrx_word' id='word_1_49' title='bbox 1708 517 1772 560; x_wconf 87' lang='lat' dir='ltr'>am-</span> 
     </span>
    </p>

    <p class='ocr_par' dir='ltr' id='par_1_5' title="bbox 58 574 1772 653">
     <span class='ocr_line' id='line_1_5' title="bbox 58 574 1772 653; baseline 0.002 -14"><span class='ocrx_word' id='word_1_50' title='bbox 58 586 154 639; x_wconf 89' lang='lat' dir='ltr'>totum</span> <span class='ocrx_word' id='word_1_51' title='bbox 178 580 230 637; x_wconf 89' lang='lat' dir='ltr'>tihi</span> <span class='ocrx_word' id='word_1_52' title='bbox 254 584 298 636; x_wconf 91' lang='lat' dir='ltr'>est</span> <span class='ocrx_word' id='word_1_53' title='bbox 320 579 449 647; x_wconf 88' lang='lat' dir='ltr'>dilectio,</span> <span class='ocrx_word' id='word_1_54' title='bbox 464 579 534 653; x_wconf 90' lang='lat' dir='ltr'>ipsa</span> <span class='ocrx_word' id='word_1_55' title='bbox 557 581 604 634; x_wconf 91' lang='lat' dir='ltr'>est</span> <span class='ocrx_word' id='word_1_56' title='bbox 623 575 737 642; x_wconf 77' lang='lat' dir='ltr'>electio,</span> <span class='ocrx_word' id='word_1_57' title='bbox 752 574 819 648; x_wconf 91' lang='lat' dir='ltr'>ipsa</span> <span class='ocrx_word' id='word_1_58' title='bbox 845 574 890 628; x_wconf 90' lang='lat' dir='ltr'>est</span> <span class='ocrx_word' id='word_1_59' title='bbox 942 574 1021 647; x_wconf 90' lang='lat' dir='ltr'>plius</span> <span class='ocrx_word' id='word_1_60' title='bbox 1033 576 1183 637; x_wconf 87' lang='lat' dir='ltr'>dicamde</span> <span class='ocrx_word' id='word_1_61' title='bbox 1198 585 1236 650; x_wconf 89' lang='lat' dir='ltr'>te,</span> <span class='ocrx_word' id='word_1_62' title='bbox 1252 583 1408 642; x_wconf 82' lang='lat' dir='ltr'>charitas?</span> <span class='ocrx_word' id='word_1_63' title='bbox 1432 585 1542 644; x_wconf 88' lang='lat' dir='ltr'>ducem</span> <span class='ocrx_word' id='word_1_64' title='bbox 1560 592 1588 646; x_wconf 90' lang='lat' dir='ltr'>te</span> <span class='ocrx_word' id='word_1_65' title='bbox 1602 588 1666 647; x_wconf 81' lang='lat' dir='ltr'>dixi</span> <span class='ocrx_word' id='word_1_66' title='bbox 1677 588 1709 647; x_wconf 90' lang='lat' dir='ltr'>in</span> <span class='ocrx_word' id='word_1_67' title='bbox 1720 590 1772 648; x_wconf 71' lang='lat' dir='ltr'>via</span> 
     </span>
    </p>

    <p class='ocr_par' dir='ltr' id='par_1_6' title="bbox 58 660 1774 754">
     <span class='ocr_line' id='line_1_6' title="bbox 58 660 1774 754; baseline 0.006 -28"><span class='ocrx_word' id='word_1_68' title='bbox 58 686 174 736; x_wconf 90' lang='lat' dir='ltr'>cursus,</span> <span class='ocrx_word' id='word_1_69' title='bbox 197 668 264 742; x_wconf 91' lang='lat' dir='ltr'>ipsa</span> <span class='ocrx_word' id='word_1_70' title='bbox 285 671 329 725; x_wconf 90' lang='lat' dir='ltr'>est</span> <span class='ocrx_word' id='word_1_71' title='bbox 352 667 514 741; x_wconf 81' lang='lat' dir='ltr'>perventio,</span> <span class='ocrx_word' id='word_1_72' title='bbox 530 666 597 739; x_wconf 91' lang='lat' dir='ltr'>ipsa</span> <span class='ocrx_word' id='word_1_73' title='bbox 618 668 662 722; x_wconf 91' lang='lat' dir='ltr'>est</span> <span class='ocrx_word' id='word_1_74' title='bbox 677 662 807 730; x_wconf 88' lang='lat' dir='ltr'>mansio,</span> <span class='ocrx_word' id='word_1_75' title='bbox 823 660 889 733; x_wconf 79' lang='lat' dir='ltr'>ipsa</span> <span class='ocrx_word' id='word_1_76' title='bbox 943 664 1003 722; x_wconf 90' lang='lat' dir='ltr'>Dei.</span> <span class='ocrx_word' id='word_1_77' title='bbox 1021 669 1054 722; x_wconf 87' lang='lat' dir='ltr'>Et</span> <span class='ocrx_word' id='word_1_78' title='bbox 1067 669 1141 740; x_wconf 90' lang='lat' dir='ltr'>quid</span> <span class='ocrx_word' id='word_1_79' title='bbox 1157 670 1182 726; x_wconf 92' lang='lat' dir='ltr'>si</span> <span class='ocrx_word' id='word_1_80' title='bbox 1197 671 1323 743; x_wconf 88' lang='lat' dir='ltr'>teipsam</span> <span class='ocrx_word' id='word_1_81' title='bbox 1337 674 1417 730; x_wconf 87' lang='lat' dir='ltr'>viam</span> <span class='ocrx_word' id='word_1_82' title='bbox 1432 675 1484 732; x_wconf 89' lang='lat' dir='ltr'>Dei</span> <span class='ocrx_word' id='word_1_83' title='bbox 1497 675 1648 736; x_wconf 77' lang='lat' dir='ltr'>dixerimi</span> <span class='ocrx_word' id='word_1_84' title='bbox 1666 679 1774 754; x_wconf 85' lang='lat' dir='ltr'>utique</span> 
     </span>
    </p>

    <p class='ocr_par' dir='ltr' id='par_1_7' title="bbox 57 752 1772 829">
     <span class='ocr_line' id='line_1_7' title="bbox 57 752 1772 829; baseline 0.006 -13"><span class='ocrx_word' id='word_1_85' title='bbox 57 763 102 816; x_wconf 90' lang='lat' dir='ltr'>cst</span> <span class='ocrx_word' id='word_1_86' title='bbox 115 758 281 816; x_wconf 76' lang='lat' dir='ltr'>beatitudo.</span> <span class='ocrx_word' id='word_1_87' title='bbox 299 757 390 829; x_wconf 80' lang='lat' dir='ltr'>Dilige</span> <span class='ocrx_word' id='word_1_88' title='bbox 405 772 477 827; x_wconf 87' lang='lat' dir='ltr'>ergo</span> <span class='ocrx_word' id='word_1_89' title='bbox 491 760 596 827; x_wconf 90' lang='lat' dir='ltr'>Deum,</span> <span class='ocrx_word' id='word_1_90' title='bbox 610 755 684 825; x_wconf 88' lang='lat' dir='ltr'>elige</span> <span class='ocrx_word' id='word_1_91' title='bbox 700 756 804 824; x_wconf 90' lang='lat' dir='ltr'>Deum,</span> <span class='ocrx_word' id='word_1_92' title='bbox 821 766 888 806; x_wconf 86' lang='lat' dir='ltr'>cur-</span> <span class='ocrx_word' id='word_1_93' title='bbox 942 752 984 809; x_wconf 87' lang='lat' dir='ltr'>sio</span> <span class='ocrx_word' id='word_1_94' title='bbox 997 755 1125 813; x_wconf 86' lang='lat' dir='ltr'>charitas</span> <span class='ocrx_word' id='word_1_95' title='bbox 1138 763 1170 814; x_wconf 88' lang='lat' dir='ltr'>tu</span> <span class='ocrx_word' id='word_1_96' title='bbox 1184 760 1233 816; x_wconf 84' lang='lat' dir='ltr'>via</span> <span class='ocrx_word' id='word_1_97' title='bbox 1243 777 1284 818; x_wconf 92' lang='lat' dir='ltr'>es.</span> <span class='ocrx_word' id='word_1_98' title='bbox 1299 763 1355 818; x_wconf 89' lang='lat' dir='ltr'>Sed</span> <span class='ocrx_word' id='word_1_99' title='bbox 1369 779 1431 820; x_wconf 93' lang='lat' dir='ltr'>non</span> <span class='ocrx_word' id='word_1_100' title='bbox 1447 764 1523 822; x_wconf 88' lang='lat' dir='ltr'>sicul</span> <span class='ocrx_word' id='word_1_101' title='bbox 1535 765 1600 823; x_wconf 88' lang='lat' dir='ltr'>alise</span> <span class='ocrx_word' id='word_1_102' title='bbox 1609 767 1667 824; x_wconf 78' lang='lat' dir='ltr'>viee</span> <span class='ocrx_word' id='word_1_103' title='bbox 1679 768 1772 827; x_wconf 77' lang='lat' dir='ltr'>iuria</span> 
     </span>
    </p>

    <p class='ocr_par' dir='ltr' id='par_1_8' title="bbox 57 836 1792 1018">
     <span class='ocr_line' id='line_1_8' title="bbox 57 836 1792 925; baseline 0.006 -19"><span class='ocrx_word' id='word_1_104' title='bbox 57 866 100 915; x_wconf 90' lang='lat' dir='ltr'>re,</span> <span class='ocrx_word' id='word_1_105' title='bbox 121 848 324 922; x_wconf 79' lang='lat' dir='ltr'>apprehende,</span> <span class='ocrx_word' id='word_1_106' title='bbox 341 847 471 921; x_wconf 85' lang='lat' dir='ltr'>posside,</span> <span class='ocrx_word' id='word_1_107' title='bbox 487 846 594 903; x_wconf 87' lang='lat' dir='ltr'>fruere.</span> <span class='ocrx_word' id='word_1_108' title='bbox 610 849 686 913; x_wconf 85' lang='lat' dir='ltr'>iam,</span> <span class='ocrx_word' id='word_1_109' title='bbox 701 843 812 914; x_wconf 87' lang='lat' dir='ltr'>inquis,</span> <span class='ocrx_word' id='word_1_110' title='bbox 834 841 891 898; x_wconf 89' lang='lat' dir='ltr'>ele-</span> <span class='ocrx_word' id='word_1_111' title='bbox 942 859 992 898; x_wconf 85' lang='lat' dir='ltr'>es:</span> <span class='ocrx_word' id='word_1_112' title='bbox 1007 845 1127 917; x_wconf 73' lang='lat' dir='ltr'>Adhuc,</span> <span class='ocrx_word' id='word_1_113' title='bbox 1142 847 1240 922; x_wconf 92' lang='lat' dir='ltr'>inquit</span> <span class='ocrx_word' id='word_1_114' title='bbox 1260 851 1369 909; x_wconf 88' lang='lat' dir='ltr'>Paulus</span> <span class='ocrx_word' id='word_1_115' title='bbox 1389 853 1553 925; x_wconf 89' lang='lat' dir='ltr'>apostolus,</span> <span class='ocrx_word' id='word_1_116' title='bbox 1579 857 1771 916; x_wconf 78' lang='lat' dir='ltr'>caceiientio-</span> <span class='ocrx_word' id='word_1_117' title='bbox 1789 836 1792 841; x_wconf 34' lang='lat'><em>¹</em></span> 
     </span>
     <span class='ocr_line' id='line_1_9' title="bbox 57 931 1771 1018; baseline 0.005 -22"><span class='ocrx_word' id='word_1_118' title='bbox 57 940 98 1011; x_wconf 89' lang='lat' dir='ltr'>gi,</span> <span class='ocrx_word' id='word_1_119' title='bbox 114 955 176 1012; x_wconf 87' lang='lat' dir='ltr'>qua</span> <span class='ocrx_word' id='word_1_120' title='bbox 190 939 239 995; x_wconf 88' lang='lat' dir='ltr'>via</span> <span class='ocrx_word' id='word_1_121' title='bbox 253 954 374 994; x_wconf 86' lang='lat' dir='ltr'>curram</span> <span class='ocrx_word' id='word_1_122' title='bbox 395 941 428 994; x_wconf 93' lang='lat' dir='ltr'>ut</span> <span class='ocrx_word' id='word_1_123' title='bbox 451 936 649 1010; x_wconf 78' lang='lat' dir='ltr'>perveniam?</span> <span class='ocrx_word' id='word_1_124' title='bbox 672 939 726 992; x_wconf 87' lang='lat' dir='ltr'>Per</span> <span class='ocrx_word' id='word_1_125' title='bbox 744 933 824 991; x_wconf 81' lang='lat' dir='ltr'>viam</span> <span class='ocrx_word' id='word_1_126' title='bbox 838 931 889 989; x_wconf 85' lang='lat' dir='ltr'>Dei</span> <span class='ocrx_word' id='word_1_127' title='bbox 942 949 1003 991; x_wconf 81' lang='lat' dir='ltr'>rem</span> <span class='ocrx_word' id='word_1_128' title='bbox 1024 937 1102 993; x_wconf 77' lang='lat' dir='ltr'>triam</span> <span class='ocrx_word' id='word_1_129' title='bbox 1117 938 1197 994; x_wconf 84' lang='lat' dir='ltr'>vohis</span> <span class='ocrx_word' id='word_1_130' title='bbox 1218 939 1434 1000; x_wconf 81' lang='lat' dir='ltr'>demonstrabo</span> <span class='ocrx_word' id='word_1_131' title='bbox 1458 944 1486 1015; x_wconf 85' lang='grc' dir='ltr'>(Ι</span> <span class='ocrx_word' id='word_1_132' title='bbox 1502 944 1570 1001; x_wconf 81' lang='lat' dir='ltr'>Cor.</span> <span class='ocrx_word' id='word_1_133' title='bbox 1586 944 1658 1018; x_wconf 87' lang='lat' dir='ltr'>xu),·</span> <span class='ocrx_word' id='word_1_134' title='bbox 1682 945 1720 1003; x_wconf 89' lang='lat' dir='ltr'>de</span> <span class='ocrx_word' id='word_1_135' title='bbox 1742 949 1771 1005; x_wconf 81' lang='lat' dir='ltr'>te</span> 
     </span>
    </p>

    <p class='ocr_par' dir='ltr' id='par_1_9' title="bbox 57 1021 1771 1108">
     <span class='ocr_line' id='line_1_10' title="bbox 57 1021 1771 1108; baseline 0.004 -23"><span class='ocrx_word' id='word_1_136' title='bbox 57 1028 185 1087; x_wconf 85' lang='lat' dir='ltr'>curritur</span> <span class='ocrx_word' id='word_1_137' title='bbox 211 1027 250 1083; x_wconf 90' lang='lat' dir='ltr'>ad</span> <span class='ocrx_word' id='word_1_138' title='bbox 282 1029 386 1083; x_wconf 90' lang='lat' dir='ltr'>Deum.</span> <span class='ocrx_word' id='word_1_139' title='bbox 420 1030 485 1084; x_wconf 90' lang='lat' dir='ltr'>Non</span> <span class='ocrx_word' id='word_1_140' title='bbox 511 1043 650 1100; x_wconf 88' lang='lat' dir='ltr'>possum,</span> <span class='ocrx_word' id='word_1_141' title='bbox 670 1024 783 1099; x_wconf 87' lang='lat' dir='ltr'>inquis,</span> <span class='ocrx_word' id='word_1_142' title='bbox 806 1021 890 1079; x_wconf 84' lang='lat' dir='ltr'>riam</span> <span class='ocrx_word' id='word_1_143' title='bbox 942 1025 1023 1083; x_wconf 91' lang='lat' dir='ltr'>enim</span> <span class='ocrx_word' id='word_1_144' title='bbox 1033 1025 1117 1095; x_wconf 79' lang='lat' dir='ltr'>dixit,</span> <span class='ocrx_word' id='word_1_145' title='bbox 1133 1027 1314 1088; x_wconf 87' lang='lat' dir='ltr'>ocharitas:</span> <span class='ocrx_word' id='word_1_146' title='bbox 1330 1034 1373 1089; x_wconf 87' lang='lat' dir='ltr'>Tu</span> <span class='ocrx_word' id='word_1_147' title='bbox 1386 1047 1417 1088; x_wconf 88' lang='lat' dir='ltr'>es</span> <span class='ocrx_word' id='word_1_148' title='bbox 1430 1034 1771 1108; x_wconf 85' lang='lat' dir='ltr'>namqueviasuparcx·</span> 
     </span>
    </p>

    <p class='ocr_par' dir='ltr' id='par_1_10' title="bbox 10 1113 1860 3868">
     <span class='ocr_line' id='line_1_11' title="bbox 57 1113 1860 1199; baseline 0.004 -26"><span class='ocrx_word' id='word_1_149' title='bbox 57 1117 244 1190; x_wconf 75' lang='lat' dir='ltr'>inexpertem</span> <span class='ocrx_word' id='word_1_150' title='bbox 260 1115 341 1172; x_wconf 89' lang='lat' dir='ltr'>solus</span> <span class='ocrx_word' id='word_1_151' title='bbox 356 1132 491 1184; x_wconf 84' lang='lat' dir='ltr'>currere3</span> <span class='ocrx_word' id='word_1_152' title='bbox 516 1116 557 1173; x_wconf 91' lang='lat' dir='ltr'>da</span> <span class='ocrx_word' id='word_1_153' title='bbox 571 1117 670 1172; x_wconf 88' lang='lat' dir='ltr'>socios</span> <span class='ocrx_word' id='word_1_154' title='bbox 687 1131 726 1171; x_wconf 90' lang='lat' dir='ltr'>ne</span> <span class='ocrx_word' id='word_1_155' title='bbox 739 1113 886 1171; x_wconf 88' lang='lat' dir='ltr'>aberrem.</span> <span class='ocrx_word' id='word_1_156' title='bbox 941 1114 1060 1183; x_wconf 85' lang='lat' dir='ltr'>callens,</span> <span class='ocrx_word' id='word_1_157' title='bbox 1076 1116 1126 1173; x_wconf 87' lang='lat' dir='ltr'>via</span> <span class='ocrx_word' id='word_1_158' title='bbox 1140 1119 1378 1193; x_wconf 90' lang='lat' dir='ltr'>supereminens,</span> <span class='ocrx_word' id='word_1_159' title='bbox 1395 1121 1459 1179; x_wconf 84' lang='lat' dir='ltr'>vias</span> <span class='ocrx_word' id='word_1_160' title='bbox 1472 1122 1613 1180; x_wconf 89' lang='lat' dir='ltr'>distortas</span> <span class='ocrx_word' id='word_1_161' title='bbox 1626 1123 1769 1195; x_wconf 84' lang='lat' dir='ltr'>dirigens,</span> <span class='ocrx_word' id='word_1_162' title='bbox 1857 1190 1860 1199; x_wconf 41' lang='lat'>‚</span> 
     </span>
     <span class='ocr_line' id='line_1_12' title="bbox 57 1201 1770 1285; baseline 0.004 -22"><span class='ocrx_word' id='word_1_163' title='bbox 57 1209 133 1264; x_wconf 86' lang='lat' dir='ltr'>Cum</span> <span class='ocrx_word' id='word_1_164' title='bbox 146 1205 193 1278; x_wconf 83' lang='lat' dir='ltr'>iis,</span> <span class='ocrx_word' id='word_1_165' title='bbox 208 1205 260 1279; x_wconf 93' lang='lat' dir='ltr'>qui</span> <span class='ocrx_word' id='word_1_166' title='bbox 280 1205 311 1261; x_wconf 91' lang='lat' dir='ltr'>in</span> <span class='ocrx_word' id='word_1_167' title='bbox 335 1205 383 1262; x_wconf 88' lang='lat' dir='ltr'>via</span> <span class='ocrx_word' id='word_1_168' title='bbox 404 1206 456 1262; x_wconf 91' lang='lat' dir='ltr'>Dei</span> <span class='ocrx_word' id='word_1_169' title='bbox 470 1209 602 1273; x_wconf 87' lang='lat' dir='ltr'>currunt,</span> <span class='ocrx_word' id='word_1_170' title='bbox 618 1221 704 1261; x_wconf 89' lang='lat' dir='ltr'>curre</span> <span class='ocrx_word' id='word_1_171' title='bbox 719 1207 748 1259; x_wconf 93' lang='lat' dir='ltr'>et</span> <span class='ocrx_word' id='word_1_172' title='bbox 760 1206 793 1259; x_wconf 88' lang='lat' dir='ltr'>tu</span> <span class='ocrx_word' id='word_1_173' title='bbox 807 1201 889 1258; x_wconf 83' lang='lat' dir='ltr'>viam</span> <span class='ocrx_word' id='word_1_174' title='bbox 941 1205 1004 1261; x_wconf 83' lang='lat' dir='ltr'>rias</span> <span class='ocrx_word' id='word_1_175' title='bbox 1020 1210 1116 1264; x_wconf 89' lang='lat' dir='ltr'>rectas</span> <span class='ocrx_word' id='word_1_176' title='bbox 1137 1208 1309 1266; x_wconf 91' lang='lat' dir='ltr'>ostendens.</span> <span class='ocrx_word' id='word_1_177' title='bbox 1332 1213 1374 1267; x_wconf 81' lang='lat' dir='ltr'>Tu</span> <span class='ocrx_word' id='word_1_178' title='bbox 1394 1226 1425 1268; x_wconf 91' lang='lat' dir='ltr'>es</span> <span class='ocrx_word' id='word_1_179' title='bbox 1440 1215 1532 1285; x_wconf 85' lang='lat' dir='ltr'>eaput</span> <span class='ocrx_word' id='word_1_180' title='bbox 1544 1211 1663 1269; x_wconf 81' lang='lat' dir='ltr'>viamm</span> <span class='ocrx_word' id='word_1_181' title='bbox 1675 1216 1770 1270; x_wconf 76' lang='lat' dir='ltr'>meta·</span> 
     </span>
     <span class='ocr_line' id='line_1_13' title="bbox 56 1291 1774 1369; baseline 0.002 -18"><span class='ocrx_word' id='word_1_182' title='bbox 56 1296 119 1366; x_wconf 89' lang='lat' dir='ltr'>Dei,</span> <span class='ocrx_word' id='word_1_183' title='bbox 134 1295 272 1353; x_wconf 90' lang='lat' dir='ltr'>meliores</span> <span class='ocrx_word' id='word_1_184' title='bbox 285 1294 383 1351; x_wconf 88' lang='lat' dir='ltr'>socios</span> <span class='ocrx_word' id='word_1_185' title='bbox 396 1295 508 1350; x_wconf 89' lang='lat' dir='ltr'>habere</span> <span class='ocrx_word' id='word_1_186' title='bbox 522 1310 585 1351; x_wconf 90' lang='lat' dir='ltr'>non</span> <span class='ocrx_word' id='word_1_187' title='bbox 594 1297 679 1369; x_wconf 80' lang='lat' dir='ltr'>potes</span> <span class='ocrx_word' id='word_1_188' title='bbox 691 1293 722 1349; x_wconf 91' lang='lat' dir='ltr'>in</span> <span class='ocrx_word' id='word_1_189' title='bbox 734 1291 782 1349; x_wconf 83' lang='lat' dir='ltr'>via</span> <span class='ocrx_word' id='word_1_190' title='bbox 794 1306 888 1364; x_wconf 89' lang='lat' dir='ltr'>quam</span> <span class='ocrx_word' id='word_1_191' title='bbox 940 1306 1018 1359; x_wconf 85' lang='lat' dir='ltr'>rum,</span> <span class='ocrx_word' id='word_1_192' title='bbox 1032 1309 1139 1353; x_wconf 90' lang='lat' dir='ltr'>omnes</span> <span class='ocrx_word' id='word_1_193' title='bbox 1153 1296 1211 1352; x_wconf 81' lang='lat' dir='ltr'>vis</span> <span class='ocrx_word' id='word_1_194' title='bbox 1224 1303 1311 1355; x_wconf 89' lang='lat' dir='ltr'>rectae</span> <span class='ocrx_word' id='word_1_195' title='bbox 1335 1316 1354 1356; x_wconf 92' lang='lat' dir='ltr'>a</span> <span class='ocrx_word' id='word_1_196' title='bbox 1368 1303 1397 1357; x_wconf 90' lang='lat' dir='ltr'>te</span> <span class='ocrx_word' id='word_1_197' title='bbox 1411 1305 1522 1359; x_wconf 87' lang='lat' dir='ltr'>exeunt</span> <span class='ocrx_word' id='word_1_198' title='bbox 1535 1300 1609 1358; x_wconf 90' lang='lat' dir='ltr'>etin</span> <span class='ocrx_word' id='word_1_199' title='bbox 1629 1304 1658 1357; x_wconf 90' lang='lat' dir='ltr'>te</span> <span class='ocrx_word' id='word_1_200' title='bbox 1669 1316 1774 1358; x_wconf 58' lang='lat' dir='ltr'>recurs.</span> 
     </span>
     <span class='ocr_line' id='line_1_14' title="bbox 55 1375 1771 1463; baseline 0.006 -25"><span class='ocrx_word' id='word_1_201' title='bbox 55 1381 133 1449; x_wconf 89' lang='lat' dir='ltr'>illos,</span> <span class='ocrx_word' id='word_1_202' title='bbox 149 1380 201 1455; x_wconf 91' lang='lat' dir='ltr'>qui</span> <span class='ocrx_word' id='word_1_203' title='bbox 213 1380 279 1453; x_wconf 90' lang='lat' dir='ltr'>jam</span> <span class='ocrx_word' id='word_1_204' title='bbox 294 1378 366 1436; x_wconf 91' lang='lat' dir='ltr'>olim</span> <span class='ocrx_word' id='word_1_205' title='bbox 385 1382 581 1437; x_wconf 87' lang='lat' dir='ltr'>cucurrerunt</span> <span class='ocrx_word' id='word_1_206' title='bbox 602 1377 634 1434; x_wconf 91' lang='lat' dir='ltr'>in</span> <span class='ocrx_word' id='word_1_207' title='bbox 653 1393 699 1445; x_wconf 90' lang='lat' dir='ltr'>ea,</span> <span class='ocrx_word' id='word_1_208' title='bbox 714 1381 743 1433; x_wconf 91' lang='lat' dir='ltr'>et</span> <span class='ocrx_word' id='word_1_209' title='bbox 756 1392 810 1450; x_wconf 90' lang='lat' dir='ltr'>per</span> <span class='ocrx_word' id='word_1_210' title='bbox 821 1375 887 1431; x_wconf 90' lang='lat' dir='ltr'>lon·</span> <span class='ocrx_word' id='word_1_211' title='bbox 940 1384 1018 1437; x_wconf 85' lang='lat' dir='ltr'>runt.</span> <span class='ocrx_word' id='word_1_212' title='bbox 1035 1385 1110 1439; x_wconf 90' lang='lat' dir='ltr'>Nam</span> <span class='ocrx_word' id='word_1_213' title='bbox 1119 1392 1269 1461; x_wconf 70' lang='lat' dir='ltr'>precepta</span> <span class='ocrx_word' id='word_1_214' title='bbox 1280 1388 1329 1445; x_wconf 90' lang='lat' dir='ltr'>Dei</span> <span class='ocrx_word' id='word_1_215' title='bbox 1344 1389 1399 1446; x_wconf 85' lang='lat' dir='ltr'>vioe</span> <span class='ocrx_word' id='word_1_216' title='bbox 1415 1390 1569 1462; x_wconf 77' lang='lat' dir='ltr'>sumaim,</span> <span class='ocrx_word' id='word_1_217' title='bbox 1585 1406 1653 1463; x_wconf 81' lang='lat' dir='ltr'>quoe</span> <span class='ocrx_word' id='word_1_218' title='bbox 1667 1390 1771 1449; x_wconf 82' lang='lat' dir='ltr'>omnia</span> 
     </span>
     <span class='ocr_line' id='line_1_15' title="bbox 56 1463 1771 1554; baseline 0.006 -28"><span class='ocrx_word' id='word_1_219' title='bbox 56 1485 129 1540; x_wconf 90' lang='lat' dir='ltr'>gam</span> <span class='ocrx_word' id='word_1_220' title='bbox 153 1469 292 1526; x_wconf 90' lang='lat' dir='ltr'>currendi</span> <span class='ocrx_word' id='word_1_221' title='bbox 312 1467 528 1541; x_wconf 76' lang='lat' dir='ltr'>experientiam</span> <span class='ocrx_word' id='word_1_222' title='bbox 551 1472 579 1524; x_wconf 91' lang='lat' dir='ltr'>et</span> <span class='ocrx_word' id='word_1_223' title='bbox 602 1483 692 1524; x_wconf 91' lang='lat' dir='ltr'>usum</span> <span class='ocrx_word' id='word_1_224' title='bbox 706 1463 818 1523; x_wconf 89' lang='lat' dir='ltr'>laboris</span> <span class='ocrx_word' id='word_1_225' title='bbox 832 1479 888 1520; x_wconf 90' lang='lat' dir='ltr'>nec</span> <span class='ocrx_word' id='word_1_226' title='bbox 942 1473 1000 1526; x_wconf 90' lang='lat' dir='ltr'>ate</span> <span class='ocrx_word' id='word_1_227' title='bbox 1015 1472 1147 1543; x_wconf 91' lang='lat' dir='ltr'>pendent</span> <span class='ocrx_word' id='word_1_228' title='bbox 1167 1480 1196 1532; x_wconf 91' lang='lat' dir='ltr'>et</span> <span class='ocrx_word' id='word_1_229' title='bbox 1215 1476 1248 1533; x_wconf 88' lang='lat' dir='ltr'>in</span> <span class='ocrx_word' id='word_1_230' title='bbox 1270 1481 1298 1534; x_wconf 91' lang='lat' dir='ltr'>te</span> <span class='ocrx_word' id='word_1_231' title='bbox 1318 1479 1495 1537; x_wconf 90' lang='lat' dir='ltr'>consistunt.</span> <span class='ocrx_word' id='word_1_232' title='bbox 1512 1483 1556 1537; x_wconf 87' lang='lat' dir='ltr'>Tu</span> <span class='ocrx_word' id='word_1_233' title='bbox 1569 1494 1602 1536; x_wconf 92' lang='lat' dir='ltr'>es</span> <span class='ocrx_word' id='word_1_234' title='bbox 1614 1479 1771 1554; x_wconf 84' lang='lat' dir='ltr'>plenitudo</span> 
     </span>
     <span class='ocr_line' id='line_1_16' title="bbox 56 1552 1768 1640; baseline 0.006 -25"><span class='ocrx_word' id='word_1_235' title='bbox 56 1574 156 1616; x_wconf 88' lang='lat' dir='ltr'>errare</span> <span class='ocrx_word' id='word_1_236' title='bbox 171 1558 343 1616; x_wconf 86' lang='lat' dir='ltr'>tim&#39;entnec</span> <span class='ocrx_word' id='word_1_237' title='bbox 364 1556 502 1614; x_wconf 87' lang='lat' dir='ltr'>deficere.</span> <span class='ocrx_word' id='word_1_238' title='bbox 518 1558 588 1624; x_wconf 79' lang='lat' dir='ltr'>Quae</span> <span class='ocrx_word' id='word_1_239' title='bbox 607 1559 652 1612; x_wconf 90' lang='lat' dir='ltr'>est</span> <span class='ocrx_word' id='word_1_240' title='bbox 672 1571 755 1627; x_wconf 90' lang='lat' dir='ltr'>ergo,</span> <span class='ocrx_word' id='word_1_241' title='bbox 771 1553 825 1622; x_wconf 89' lang='lat' dir='ltr'>ais,</span> <span class='ocrx_word' id='word_1_242' title='bbox 838 1552 889 1611; x_wconf 86' lang='lat' dir='ltr'>via</span> <span class='ocrx_word' id='word_1_243' title='bbox 938 1559 1070 1631; x_wconf 72' lang='lat' dir='ltr'>Justiua,</span> <span class='ocrx_word' id='word_1_244' title='bbox 1102 1564 1246 1635; x_wconf 82' lang='lat' dir='ltr'>perfectio</span> <span class='ocrx_word' id='word_1_245' title='bbox 1274 1567 1359 1638; x_wconf 91' lang='lat' dir='ltr'>legis,</span> <span class='ocrx_word' id='word_1_246' title='bbox 1389 1569 1609 1627; x_wconf 89' lang='lat' dir='ltr'>consummatio</span> <span class='ocrx_word' id='word_1_247' title='bbox 1641 1569 1768 1640; x_wconf 73' lang='lat' dir='ltr'>rutulis,</span> 
     </span>
     <span class='ocr_line' id='line_1_17' title="bbox 57 1644 1770 1744; baseline 0.006 -40"><span class='ocrx_word' id='word_1_248' title='bbox 57 1649 119 1719; x_wconf 92' lang='lat' dir='ltr'>Dei,</span> <span class='ocrx_word' id='word_1_249' title='bbox 136 1653 164 1706; x_wconf 91' lang='lat' dir='ltr'>ei</span> <span class='ocrx_word' id='word_1_250' title='bbox 187 1650 323 1721; x_wconf 91' lang='lat' dir='ltr'>quisunt</span> <span class='ocrx_word' id='word_1_251' title='bbox 340 1651 492 1705; x_wconf 84' lang='lat' dir='ltr'>currentes</span> <span class='ocrx_word' id='word_1_252' title='bbox 511 1647 542 1702; x_wconf 94' lang='lat' dir='ltr'>in</span> <span class='ocrx_word' id='word_1_253' title='bbox 557 1647 616 1704; x_wconf 81' lang='lat' dir='ltr'>aa?</span> <span class='ocrx_word' id='word_1_254' title='bbox 637 1649 734 1703; x_wconf 76' lang='lat' dir='ltr'>Recta</span> <span class='ocrx_word' id='word_1_255' title='bbox 749 1649 819 1701; x_wconf 91' lang='lat' dir='ltr'>sunt</span> <span class='ocrx_word' id='word_1_256' title='bbox 832 1644 887 1701; x_wconf 79' lang='lat' dir='ltr'>viee</span> <span class='ocrx_word' id='word_1_257' title='bbox 902 1689 923 1744; x_wconf 74' lang='grc' dir='ltr'><strong>Β</strong></span> <span class='ocrx_word' id='word_1_258' title='bbox 940 1649 1052 1720; x_wconf 88' lang='lat' dir='ltr'>agnitio</span> <span class='ocrx_word' id='word_1_259' title='bbox 1068 1651 1207 1710; x_wconf 87' lang='lat' dir='ltr'>veritatis.</span> <span class='ocrx_word' id='word_1_260' title='bbox 1232 1655 1285 1713; x_wconf 92' lang='lat' dir='ltr'>Via</span> <span class='ocrx_word' id='word_1_261' title='bbox 1305 1655 1394 1727; x_wconf 86' lang='lat' dir='ltr'>igitur</span> <span class='ocrx_word' id='word_1_262' title='bbox 1412 1672 1454 1725; x_wconf 90' lang='lat' dir='ltr'>es,</span> <span class='ocrx_word' id='word_1_263' title='bbox 1477 1674 1495 1714; x_wconf 93' lang='grc' dir='ltr'>ο</span> <span class='ocrx_word' id='word_1_264' title='bbox 1514 1657 1653 1714; x_wconf 90' lang='lat' dir='ltr'>charitas.</span> <span class='ocrx_word' id='word_1_265' title='bbox 1669 1657 1770 1724; x_wconf 84' lang='lat' dir='ltr'>Qualis</span> 
     </span>
     <span class='ocr_line' id='line_1_18' title="bbox 57 1733 1769 1819; baseline 0.005 -26"><span class='ocrx_word' id='word_1_266' title='bbox 57 1736 186 1807; x_wconf 86' lang='lat' dir='ltr'>Domini,</span> <span class='ocrx_word' id='word_1_267' title='bbox 201 1741 230 1792; x_wconf 91' lang='lat' dir='ltr'>et</span> <span class='ocrx_word' id='word_1_268' title='bbox 241 1736 314 1808; x_wconf 86' lang='lat' dir='ltr'>justi</span> <span class='ocrx_word' id='word_1_269' title='bbox 328 1735 529 1793; x_wconf 90' lang='lat' dir='ltr'>ambulabunt</span> <span class='ocrx_word' id='word_1_270' title='bbox 542 1734 573 1792; x_wconf 93' lang='lat' dir='ltr'>in</span> <span class='ocrx_word' id='word_1_271' title='bbox 588 1734 639 1790; x_wconf 92' lang='lat' dir='ltr'>eis.</span> <span class='ocrx_word' id='word_1_272' title='bbox 655 1737 668 1790; x_wconf 83' lang='lat' dir='ltr'>J</span> <span class='ocrx_word' id='word_1_273' title='bbox 672 1733 773 1790; x_wconf 89' lang='lat' dir='ltr'>ustitia</span> <span class='ocrx_word' id='word_1_274' title='bbox 787 1737 832 1789; x_wconf 87' lang='lat' dir='ltr'>est</span> <span class='ocrx_word' id='word_1_275' title='bbox 845 1749 889 1789; x_wconf 90' lang='lat' dir='ltr'>er·</span> <span class='ocrx_word' id='word_1_276' title='bbox 940 1737 1012 1795; x_wconf 80' lang='lat' dir='ltr'>via?</span> <span class='ocrx_word' id='word_1_277' title='bbox 1024 1741 1272 1813; x_wconf 84' lang='lat' dir='ltr'>superexcellens,</span> <span class='ocrx_word' id='word_1_278' title='bbox 1284 1744 1462 1818; x_wconf 85' lang='lat' dir='ltr'>suscipiens,</span> <span class='ocrx_word' id='word_1_279' title='bbox 1477 1745 1609 1814; x_wconf 84' lang='lat' dir='ltr'>dirigens</span> <span class='ocrx_word' id='word_1_280' title='bbox 1619 1749 1648 1803; x_wconf 86' lang='lat' dir='ltr'>et</span> <span class='ocrx_word' id='word_1_281' title='bbox 1657 1745 1769 1819; x_wconf 86' lang='lat' dir='ltr'>perdu-</span> 
     </span>
     <span class='ocr_line' id='line_1_19' title="bbox 10 1821 1770 1902; baseline 0.005 -20"><span class='ocrx_word' id='word_1_282' title='bbox 10 1850 15 1867; x_wconf 83' lang='lat'>.</span> <span class='ocrx_word' id='word_1_283' title='bbox 58 1842 98 1896; x_wconf 85' lang='lat' dir='ltr'>go</span> <span class='ocrx_word' id='word_1_284' title='bbox 109 1826 171 1898; x_wconf 81' lang='lat' dir='ltr'>via,</span> <span class='ocrx_word' id='word_1_285' title='bbox 183 1830 213 1883; x_wconf 90' lang='lat' dir='ltr'>et</span> <span class='ocrx_word' id='word_1_286' title='bbox 221 1825 294 1898; x_wconf 88' lang='lat' dir='ltr'>justi</span> <span class='ocrx_word' id='word_1_287' title='bbox 307 1830 377 1882; x_wconf 90' lang='lat' dir='ltr'>sunt</span> <span class='ocrx_word' id='word_1_288' title='bbox 390 1825 443 1899; x_wconf 91' lang='lat' dir='ltr'>qui</span> <span class='ocrx_word' id='word_1_289' title='bbox 456 1825 488 1881; x_wconf 91' lang='lat' dir='ltr'>in</span> <span class='ocrx_word' id='word_1_290' title='bbox 502 1824 552 1882; x_wconf 88' lang='lat' dir='ltr'>via</span> <span class='ocrx_word' id='word_1_291' title='bbox 567 1827 699 1882; x_wconf 88' lang='lat' dir='ltr'>currunt.</span> <span class='ocrx_word' id='word_1_292' title='bbox 717 1825 750 1881; x_wconf 85' lang='lat' dir='ltr'>Et</span> <span class='ocrx_word' id='word_1_293' title='bbox 763 1821 887 1880; x_wconf 83' lang='lat' dir='ltr'>neforto</span> <span class='ocrx_word' id='word_1_294' title='bbox 940 1844 1020 1885; x_wconf 81' lang='lat' dir='ltr'>cens,</span> <span class='ocrx_word' id='word_1_295' title='bbox 1036 1829 1127 1900; x_wconf 76' lang='lat' dir='ltr'>Cuius</span> <span class='ocrx_word' id='word_1_296' title='bbox 1140 1830 1213 1887; x_wconf 84' lang='lat' dir='ltr'>ria?</span> <span class='ocrx_word' id='word_1_297' title='bbox 1227 1833 1277 1890; x_wconf 82' lang='lat' dir='ltr'>via</span> <span class='ocrx_word' id='word_1_298' title='bbox 1291 1833 1422 1891; x_wconf 89' lang='lat' dir='ltr'>bominis</span> <span class='ocrx_word' id='word_1_299' title='bbox 1434 1833 1474 1891; x_wconf 89' lang='lat' dir='ltr'>ad</span> <span class='ocrx_word' id='word_1_300' title='bbox 1488 1837 1594 1902; x_wconf 90' lang='lat' dir='ltr'>Deum,</span> <span class='ocrx_word' id='word_1_301' title='bbox 1610 1837 1639 1890; x_wconf 90' lang='lat' dir='ltr'>et</span> <span class='ocrx_word' id='word_1_302' title='bbox 1656 1832 1707 1891; x_wconf 86' lang='lat' dir='ltr'>via</span> <span class='ocrx_word' id='word_1_303' title='bbox 1718 1833 1770 1891; x_wconf 88' lang='lat' dir='ltr'>Dei</span> 
     </span>
     <span class='ocr_line' id='line_1_20' title="bbox 57 1911 1769 1995; baseline 0.006 -24"><span class='ocrx_word' id='word_1_304' title='bbox 57 1920 179 1973; x_wconf 86' lang='lat' dir='ltr'>moreat</span> <span class='ocrx_word' id='word_1_305' title='bbox 199 1919 228 1972; x_wconf 90' lang='lat' dir='ltr'>te</span> <span class='ocrx_word' id='word_1_306' title='bbox 251 1915 336 1988; x_wconf 93' lang='lat' dir='ltr'>quod</span> <span class='ocrx_word' id='word_1_307' title='bbox 360 1914 551 1973; x_wconf 88' lang='lat' dir='ltr'>ambulantes</span> <span class='ocrx_word' id='word_1_308' title='bbox 573 1914 708 1981; x_wconf 90' lang='lat' dir='ltr'>nomino,</span> <span class='ocrx_word' id='word_1_309' title='bbox 728 1915 758 1970; x_wconf 91' lang='lat' dir='ltr'>et</span> <span class='ocrx_word' id='word_1_310' title='bbox 779 1911 887 1969; x_wconf 89' lang='lat' dir='ltr'>iterum</span> <span class='ocrx_word' id='word_1_311' title='bbox 939 1917 1137 1975; x_wconf 88' lang='lat' dir='ltr'>adhomines.</span> <span class='ocrx_word' id='word_1_312' title='bbox 1159 1919 1285 1977; x_wconf 90' lang='lat' dir='ltr'>Dbeata</span> <span class='ocrx_word' id='word_1_313' title='bbox 1300 1922 1359 1990; x_wconf 90' lang='lat' dir='ltr'>via,</span> <span class='ocrx_word' id='word_1_314' title='bbox 1382 1939 1450 1995; x_wconf 84' lang='lat' dir='ltr'>quas</span> <span class='ocrx_word' id='word_1_315' title='bbox 1468 1924 1533 1980; x_wconf 92' lang='lat' dir='ltr'>sola</span> <span class='ocrx_word' id='word_1_316' title='bbox 1554 1923 1769 1980; x_wconf 82' lang='lat' dir='ltr'>commercium</span> 
     </span>
     <span class='ocr_line' id='line_1_21' title="bbox 57 2003 1769 2078; baseline 0.004 -16"><span class='ocrx_word' id='word_1_317' title='bbox 57 2009 209 2062; x_wconf 89' lang='lat' dir='ltr'>currentes</span> <span class='ocrx_word' id='word_1_318' title='bbox 224 2005 302 2073; x_wconf 86' lang='lat' dir='ltr'>dica,</span> <span class='ocrx_word' id='word_1_319' title='bbox 316 2004 456 2063; x_wconf 85' lang='lat' dir='ltr'>-relociter</span> <span class='ocrx_word' id='word_1_320' title='bbox 471 2004 628 2061; x_wconf 92' lang='lat' dir='ltr'>ambulare</span> <span class='ocrx_word' id='word_1_321' title='bbox 640 2003 741 2077; x_wconf 90' lang='lat' dir='ltr'>ipsum</span> <span class='ocrx_word' id='word_1_322' title='bbox 760 2006 805 2060; x_wconf 90' lang='lat' dir='ltr'>est</span> <span class='ocrx_word' id='word_1_323' title='bbox 819 2017 886 2057; x_wconf 88' lang='lat' dir='ltr'>cur·</span> <span class='ocrx_word' id='word_1_324' title='bbox 939 2010 1048 2063; x_wconf 86' lang='lat' dir='ltr'>nostres</span> <span class='ocrx_word' id='word_1_325' title='bbox 1075 2007 1178 2066; x_wconf 87' lang='lat' dir='ltr'>seluh&#39;s</span> <span class='ocrx_word' id='word_1_326' title='bbox 1203 2010 1360 2078; x_wconf 88' lang='lat' dir='ltr'>agnoscisl</span> <span class='ocrx_word' id='word_1_327' title='bbox 1386 2014 1429 2068; x_wconf 88' lang='lat' dir='ltr'>Tu</span> <span class='ocrx_word' id='word_1_328' title='bbox 1451 2014 1545 2068; x_wconf 92' lang='lat' dir='ltr'>Deum</span> <span class='ocrx_word' id='word_1_329' title='bbox 1560 2012 1600 2068; x_wconf 90' lang='lat' dir='ltr'>ad</span> <span class='ocrx_word' id='word_1_330' title='bbox 1611 2011 1769 2068; x_wconf 89' lang='lat' dir='ltr'>hominem</span> 
     </span>
     <span class='ocr_line' id='line_1_22' title="bbox 56 2093 1772 2170; baseline 0.003 -19"><span class='ocrx_word' id='word_1_331' title='bbox 56 2111 130 2152; x_wconf 90' lang='lat' dir='ltr'>rere.</span> <span class='ocrx_word' id='word_1_332' title='bbox 145 2094 226 2152; x_wconf 88' lang='lat' dir='ltr'>Sicut</span> <span class='ocrx_word' id='word_1_333' title='bbox 237 2094 286 2152; x_wconf 89' lang='lat' dir='ltr'>ille</span> <span class='ocrx_word' id='word_1_334' title='bbox 300 2093 439 2162; x_wconf 87' lang='lat' dir='ltr'>faciebat,</span> <span class='ocrx_word' id='word_1_335' title='bbox 452 2093 505 2167; x_wconf 90' lang='lat' dir='ltr'>qui</span> <span class='ocrx_word' id='word_1_336' title='bbox 518 2093 610 2150; x_wconf 84' lang='lat' dir='ltr'>dixit:</span> <span class='ocrx_word' id='word_1_337' title='bbox 631 2095 714 2150; x_wconf 84' lang='lat' dir='ltr'>Viam</span> <span class='ocrx_word' id='word_1_338' title='bbox 727 2093 886 2150; x_wconf 84' lang='lat' dir='ltr'>mandato-</span> <span class='ocrx_word' id='word_1_339' title='bbox 938 2096 1073 2164; x_wconf 87' lang='lat' dir='ltr'>deducis,</span> <span class='ocrx_word' id='word_1_340' title='bbox 1087 2100 1120 2154; x_wconf 91' lang='lat' dir='ltr'>tu</span> <span class='ocrx_word' id='word_1_341' title='bbox 1131 2097 1285 2154; x_wconf 89' lang='lat' dir='ltr'>hominem</span> <span class='ocrx_word' id='word_1_342' title='bbox 1299 2099 1339 2155; x_wconf 90' lang='lat' dir='ltr'>ad</span> <span class='ocrx_word' id='word_1_343' title='bbox 1355 2100 1448 2156; x_wconf 92' lang='lat' dir='ltr'>Deum</span> <span class='ocrx_word' id='word_1_344' title='bbox 1460 2098 1573 2170; x_wconf 82' lang='lat' dir='ltr'>dirigis.</span> <span class='ocrx_word' id='word_1_345' title='bbox 1586 2099 1634 2156; x_wconf 93' lang='lat' dir='ltr'>llle</span> <span class='ocrx_word' id='word_1_346' title='bbox 1646 2099 1772 2156; x_wconf 68' lang='lat' dir='ltr'>descen«</span> 
     </span>
     <span class='ocr_line' id='line_1_23' title="bbox 55 2177 1768 2264; baseline 0.004 -24"><span class='ocrx_word' id='word_1_347' title='bbox 55 2202 123 2241; x_wconf 83' lang='lat' dir='ltr'>ram</span> <span class='ocrx_word' id='word_1_348' title='bbox 137 2191 257 2241; x_wconf 81' lang='lat' dir='ltr'>tuorum</span> <span class='ocrx_word' id='word_1_349' title='bbox 271 2185 396 2242; x_wconf 80' lang='lat' dir='ltr'>cacurri</span> <span class='ocrx_word' id='word_1_350' title='bbox 409 2185 504 2253; x_wconf 78' lang='lat' dir='ltr'>(Psoi.</span> <span class='ocrx_word' id='word_1_351' title='bbox 523 2183 631 2255; x_wconf 79' lang='lat' dir='ltr'>cxviii).</span> <span class='ocrx_word' id='word_1_352' title='bbox 649 2185 682 2239; x_wconf 87' lang='lat' dir='ltr'>Et</span> <span class='ocrx_word' id='word_1_353' title='bbox 695 2181 783 2239; x_wconf 86' lang='lat' dir='ltr'>alibi:</span> <span class='ocrx_word' id='word_1_354' title='bbox 798 2183 888 2239; x_wconf 82' lang='lat' dir='ltr'>Beati</span> <span class='ocrx_word' id='word_1_355' title='bbox 938 2186 982 2242; x_wconf 94' lang='lat' dir='ltr'>dit</span> <span class='ocrx_word' id='word_1_356' title='bbox 994 2187 1118 2260; x_wconf 90' lang='lat' dir='ltr'>quando</span> <span class='ocrx_word' id='word_1_357' title='bbox 1129 2187 1169 2244; x_wconf 91' lang='lat' dir='ltr'>ad</span> <span class='ocrx_word' id='word_1_358' title='bbox 1178 2177 1234 2244; x_wconf 82' lang='lat' dir='ltr'>iios</span> <span class='ocrx_word' id='word_1_359' title='bbox 1248 2188 1347 2259; x_wconf 87' lang='lat' dir='ltr'>venit;</span> <span class='ocrx_word' id='word_1_360' title='bbox 1363 2204 1420 2245; x_wconf 90' lang='lat' dir='ltr'>nos</span> <span class='ocrx_word' id='word_1_361' title='bbox 1429 2189 1632 2261; x_wconf 89' lang='lat' dir='ltr'>ascendimus,</span> <span class='ocrx_word' id='word_1_362' title='bbox 1643 2189 1768 2264; x_wconf 90' lang='lat' dir='ltr'>quando</span> 
     </span>
     <span class='ocr_line' id='line_1_24' title="bbox 54 2273 1769 2350; baseline 0.002 -19"><span class='ocrx_word' id='word_1_363' title='bbox 54 2275 244 2332; x_wconf 78' lang='lat' dir='ltr'>irnrnamlati</span> <span class='ocrx_word' id='word_1_364' title='bbox 256 2276 288 2331; x_wconf 85' lang='lat' dir='ltr'>ia</span> <span class='ocrx_word' id='word_1_365' title='bbox 310 2276 370 2345; x_wconf 88' lang='lat' dir='ltr'>aia,</span> <span class='ocrx_word' id='word_1_366' title='bbox 386 2275 440 2346; x_wconf 83' lang='lat' dir='ltr'>qui</span> <span class='ocrx_word' id='word_1_367' title='bbox 459 2275 617 2331; x_wconf 79' lang='lat' dir='ltr'>ambulant</span> <span class='ocrx_word' id='word_1_368' title='bbox 640 2274 672 2329; x_wconf 82' lang='lat' dir='ltr'>in</span> <span class='ocrx_word' id='word_1_369' title='bbox 690 2274 752 2344; x_wconf 74' lang='lat' dir='ltr'>leae</span> <span class='ocrx_word' id='word_1_370' title='bbox 766 2273 887 2329; x_wconf 80' lang='lat' dir='ltr'>Domini</span> <span class='ocrx_word' id='word_1_371' title='bbox 939 2274 979 2332; x_wconf 91' lang='lat' dir='ltr'>ad</span> <span class='ocrx_word' id='word_1_372' title='bbox 993 2275 1078 2332; x_wconf 92' lang='lat' dir='ltr'>illum</span> <span class='ocrx_word' id='word_1_373' title='bbox 1091 2276 1181 2332; x_wconf 89' lang='lat' dir='ltr'>imus.</span> <span class='ocrx_word' id='word_1_374' title='bbox 1198 2279 1256 2333; x_wconf 91' lang='lat' dir='ltr'>Nec</span> <span class='ocrx_word' id='word_1_375' title='bbox 1269 2277 1318 2335; x_wconf 90' lang='lat' dir='ltr'>ille</span> <span class='ocrx_word' id='word_1_376' title='bbox 1332 2282 1434 2334; x_wconf 89' lang='lat' dir='ltr'>tamen</span> <span class='ocrx_word' id='word_1_377' title='bbox 1449 2294 1505 2334; x_wconf 92' lang='lat' dir='ltr'>nec</span> <span class='ocrx_word' id='word_1_378' title='bbox 1526 2294 1583 2334; x_wconf 92' lang='lat' dir='ltr'>nos</span> <span class='ocrx_word' id='word_1_379' title='bbox 1603 2277 1661 2334; x_wconf 88' lang='lat' dir='ltr'>nisi</span> <span class='ocrx_word' id='word_1_380' title='bbox 1671 2292 1727 2350; x_wconf 85' lang='lat' dir='ltr'>per</span> <span class='ocrx_word' id='word_1_381' title='bbox 1740 2281 1769 2334; x_wconf 86' lang='lat' dir='ltr'>te</span> 
     </span>
     <span class='ocr_line' id='line_1_25' title="bbox 55 2362 1767 2439; baseline 0.001 -17"><span class='ocrx_word' id='word_1_382' title='bbox 55 2365 168 2437; x_wconf 47' lang='lat' dir='ltr'>(iciam</span> <span class='ocrx_word' id='word_1_383' title='bbox 182 2368 215 2419; x_wconf 90' lang='lat' dir='ltr'>ut</span> <span class='ocrx_word' id='word_1_384' title='bbox 231 2364 313 2420; x_wconf 89' lang='lat' dir='ltr'>idem</span> <span class='ocrx_word' id='word_1_385' title='bbox 333 2363 480 2435; x_wconf 90' lang='lat' dir='ltr'>intelligas</span> <span class='ocrx_word' id='word_1_386' title='bbox 495 2362 651 2420; x_wconf 89' lang='lat' dir='ltr'>ambulare</span> <span class='ocrx_word' id='word_1_387' title='bbox 666 2366 695 2419; x_wconf 92' lang='lat' dir='ltr'>et</span> <span class='ocrx_word' id='word_1_388' title='bbox 708 2378 837 2430; x_wconf 86' lang='lat' dir='ltr'>currere,</span> <span class='ocrx_word' id='word_1_389' title='bbox 848 2378 886 2418; x_wconf 91' lang='lat' dir='ltr'>ne</span> <span class='ocrx_word' id='word_1_390' title='bbox 938 2364 978 2421; x_wconf 91' lang='lat' dir='ltr'>ad</span> <span class='ocrx_word' id='word_1_391' title='bbox 993 2364 1168 2425; x_wconf 89' lang='lat' dir='ltr'>alterutrum</span> <span class='ocrx_word' id='word_1_392' title='bbox 1182 2367 1307 2424; x_wconf 85' lang='lat' dir='ltr'>transire</span> <span class='ocrx_word' id='word_1_393' title='bbox 1317 2382 1491 2439; x_wconf 91' lang='lat' dir='ltr'>possumus.</span> <span class='ocrx_word' id='word_1_394' title='bbox 1502 2367 1712 2425; x_wconf 88' lang='lat' dir='ltr'>Tumediatrix</span> <span class='ocrx_word' id='word_1_395' title='bbox 1724 2383 1767 2438; x_wconf 89' lang='lat' dir='ltr'>es,</span> 
     </span>
     <span class='ocr_line' id='line_1_26' title="bbox 54 2450 1769 2529; baseline 0.002 -18"><span class='ocrx_word' id='word_1_396' title='bbox 54 2454 220 2511; x_wconf 84' lang='lat' dir='ltr'>beatiorem</span> <span class='ocrx_word' id='word_1_397' title='bbox 240 2453 336 2511; x_wconf 88' lang='lat' dir='ltr'>beatis</span> <span class='ocrx_word' id='word_1_398' title='bbox 358 2469 391 2511; x_wconf 90' lang='lat' dir='ltr'>se</span> <span class='ocrx_word' id='word_1_399' title='bbox 412 2453 531 2521; x_wconf 88' lang='lat' dir='ltr'>diceret,</span> <span class='ocrx_word' id='word_1_400' title='bbox 548 2452 573 2509; x_wconf 92' lang='lat' dir='ltr'>si</span> <span class='ocrx_word' id='word_1_401' title='bbox 587 2452 643 2511; x_wconf 91' lang='lat' dir='ltr'>illis</span> <span class='ocrx_word' id='word_1_402' title='bbox 658 2450 885 2510; x_wconf 87' lang='lat' dir='ltr'>ambulantibus</span> <span class='ocrx_word' id='word_1_403' title='bbox 938 2454 1081 2513; x_wconf 88' lang='lat' dir='ltr'>adversos</span> <span class='ocrx_word' id='word_1_404' title='bbox 1096 2455 1269 2528; x_wconf 89' lang='lat' dir='ltr'>concilians,</span> <span class='ocrx_word' id='word_1_405' title='bbox 1283 2456 1451 2528; x_wconf 76' lang='lat' dir='ltr'>disiunctos</span> <span class='ocrx_word' id='word_1_406' title='bbox 1466 2457 1596 2529; x_wconf 88' lang='lat' dir='ltr'>socians,</span> <span class='ocrx_word' id='word_1_407' title='bbox 1609 2460 1769 2515; x_wconf 81' lang='lat' dir='ltr'>sitantum</span> 
     </span>
     <span class='ocr_line' id='line_1_27' title="bbox 54 2540 1770 2621; baseline 0.003 -22"><span class='ocrx_word' id='word_1_408' title='bbox 54 2544 120 2616; x_wconf 87' lang='lat' dir='ltr'>ipse</span> <span class='ocrx_word' id='word_1_409' title='bbox 133 2543 304 2601; x_wconf 89' lang='lat' dir='ltr'>cucurisset.</span> <span class='ocrx_word' id='word_1_410' title='bbox 320 2542 418 2601; x_wconf 87' lang='lat' dir='ltr'>Habes</span> <span class='ocrx_word' id='word_1_411' title='bbox 433 2557 505 2612; x_wconf 91' lang='lat' dir='ltr'>ergo</span> <span class='ocrx_word' id='word_1_412' title='bbox 519 2542 611 2609; x_wconf 83' lang='lat' dir='ltr'>viam,</span> <span class='ocrx_word' id='word_1_413' title='bbox 627 2541 722 2599; x_wconf 81' lang='lat' dir='ltr'>habes</span> <span class='ocrx_word' id='word_1_414' title='bbox 741 2540 839 2596; x_wconf 88' lang='lat' dir='ltr'>socios</span> <span class='ocrx_word' id='word_1_415' title='bbox 854 2540 886 2595; x_wconf 90' lang='lat' dir='ltr'>in</span> <span class='ocrx_word' id='word_1_416' title='bbox 938 2543 1084 2617; x_wconf 88' lang='lat' dir='ltr'>dispares,</span> <span class='ocrx_word' id='word_1_417' title='bbox 1106 2545 1335 2619; x_wconf 90' lang='lat' dir='ltr'>quodammodo</span> <span class='ocrx_word' id='word_1_418' title='bbox 1357 2563 1529 2621; x_wconf 68' lang='lat' dir='ltr'>coaequans.</span> <span class='ocrx_word' id='word_1_419' title='bbox 1553 2550 1648 2604; x_wconf 90' lang='lat' dir='ltr'>Deum</span> <span class='ocrx_word' id='word_1_420' title='bbox 1670 2546 1770 2603; x_wconf 83' lang='lat' dir='ltr'>humi-</span> 
     </span>
     <span class='ocr_line' id='line_1_28' title="bbox 54 2628 1770 2705; baseline 0.002 -17"><span class='ocrx_word' id='word_1_421' title='bbox 54 2633 113 2702; x_wconf 88' lang='lat' dir='ltr'>via,</span> <span class='ocrx_word' id='word_1_422' title='bbox 129 2631 223 2688; x_wconf 89' lang='lat' dir='ltr'>habes</span> <span class='ocrx_word' id='word_1_423' title='bbox 238 2631 443 2689; x_wconf 68' lang='lat' dir='ltr'>hereditatem</span> <span class='ocrx_word' id='word_1_424' title='bbox 465 2631 498 2689; x_wconf 90' lang='lat' dir='ltr'>in</span> <span class='ocrx_word' id='word_1_425' title='bbox 512 2632 619 2705; x_wconf 88' lang='lat' dir='ltr'>patria,</span> <span class='ocrx_word' id='word_1_426' title='bbox 632 2630 727 2689; x_wconf 88' lang='lat' dir='ltr'>habes</span> <span class='ocrx_word' id='word_1_427' title='bbox 741 2628 884 2703; x_wconf 84' lang='lat' dir='ltr'>qua&#39;per-</span> <span class='ocrx_word' id='word_1_428' title='bbox 937 2634 1026 2705; x_wconf 85' lang='lat' dir='ltr'>linas,</span> <span class='ocrx_word' id='word_1_429' title='bbox 1048 2650 1105 2690; x_wconf 91' lang='lat' dir='ltr'>nos</span> <span class='ocrx_word' id='word_1_430' title='bbox 1124 2634 1302 2705; x_wconf 88' lang='lat' dir='ltr'>sublimans,</span> <span class='ocrx_word' id='word_1_431' title='bbox 1317 2635 1402 2692; x_wconf 89' lang='lat' dir='ltr'>illum</span> <span class='ocrx_word' id='word_1_432' title='bbox 1426 2635 1466 2692; x_wconf 91' lang='lat' dir='ltr'>ad</span> <span class='ocrx_word' id='word_1_433' title='bbox 1489 2637 1551 2693; x_wconf 90' lang='lat' dir='ltr'>ima</span> <span class='ocrx_word' id='word_1_434' title='bbox 1565 2637 1697 2705; x_wconf 74' lang='lat' dir='ltr'>umens,</span> <span class='ocrx_word' id='word_1_435' title='bbox 1711 2650 1770 2694; x_wconf 75' lang='lat' dir='ltr'>non</span> 
     </span>
     <span class='ocr_line' id='line_1_29' title="bbox 54 2719 1769 2796; baseline 0.001 -18"><span class='ocrx_word' id='word_1_436' title='bbox 54 2737 121 2793; x_wconf 88' lang='lat' dir='ltr'>gas,</span> <span class='ocrx_word' id='word_1_437' title='bbox 147 2737 217 2777; x_wconf 89' lang='lat' dir='ltr'>cum</span> <span class='ocrx_word' id='word_1_438' title='bbox 245 2721 357 2795; x_wconf 90' lang='lat' dir='ltr'>quihus</span> <span class='ocrx_word' id='word_1_439' title='bbox 383 2736 503 2795; x_wconf 87' lang='lat' dir='ltr'>pergas,</span> <span class='ocrx_word' id='word_1_440' title='bbox 532 2721 584 2778; x_wconf 90' lang='lat' dir='ltr'>nbi</span> <span class='ocrx_word' id='word_1_441' title='bbox 613 2720 793 2794; x_wconf 87' lang='lat' dir='ltr'>requiescas.</span> <span class='ocrx_word' id='word_1_442' title='bbox 820 2719 885 2784; x_wconf 80' lang='lat' dir='ltr'>Qua</span> <span class='ocrx_word' id='word_1_443' title='bbox 939 2724 979 2780; x_wconf 91' lang='lat' dir='ltr'>ad</span> <span class='ocrx_word' id='word_1_444' title='bbox 994 2739 1114 2779; x_wconf 90' lang='lat' dir='ltr'>summa</span> <span class='ocrx_word' id='word_1_445' title='bbox 1132 2723 1258 2793; x_wconf 88' lang='lat' dir='ltr'>erigens.</span> <span class='ocrx_word' id='word_1_446' title='bbox 1276 2724 1321 2781; x_wconf 89' lang='lat' dir='ltr'>Sic</span> <span class='ocrx_word' id='word_1_447' title='bbox 1335 2729 1436 2782; x_wconf 86' lang='lat' dir='ltr'>tamen</span> <span class='ocrx_word' id='word_1_448' title='bbox 1448 2729 1481 2781; x_wconf 92' lang='lat' dir='ltr'>ut</span> <span class='ocrx_word' id='word_1_449' title='bbox 1501 2740 1557 2781; x_wconf 88' lang='lat' dir='ltr'>nec</span> <span class='ocrx_word' id='word_1_450' title='bbox 1571 2724 1700 2796; x_wconf 83' lang='lat' dir='ltr'>abjecta,</span> <span class='ocrx_word' id='word_1_451' title='bbox 1714 2724 1769 2781; x_wconf 91' lang='lat' dir='ltr'>sed</span> 
     </span>
     <span class='ocr_line' id='line_1_30' title="bbox 54 2811 1770 2887; baseline 0.002 -19"><span class='ocrx_word' id='word_1_452' title='bbox 54 2827 176 2884; x_wconf 91' lang='lat' dir='ltr'>pergas,</span> <span class='ocrx_word' id='word_1_453' title='bbox 201 2811 358 2882; x_wconf 82' lang='lat' dir='ltr'>justitiam.</span> <span class='ocrx_word' id='word_1_454' title='bbox 384 2815 459 2871; x_wconf 81' lang='lat' dir='ltr'>Dum</span> <span class='ocrx_word' id='word_1_455' title='bbox 490 2811 602 2884; x_wconf 91' lang='lat' dir='ltr'>quibus</span> <span class='ocrx_word' id='word_1_456' title='bbox 626 2825 746 2884; x_wconf 89' lang='lat' dir='ltr'>pergas,</span> <span class='ocrx_word' id='word_1_457' title='bbox 781 2822 885 2865; x_wconf 89' lang='lat' dir='ltr'>aman·</span> <span class='ocrx_word' id='word_1_458' title='bbox 938 2813 989 2887; x_wconf 91' lang='lat' dir='ltr'>pia</span> <span class='ocrx_word' id='word_1_459' title='bbox 1004 2812 1040 2870; x_wconf 90' lang='lat' dir='ltr'>sit</span> <span class='ocrx_word' id='word_1_460' title='bbox 1061 2813 1126 2884; x_wconf 91' lang='lat' dir='ltr'>ejus</span> <span class='ocrx_word' id='word_1_461' title='bbox 1146 2813 1313 2882; x_wconf 88' lang='lat' dir='ltr'>descensio,</span> <span class='ocrx_word' id='word_1_462' title='bbox 1335 2830 1391 2871; x_wconf 89' lang='lat' dir='ltr'>nec</span> <span class='ocrx_word' id='word_1_463' title='bbox 1414 2814 1554 2887; x_wconf 89' lang='lat' dir='ltr'>superbe,</span> <span class='ocrx_word' id='word_1_464' title='bbox 1571 2813 1624 2870; x_wconf 91' lang='lat' dir='ltr'>sed</span> <span class='ocrx_word' id='word_1_465' title='bbox 1639 2813 1770 2884; x_wconf 82' lang='lat' dir='ltr'>gloriosa</span> 
     </span>
     <span class='ocr_line' id='line_1_31' title="bbox 54 2896 1765 2974; baseline 0.001 -17"><span class='ocrx_word' id='word_1_466' title='bbox 54 2905 99 2957; x_wconf 86' lang='lat' dir='ltr'>tes</span> <span class='ocrx_word' id='word_1_467' title='bbox 128 2903 157 2958; x_wconf 91' lang='lat' dir='ltr'>et</span> <span class='ocrx_word' id='word_1_468' title='bbox 190 2904 335 2958; x_wconf 88' lang='lat' dir='ltr'>sectantes</span> <span class='ocrx_word' id='word_1_469' title='bbox 367 2901 525 2972; x_wconf 88' lang='lat' dir='ltr'>justitiam.</span> <span class='ocrx_word' id='word_1_470' title='bbox 564 2902 629 2966; x_wconf 80' lang='lat'>0110</span> <span class='ocrx_word' id='word_1_471' title='bbox 657 2896 828 2973; x_wconf 52' lang='lat' dir='ltr'>pimeniam</span> <span class='ocrx_word' id='word_1_472' title='bbox 858 2898 887 2952; x_wconf 76' lang='grc' dir='ltr'>θῐ</span> <span class='ocrx_word' id='word_1_473' title='bbox 939 2903 976 2958; x_wconf 90' lang='lat' dir='ltr'>sit</span> <span class='ocrx_word' id='word_1_474' title='bbox 1001 2902 1094 2958; x_wconf 89' lang='lat' dir='ltr'>nostri</span> <span class='ocrx_word' id='word_1_475' title='bbox 1119 2902 1273 2971; x_wconf 68' lang='lat' dir='ltr'>exalatim</span> <span class='ocrx_word' id='word_1_476' title='bbox 1301 2918 1447 2974; x_wconf 88' lang='lat' dir='ltr'>magnam</span> <span class='ocrx_word' id='word_1_477' title='bbox 1473 2919 1544 2973; x_wconf 90' lang='lat' dir='ltr'>ergo</span> <span class='ocrx_word' id='word_1_478' title='bbox 1572 2902 1635 2958; x_wconf 84' lang='lat' dir='ltr'>rim</span> <span class='ocrx_word' id='word_1_479' title='bbox 1658 2901 1765 2971; x_wconf 88' lang='lat' dir='ltr'>habes,</span> 
     </span>
     <span class='ocr_line' id='line_1_32' title="bbox 54 2986 1770 3065; baseline 0 -19"><span class='ocrx_word' id='word_1_480' title='bbox 54 2991 86 3046; x_wconf 93' lang='lat' dir='ltr'>in</span> <span class='ocrx_word' id='word_1_481' title='bbox 101 3006 162 3063; x_wconf 92' lang='lat' dir='ltr'>quo</span> <span class='ocrx_word' id='word_1_482' title='bbox 176 2990 357 3063; x_wconf 87' lang='lat' dir='ltr'>requiescas,</span> <span class='ocrx_word' id='word_1_483' title='bbox 373 2996 402 3048; x_wconf 89' lang='lat' dir='ltr'>et</span> <span class='ocrx_word' id='word_1_484' title='bbox 416 2995 570 3049; x_wconf 86' lang='lat' dir='ltr'>auctorem</span> <span class='ocrx_word' id='word_1_485' title='bbox 582 2989 715 3061; x_wconf 76' lang='lat' dir='ltr'>justitiae,</span> <span class='ocrx_word' id='word_1_486' title='bbox 729 2990 759 3044; x_wconf 90' lang='lat' dir='ltr'>et</span> <span class='ocrx_word' id='word_1_487' title='bbox 772 2986 886 3044; x_wconf 87' lang='lat' dir='ltr'>fontem</span> <span class='ocrx_word' id='word_1_488' title='bbox 940 2991 1080 3057; x_wconf 88' lang='lat' dir='ltr'>charitas,</span> <span class='ocrx_word' id='word_1_489' title='bbox 1096 2994 1128 3047; x_wconf 93' lang='lat' dir='ltr'>tu</span> <span class='ocrx_word' id='word_1_490' title='bbox 1155 2991 1219 3048; x_wconf 90' lang='lat' dir='ltr'>sola</span> <span class='ocrx_word' id='word_1_491' title='bbox 1242 2994 1337 3048; x_wconf 94' lang='lat' dir='ltr'>Deum</span> <span class='ocrx_word' id='word_1_492' title='bbox 1360 2993 1476 3048; x_wconf 81' lang='lat' dir='ltr'>trahere</span> <span class='ocrx_word' id='word_1_493' title='bbox 1497 2990 1619 3065; x_wconf 87' lang='lat' dir='ltr'>potuisti</span> <span class='ocrx_word' id='word_1_494' title='bbox 1641 2989 1678 3047; x_wconf 89' lang='lat' dir='ltr'>de</span> <span class='ocrx_word' id='word_1_495' title='bbox 1693 2988 1770 3046; x_wconf 83' lang='lat' dir='ltr'>coelo</span> 
     </span>
     <span class='ocr_line' id='line_1_33' title="bbox 54 3075 1768 3153; baseline -0.004 -17"><span class='ocrx_word' id='word_1_496' title='bbox 54 3080 132 3137; x_wconf 65' lang='lat' dir='ltr'>ville.</span> <span class='ocrx_word' id='word_1_497' title='bbox 148 3078 233 3137; x_wconf 83' lang='lat' dir='ltr'>Nulla</span> <span class='ocrx_word' id='word_1_498' title='bbox 248 3079 424 3151; x_wconf 81' lang='lat' dir='ltr'>viajusliiia</span> <span class='ocrx_word' id='word_1_499' title='bbox 445 3079 561 3149; x_wconf 77' lang='lat' dir='ltr'>rectior,</span> <span class='ocrx_word' id='word_1_500' title='bbox 584 3078 667 3134; x_wconf 81' lang='lat' dir='ltr'>nulla</span> <span class='ocrx_word' id='word_1_501' title='bbox 682 3075 885 3146; x_wconf 75' lang='lat' dir='ltr'>soeioiasjus·</span> <span class='ocrx_word' id='word_1_502' title='bbox 941 3080 980 3137; x_wconf 81' lang='lat' dir='ltr'>ad</span> <span class='ocrx_word' id='word_1_503' title='bbox 1005 3084 1109 3137; x_wconf 80' lang='lat' dir='ltr'>terras,</span> <span class='ocrx_word' id='word_1_504' title='bbox 1147 3080 1170 3136; x_wconf 87' lang='grc'>0</span> <span class='ocrx_word' id='word_1_505' title='bbox 1197 3096 1292 3153; x_wconf 82' lang='lat' dir='ltr'>quam</span> <span class='ocrx_word' id='word_1_506' title='bbox 1319 3080 1394 3137; x_wconf 83' lang='lat' dir='ltr'>forte</span> <span class='ocrx_word' id='word_1_507' title='bbox 1420 3084 1464 3137; x_wconf 81' lang='lat' dir='ltr'>est</span> <span class='ocrx_word' id='word_1_508' title='bbox 1491 3079 1647 3136; x_wconf 76' lang='lat' dir='ltr'>vinculum</span> <span class='ocrx_word' id='word_1_509' title='bbox 1669 3082 1768 3149; x_wconf 80' lang='lat' dir='ltr'>tuum,</span> 
     </span>
     <span class='ocr_line' id='line_1_34' title="bbox 55 3165 1770 3244; baseline -0.002 -17"><span class='ocrx_word' id='word_1_510' title='bbox 55 3175 154 3227; x_wconf 90' lang='lat' dir='ltr'>torum</span> <span class='ocrx_word' id='word_1_511' title='bbox 168 3169 309 3227; x_wconf 85' lang='lat' dir='ltr'>socictate</span> <span class='ocrx_word' id='word_1_512' title='bbox 319 3169 435 3241; x_wconf 90' lang='lat' dir='ltr'>melior,</span> <span class='ocrx_word' id='word_1_513' title='bbox 448 3169 532 3227; x_wconf 91' lang='lat' dir='ltr'>nulla</span> <span class='ocrx_word' id='word_1_514' title='bbox 541 3168 659 3244; x_wconf 82' lang='lat' dir='ltr'>requies</span> <span class='ocrx_word' id='word_1_515' title='bbox 671 3170 732 3225; x_wconf 89' lang='lat' dir='ltr'>Deo</span> <span class='ocrx_word' id='word_1_516' title='bbox 741 3165 886 3239; x_wconf 87' lang='lat' dir='ltr'>tranquil·</span> <span class='ocrx_word' id='word_1_517' title='bbox 940 3186 1002 3243; x_wconf 90' lang='lat' dir='ltr'>quo</span> <span class='ocrx_word' id='word_1_518' title='bbox 1016 3173 1046 3226; x_wconf 88' lang='lat' dir='ltr'>et</span> <span class='ocrx_word' id='word_1_519' title='bbox 1062 3172 1140 3226; x_wconf 91' lang='lat' dir='ltr'>Deus</span> <span class='ocrx_word' id='word_1_520' title='bbox 1152 3168 1239 3240; x_wconf 86' lang='lat' dir='ltr'>ligari</span> <span class='ocrx_word' id='word_1_521' title='bbox 1254 3169 1358 3244; x_wconf 92' lang='lat' dir='ltr'>potuit,</span> <span class='ocrx_word' id='word_1_522' title='bbox 1374 3175 1403 3226; x_wconf 90' lang='lat' dir='ltr'>et</span> <span class='ocrx_word' id='word_1_523' title='bbox 1421 3171 1516 3227; x_wconf 89' lang='lat' dir='ltr'>homo</span> <span class='ocrx_word' id='word_1_524' title='bbox 1528 3169 1639 3240; x_wconf 85' lang='lat' dir='ltr'>ligatus</span> <span class='ocrx_word' id='word_1_525' title='bbox 1650 3165 1770 3227; x_wconf 77' lang='lat' dir='ltr'>vincula</span> 
     </span>
     <span class='ocr_line' id='line_1_35' title="bbox 54 3256 1773 3335; baseline -0.001 -20"><span class='ocrx_word' id='word_1_526' title='bbox 54 3258 121 3318; x_wconf 92' lang='lat' dir='ltr'>lior.</span> <span class='ocrx_word' id='word_1_527' title='bbox 145 3262 236 3331; x_wconf 86' lang='lat' dir='ltr'>Perge</span> <span class='ocrx_word' id='word_1_528' title='bbox 263 3275 395 3328; x_wconf 87' lang='lat' dir='ltr'>securus,</span> <span class='ocrx_word' id='word_1_529' title='bbox 423 3275 515 3332; x_wconf 90' lang='lat' dir='ltr'>perge</span> <span class='ocrx_word' id='word_1_530' title='bbox 540 3258 677 3326; x_wconf 90' lang='lat' dir='ltr'>festinus,</span> <span class='ocrx_word' id='word_1_531' title='bbox 693 3262 727 3315; x_wconf 93' lang='lat' dir='ltr'>ut</span> <span class='ocrx_word' id='word_1_532' title='bbox 746 3256 888 3314; x_wconf 84' lang='lat' dir='ltr'>velociter</span> <span class='ocrx_word' id='word_1_533' title='bbox 939 3260 1102 3335; x_wconf 87' lang='lat' dir='ltr'>iniquitatis</span> <span class='ocrx_word' id='word_1_534' title='bbox 1117 3259 1257 3333; x_wconf 89' lang='lat' dir='ltr'>disrupitl</span> <span class='ocrx_word' id='word_1_535' title='bbox 1283 3260 1387 3317; x_wconf 90' lang='lat' dir='ltr'>Nescio</span> <span class='ocrx_word' id='word_1_536' title='bbox 1411 3259 1524 3333; x_wconf 90' lang='lat' dir='ltr'>siquid</span> <span class='ocrx_word' id='word_1_537' title='bbox 1538 3259 1639 3330; x_wconf 87' lang='lat' dir='ltr'>majus</span> <span class='ocrx_word' id='word_1_538' title='bbox 1652 3257 1684 3315; x_wconf 94' lang='lat' dir='ltr'>in</span> <span class='ocrx_word' id='word_1_539' title='bbox 1705 3257 1773 3314; x_wconf 86' lang='lat' dir='ltr'>lan·</span> 
     </span>
     <span class='ocr_line' id='line_1_36' title="bbox 56 3345 1770 3424; baseline -0.001 -19"><span class='ocrx_word' id='word_1_540' title='bbox 56 3348 223 3422; x_wconf 89' lang='lat' dir='ltr'>pervenias,</span> <span class='ocrx_word' id='word_1_541' title='bbox 248 3347 371 3407; x_wconf 84' lang='lat' dir='ltr'>feliciter</span> <span class='ocrx_word' id='word_1_542' title='bbox 399 3348 587 3422; x_wconf 86' lang='lat' dir='ltr'>requiescas:</span> <span class='ocrx_word' id='word_1_543' title='bbox 616 3348 674 3405; x_wconf 86' lang='lat' dir='ltr'>aito</span> <span class='ocrx_word' id='word_1_544' title='bbox 699 3362 824 3422; x_wconf 89' lang='lat' dir='ltr'>pergere</span> <span class='ocrx_word' id='word_1_545' title='bbox 842 3351 886 3404; x_wconf 89' lang='lat' dir='ltr'>est</span> <span class='ocrx_word' id='word_1_546' title='bbox 939 3351 1009 3408; x_wconf 88' lang='lat' dir='ltr'>dem</span> <span class='ocrx_word' id='word_1_547' title='bbox 1032 3350 1075 3406; x_wconf 91' lang='lat' dir='ltr'>tui</span> <span class='ocrx_word' id='word_1_548' title='bbox 1096 3349 1194 3406; x_wconf 89' lang='lat' dir='ltr'>dicere</span> <span class='ocrx_word' id='word_1_549' title='bbox 1213 3348 1338 3423; x_wconf 90' lang='lat' dir='ltr'>possim,</span> <span class='ocrx_word' id='word_1_550' title='bbox 1354 3365 1448 3424; x_wconf 92' lang='lat' dir='ltr'>quam</span> <span class='ocrx_word' id='word_1_551' title='bbox 1468 3353 1501 3406; x_wconf 90' lang='lat' dir='ltr'>nt</span> <span class='ocrx_word' id='word_1_552' title='bbox 1524 3352 1618 3405; x_wconf 92' lang='lat' dir='ltr'>Deum</span> <span class='ocrx_word' id='word_1_553' title='bbox 1640 3345 1770 3406; x_wconf 80' lang='lat' dir='ltr'>dccoelo</span> 
     </span>
     <span class='ocr_line' id='line_1_37' title="bbox 54 3437 1768 3511; baseline -0.001 -16"><span class='ocrx_word' id='word_1_554' title='bbox 54 3438 195 3497; x_wconf 84' lang='lat' dir='ltr'>ardenter</span> <span class='ocrx_word' id='word_1_555' title='bbox 217 3454 330 3496; x_wconf 86' lang='lat' dir='ltr'>amare.</span> <span class='ocrx_word' id='word_1_556' title='bbox 346 3438 416 3496; x_wconf 89' lang='lat' dir='ltr'>Vide</span> <span class='ocrx_word' id='word_1_557' title='bbox 443 3454 514 3509; x_wconf 88' lang='lat' dir='ltr'>ergo</span> <span class='ocrx_word' id='word_1_558' title='bbox 538 3438 694 3511; x_wconf 90' lang='lat' dir='ltr'>quomodo</span> <span class='ocrx_word' id='word_1_559' title='bbox 717 3441 812 3496; x_wconf 89' lang='lat' dir='ltr'>totum</span> <span class='ocrx_word' id='word_1_560' title='bbox 829 3438 886 3495; x_wconf 88' lang='lat' dir='ltr'>bo·</span> <span class='ocrx_word' id='word_1_561' title='bbox 940 3441 1081 3508; x_wconf 89' lang='lat' dir='ltr'>traheres,</span> <span class='ocrx_word' id='word_1_562' title='bbox 1095 3439 1290 3496; x_wconf 89' lang='lat' dir='ltr'>ethominem</span> <span class='ocrx_word' id='word_1_563' title='bbox 1304 3439 1433 3496; x_wconf 87' lang='lat' dir='ltr'>deterre</span> <span class='ocrx_word' id='word_1_564' title='bbox 1447 3439 1610 3496; x_wconf 85' lang='lat' dir='ltr'>adcoelum</span> <span class='ocrx_word' id='word_1_565' title='bbox 1624 3437 1768 3495; x_wconf 85' lang='lat' dir='ltr'>elevares.</span> 
     </span>
     <span class='ocr_line' id='line_1_38' title="bbox 54 3526 1770 3602; baseline -0.002 -16"><span class='ocrx_word' id='word_1_566' title='bbox 54 3545 130 3586; x_wconf 92' lang='lat' dir='ltr'>num</span> <span class='ocrx_word' id='word_1_567' title='bbox 153 3532 238 3586; x_wconf 89' lang='lat' dir='ltr'>tuum</span> <span class='ocrx_word' id='word_1_568' title='bbox 261 3544 297 3586; x_wconf 86' lang='lat' dir='ltr'>ex</span> <span class='ocrx_word' id='word_1_569' title='bbox 323 3528 466 3586; x_wconf 89' lang='lat' dir='ltr'>charitate</span> <span class='ocrx_word' id='word_1_570' title='bbox 489 3528 609 3602; x_wconf 91' lang='lat' dir='ltr'>pendet.</span> <span class='ocrx_word' id='word_1_571' title='bbox 637 3531 691 3586; x_wconf 87' lang='lat' dir='ltr'>Per</span> <span class='ocrx_word' id='word_1_572' title='bbox 710 3529 886 3586; x_wconf 88' lang='lat' dir='ltr'>charitatem</span> <span class='ocrx_word' id='word_1_573' title='bbox 939 3533 1045 3601; x_wconf 89' lang='lat' dir='ltr'>hlagna</span> <span class='ocrx_word' id='word_1_574' title='bbox 1058 3529 1152 3586; x_wconf 85' lang='lat' dir='ltr'>virtus</span> <span class='ocrx_word' id='word_1_575' title='bbox 1167 3532 1228 3596; x_wconf 89' lang='lat' dir='ltr'>tua,</span> <span class='ocrx_word' id='word_1_576' title='bbox 1244 3533 1276 3585; x_wconf 90' lang='lat' dir='ltr'>ut</span> <span class='ocrx_word' id='word_1_577' title='bbox 1288 3545 1342 3602; x_wconf 91' lang='lat' dir='ltr'>per</span> <span class='ocrx_word' id='word_1_578' title='bbox 1354 3533 1382 3586; x_wconf 93' lang='lat' dir='ltr'>te</span> <span class='ocrx_word' id='word_1_579' title='bbox 1396 3528 1545 3601; x_wconf 91' lang='lat' dir='ltr'>usquead</span> <span class='ocrx_word' id='word_1_580' title='bbox 1559 3526 1770 3585; x_wconf 87' lang='lat' dir='ltr'>bachumilia-</span> 
     </span>
     <span class='ocr_line' id='line_1_39' title="bbox 54 3616 1768 3691; baseline -0.001 -17"><span class='ocrx_word' id='word_1_581' title='bbox 54 3619 136 3675; x_wconf 85' lang='lat' dir='ltr'>viam</span> <span class='ocrx_word' id='word_1_582' title='bbox 148 3616 241 3689; x_wconf 86' lang='lat' dir='ltr'>eligis,</span> <span class='ocrx_word' id='word_1_583' title='bbox 254 3633 309 3691; x_wconf 92' lang='lat' dir='ltr'>per</span> <span class='ocrx_word' id='word_1_584' title='bbox 322 3616 497 3675; x_wconf 87' lang='lat' dir='ltr'>charitalem</span> <span class='ocrx_word' id='word_1_585' title='bbox 510 3617 591 3675; x_wconf 88' lang='lat' dir='ltr'>viam</span> <span class='ocrx_word' id='word_1_586' title='bbox 605 3616 710 3686; x_wconf 87' lang='lat' dir='ltr'>curris,</span> <span class='ocrx_word' id='word_1_587' title='bbox 723 3632 778 3690; x_wconf 88' lang='lat' dir='ltr'>per</span> <span class='ocrx_word' id='word_1_588' title='bbox 791 3616 886 3674; x_wconf 88' lang='lat' dir='ltr'>chari·</span> <span class='ocrx_word' id='word_1_589' title='bbox 939 3624 1020 3676; x_wconf 89' lang='lat' dir='ltr'>retur</span> <span class='ocrx_word' id='word_1_590' title='bbox 1043 3622 1133 3686; x_wconf 91' lang='lat' dir='ltr'>Deus,</span> <span class='ocrx_word' id='word_1_591' title='bbox 1149 3621 1178 3673; x_wconf 90' lang='lat' dir='ltr'>et</span> <span class='ocrx_word' id='word_1_592' title='bbox 1199 3634 1295 3690; x_wconf 91' lang='lat' dir='ltr'>usque</span> <span class='ocrx_word' id='word_1_593' title='bbox 1321 3617 1361 3674; x_wconf 89' lang='lat' dir='ltr'>ad</span> <span class='ocrx_word' id='word_1_594' title='bbox 1383 3619 1442 3673; x_wconf 92' lang='lat' dir='ltr'>hoc</span> <span class='ocrx_word' id='word_1_595' title='bbox 1466 3616 1645 3675; x_wconf 86' lang='lat' dir='ltr'>exaltaretur</span> <span class='ocrx_word' id='word_1_596' title='bbox 1664 3616 1768 3672; x_wconf 87' lang='lat' dir='ltr'>homo.</span> 
     </span>
     <span class='ocr_line' id='line_1_40' title="bbox 55 3705 1770 3781; baseline -0.001 -20"><span class='ocrx_word' id='word_1_597' title='bbox 55 3710 146 3763; x_wconf 85' lang='lat' dir='ltr'>tatem</span> <span class='ocrx_word' id='word_1_598' title='bbox 171 3706 211 3764; x_wconf 90' lang='lat' dir='ltr'>ad</span> <span class='ocrx_word' id='word_1_599' title='bbox 224 3708 353 3780; x_wconf 86' lang='lat' dir='ltr'>patriam</span> <span class='ocrx_word' id='word_1_600' title='bbox 376 3707 525 3781; x_wconf 86' lang='lat' dir='ltr'>pervenis.</span> <span class='ocrx_word' id='word_1_601' title='bbox 547 3708 595 3765; x_wconf 92' lang='lat' dir='ltr'>Vis</span> <span class='ocrx_word' id='word_1_602' title='bbox 616 3706 701 3777; x_wconf 86' lang='lat' dir='ltr'>seire,</span> <span class='ocrx_word' id='word_1_603' title='bbox 716 3706 800 3779; x_wconf 91' lang='lat' dir='ltr'>quod</span> <span class='ocrx_word' id='word_1_604' title='bbox 823 3722 885 3762; x_wconf 87' lang='lat' dir='ltr'>non</span> <span class='ocrx_word' id='word_1_605' title='bbox 940 3708 1104 3767; x_wconf 82' lang='lat' dir='ltr'>considero</span> <span class='ocrx_word' id='word_1_606' title='bbox 1120 3710 1214 3763; x_wconf 91' lang='lat' dir='ltr'>Deum</span> <span class='ocrx_word' id='word_1_607' title='bbox 1227 3723 1264 3762; x_wconf 87' lang='lat' dir='ltr'>ex</span> <span class='ocrx_word' id='word_1_608' title='bbox 1278 3705 1682 3775; x_wconf 87' lang='lat' dir='ltr'>feminanatum,infantem,</span> <span class='ocrx_word' id='word_1_609' title='bbox 1697 3717 1770 3775; x_wconf 84' lang='lat' dir='ltr'>pan·</span> 
     </span>
     <span class='ocr_line' id='line_1_41' title="bbox 56 3791 1768 3868; baseline -0.001 -19"><span class='ocrx_word' id='word_1_610' title='bbox 56 3794 113 3850; x_wconf 91' lang='lat' dir='ltr'>nisi</span> <span class='ocrx_word' id='word_1_611' title='bbox 128 3811 181 3867; x_wconf 89' lang='lat' dir='ltr'>per</span> <span class='ocrx_word' id='word_1_612' title='bbox 195 3796 370 3855; x_wconf 86' lang='lat' dir='ltr'>charitatem</span> <span class='ocrx_word' id='word_1_613' title='bbox 384 3797 466 3855; x_wconf 87' lang='lat' dir='ltr'>viam</span> <span class='ocrx_word' id='word_1_614' title='bbox 483 3796 604 3868; x_wconf 81' lang='lat' dir='ltr'>justitiae</span> <span class='ocrx_word' id='word_1_615' title='bbox 628 3794 734 3865; x_wconf 81' lang='lat' dir='ltr'>eligis?</span> <span class='ocrx_word' id='word_1_616' title='bbox 756 3794 790 3852; x_wconf 86' lang='lat' dir='ltr'>Si</span> <span class='ocrx_word' id='word_1_617' title='bbox 807 3798 885 3867; x_wconf 81' lang='lat' dir='ltr'>quis,</span> <span class='ocrx_word' id='word_1_618' title='bbox 939 3798 986 3853; x_wconf 86' lang='lat' dir='ltr'>nis</span> <span class='ocrx_word' id='word_1_619' title='bbox 1000 3797 1142 3862; x_wconf 90' lang='lat' dir='ltr'>obsitum,</span> <span class='ocrx_word' id='word_1_620' title='bbox 1157 3795 1328 3865; x_wconf 75' lang='lat' dir='ltr'>vagientem</span> <span class='ocrx_word' id='word_1_621' title='bbox 1341 3795 1371 3850; x_wconf 92' lang='lat' dir='ltr'>in</span> <span class='ocrx_word' id='word_1_622' title='bbox 1386 3794 1481 3861; x_wconf 88' lang='lat' dir='ltr'>cunis,</span> <span class='ocrx_word' id='word_1_623' title='bbox 1498 3795 1655 3864; x_wconf 87' lang='lat' dir='ltr'>sugentem</span> <span class='ocrx_word' id='word_1_624' title='bbox 1663 3791 1768 3849; x_wconf 89' lang='lat' dir='ltr'>ubera.</span> 
     </span>
    </p>
   </div>
   <div class='ocr_carea' id='block_1_3' title="bbox 55 3879 1870 3958">
    <p class='ocr_par' dir='ltr' id='par_1_11' title="bbox 55 3879 1870 3958">
     <span class='ocr_line' id='line_1_42' title="bbox 55 3879 1870 3958; baseline -0.002 -19"><span class='ocrx_word' id='word_1_625' title='bbox 55 3884 155 3956; x_wconf 91' lang='lat' dir='ltr'>inquit</span> <span class='ocrx_word' id='word_1_626' title='bbox 170 3885 323 3957; x_wconf 91' lang='lat' dir='ltr'>Dominus,</span> <span class='ocrx_word' id='word_1_627' title='bbox 343 3887 443 3958; x_wconf 75' lang='lat' dir='ltr'>diligit</span> <span class='ocrx_word' id='word_1_628' title='bbox 457 3902 513 3956; x_wconf 87' lang='lat' dir='ltr'>me,</span> <span class='ocrx_word' id='word_1_629' title='bbox 528 3901 676 3943; x_wconf 72' lang='lat' dir='ltr'>semones</span> <span class='ocrx_word' id='word_1_630' title='bbox 697 3901 775 3943; x_wconf 87' lang='lat' dir='ltr'>meos</span> <span class='ocrx_word' id='word_1_631' title='bbox 789 3901 887 3943; x_wconf 85' lang='lat' dir='ltr'>seraa-</span> <span class='ocrx_word' id='word_1_632' title='bbox 941 3885 1076 3958; x_wconf 85' lang='lat' dir='ltr'>Respieio</span> <span class='ocrx_word' id='word_1_633' title='bbox 1091 3888 1196 3958; x_wconf 91' lang='lat' dir='ltr'>postea</span> <span class='ocrx_word' id='word_1_634' title='bbox 1210 3884 1474 3957; x_wconf 88' lang='lat' dir='ltr'>comprehensum,</span> <span class='ocrx_word' id='word_1_635' title='bbox 1488 3883 1624 3953; x_wconf 89' lang='lat' dir='ltr'>ligatum,</span> <span class='ocrx_word' id='word_1_636' title='bbox 1644 3879 1771 3951; x_wconf 80' lang='lat' dir='ltr'>flagellis</span> <span class='ocrx_word' id='word_1_637' title='bbox 1868 3913 1870 3919; x_wconf 44' lang='grc' dir='ltr'><strong><em>ι</em></strong></span> 
     </span>
    </p>
   </div>
   <div class='ocr_carea' id='block_1_4' title="bbox 55 3970 1774 5749">
    <p class='ocr_par' dir='ltr' id='par_1_12' title="bbox 55 3970 1774 5749">
     <span class='ocr_line' id='line_1_43' title="bbox 57 3970 1770 4049; baseline -0.002 -20"><span class='ocrx_word' id='word_1_638' title='bbox 57 3974 99 4029; x_wconf 83' lang='lat' dir='ltr'>hit</span> <span class='ocrx_word' id='word_1_639' title='bbox 113 3974 213 4044; x_wconf 68' lang='lat' dir='ltr'>(ioan.</span> <span class='ocrx_word' id='word_1_640' title='bbox 229 3978 309 4047; x_wconf 83' lang='lat' dir='ltr'>xrr)‚·</span> <span class='ocrx_word' id='word_1_641' title='bbox 328 3976 366 4033; x_wconf 89' lang='lat' dir='ltr'>de</span> <span class='ocrx_word' id='word_1_642' title='bbox 380 3976 446 4048; x_wconf 88' lang='lat' dir='ltr'>ipso</span> <span class='ocrx_word' id='word_1_643' title='bbox 462 3980 564 4033; x_wconf 88' lang='lat' dir='ltr'>autem</span> <span class='ocrx_word' id='word_1_644' title='bbox 577 3990 716 4032; x_wconf 90' lang='lat' dir='ltr'>sermone</span> <span class='ocrx_word' id='word_1_645' title='bbox 730 3974 802 4033; x_wconf 90' lang='lat' dir='ltr'>alibi</span> <span class='ocrx_word' id='word_1_646' title='bbox 816 3975 887 4032; x_wconf 88' lang='lat' dir='ltr'>dici-</span> <span class='ocrx_word' id='word_1_647' title='bbox 940 3993 1062 4047; x_wconf 80' lang='lat' dir='ltr'>caesum,</span> <span class='ocrx_word' id='word_1_648' title='bbox 1079 3974 1172 4049; x_wconf 87' lang='lat' dir='ltr'>spinis</span> <span class='ocrx_word' id='word_1_649' title='bbox 1191 3979 1378 4040; x_wconf 89' lang='lat' dir='ltr'>coronatum,</span> <span class='ocrx_word' id='word_1_650' title='bbox 1395 3973 1490 4046; x_wconf 89' lang='lat' dir='ltr'>sputis</span> <span class='ocrx_word' id='word_1_651' title='bbox 1509 3971 1627 4040; x_wconf 89' lang='lat' dir='ltr'>illitum,</span> <span class='ocrx_word' id='word_1_652' title='bbox 1649 3970 1770 4027; x_wconf 87' lang='lat' dir='ltr'>lancea-</span> 
     </span>
     <span class='ocr_line' id='line_1_44' title="bbox 57 4059 1772 4138; baseline -0.001 -20"><span class='ocrx_word' id='word_1_653' title='bbox 57 4067 122 4119; x_wconf 88' lang='lat' dir='ltr'>tur:</span> <span class='ocrx_word' id='word_1_654' title='bbox 146 4064 250 4121; x_wconf 78' lang='lat' dir='ltr'>Semne</span> <span class='ocrx_word' id='word_1_655' title='bbox 270 4067 461 4123; x_wconf 69' lang='lat' dir='ltr'>inmanitas</span> <span class='ocrx_word' id='word_1_656' title='bbox 477 4071 520 4123; x_wconf 87' lang='lat' dir='ltr'>est</span> <span class='ocrx_word' id='word_1_657' title='bbox 534 4066 634 4136; x_wconf 76' lang='lat' dir='ltr'>(Joaa.</span> <span class='ocrx_word' id='word_1_658' title='bbox 651 4067 740 4137; x_wconf 61' lang='lat' dir='ltr'>sarh·</span> <span class='ocrx_word' id='word_1_659' title='bbox 765 4064 804 4122; x_wconf 91' lang='lat' dir='ltr'>de</span> <span class='ocrx_word' id='word_1_660' title='bbox 824 4081 887 4138; x_wconf 92' lang='lat' dir='ltr'>qua</span> <span class='ocrx_word' id='word_1_661' title='bbox 940 4070 1014 4132; x_wconf 88' lang='lat' dir='ltr'>tum,</span> <span class='ocrx_word' id='word_1_662' title='bbox 1030 4064 1122 4122; x_wconf 81' lang='lat' dir='ltr'>clavis</span> <span class='ocrx_word' id='word_1_663' title='bbox 1135 4064 1241 4133; x_wconf 84' lang='lat' dir='ltr'>lirum,</span> <span class='ocrx_word' id='word_1_664' title='bbox 1256 4063 1323 4120; x_wconf 91' lang='lat' dir='ltr'>felle</span> <span class='ocrx_word' id='word_1_665' title='bbox 1342 4068 1371 4120; x_wconf 90' lang='lat' dir='ltr'>et</span> <span class='ocrx_word' id='word_1_666' title='bbox 1384 4066 1468 4121; x_wconf 90' lang='lat' dir='ltr'>aceto</span> <span class='ocrx_word' id='word_1_667' title='bbox 1491 4064 1640 4136; x_wconf 89' lang='lat' dir='ltr'>potatum,</span> <span class='ocrx_word' id='word_1_668' title='bbox 1655 4059 1714 4117; x_wconf 90' lang='lat' dir='ltr'>illie</span> <span class='ocrx_word' id='word_1_669' title='bbox 1728 4059 1772 4116; x_wconf 92' lang='lat' dir='ltr'>in·</span> 
     </span>
     <span class='ocr_line' id='line_1_45' title="bbox 55 4147 1772 4228; baseline -0.003 -19"><span class='ocrx_word' id='word_1_670' title='bbox 55 4153 163 4210; x_wconf 91' lang='lat' dir='ltr'>iterum</span> <span class='ocrx_word' id='word_1_671' title='bbox 177 4153 350 4212; x_wconf 87' lang='lat' dir='ltr'>Psalmista:</span> <span class='ocrx_word' id='word_1_672' title='bbox 367 4157 460 4224; x_wconf 84' lang='lat' dir='ltr'>Viam,</span> <span class='ocrx_word' id='word_1_673' title='bbox 471 4156 578 4228; x_wconf 82' lang='lat' dir='ltr'>inquit,</span> <span class='ocrx_word' id='word_1_674' title='bbox 595 4156 830 4227; x_wconf 73' lang='lat' dir='ltr'>veritatiselepi,</span> <span class='ocrx_word' id='word_1_675' title='bbox 839 4158 887 4226; x_wconf 77' lang='lat' dir='ltr'>ja-</span> <span class='ocrx_word' id='word_1_676' title='bbox 941 4155 1043 4226; x_wconf 89' lang='lat' dir='ltr'>digna,</span> <span class='ocrx_word' id='word_1_677' title='bbox 1057 4155 1104 4211; x_wconf 91' lang='lat' dir='ltr'>hic</span> <span class='ocrx_word' id='word_1_678' title='bbox 1118 4154 1184 4211; x_wconf 89' lang='lat' dir='ltr'>dira</span> <span class='ocrx_word' id='word_1_679' title='bbox 1195 4170 1332 4228; x_wconf 88' lang='lat' dir='ltr'>passum,</span> <span class='ocrx_word' id='word_1_680' title='bbox 1348 4156 1377 4209; x_wconf 90' lang='lat' dir='ltr'>et</span> <span class='ocrx_word' id='word_1_681' title='bbox 1398 4156 1500 4210; x_wconf 88' lang='lat' dir='ltr'>tamen</span> <span class='ocrx_word' id='word_1_682' title='bbox 1526 4166 1580 4206; x_wconf 92' lang='lat' dir='ltr'>cur</span> <span class='ocrx_word' id='word_1_683' title='bbox 1597 4149 1646 4206; x_wconf 88' lang='lat' dir='ltr'>vel</span> <span class='ocrx_word' id='word_1_684' title='bbox 1664 4148 1715 4206; x_wconf 87' lang='lat' dir='ltr'>illa</span> <span class='ocrx_word' id='word_1_685' title='bbox 1728 4147 1772 4204; x_wconf 92' lang='lat' dir='ltr'>di·</span> 
     </span>
     <span class='ocr_line' id='line_1_46' title="bbox 57 4233 1770 4319; baseline -0.006 -20"><span class='ocrx_word' id='word_1_686' title='bbox 57 4244 137 4300; x_wconf 81' lang='lat' dir='ltr'>dicia</span> <span class='ocrx_word' id='word_1_687' title='bbox 160 4250 212 4301; x_wconf 83' lang='lat' dir='ltr'>tua</span> <span class='ocrx_word' id='word_1_688' title='bbox 226 4261 287 4301; x_wconf 79' lang='lat' dir='ltr'>aaa</span> <span class='ocrx_word' id='word_1_689' title='bbox 310 4261 375 4303; x_wconf 83' lang='lat' dir='ltr'>sam</span> <span class='ocrx_word' id='word_1_690' title='bbox 399 4247 508 4303; x_wconf 82' lang='lat' dir='ltr'>obiitus</span> <span class='ocrx_word' id='word_1_691' title='bbox 532 4247 627 4319; x_wconf 81' lang='lat' dir='ltr'>(Psai.</span> <span class='ocrx_word' id='word_1_692' title='bbox 642 4246 748 4318; x_wconf 82' lang='lat' dir='ltr'>cxrru).</span> <span class='ocrx_word' id='word_1_693' title='bbox 772 4246 801 4303; x_wconf 92' lang='lat' dir='ltr'>Si</span> <span class='ocrx_word' id='word_1_694' title='bbox 815 4261 886 4317; x_wconf 87' lang='lat' dir='ltr'>ergo</span> <span class='ocrx_word' id='word_1_695' title='bbox 943 4243 1093 4308; x_wconf 73' lang='lat' dir='ltr'>gaarmai,</span> <span class='ocrx_word' id='word_1_696' title='bbox 1106 4237 1154 4296; x_wconf 89' lang='lat' dir='ltr'>vel</span> <span class='ocrx_word' id='word_1_697' title='bbox 1168 4238 1224 4296; x_wconf 88' lang='lat' dir='ltr'>ista</span> <span class='ocrx_word' id='word_1_698' title='bbox 1241 4241 1402 4310; x_wconf 90' lang='lat' dir='ltr'>pateretur,</span> <span class='ocrx_word' id='word_1_699' title='bbox 1418 4237 1441 4292; x_wconf 91' lang='lat' dir='ltr'>si</span> <span class='ocrx_word' id='word_1_700' title='bbox 1457 4250 1583 4293; x_wconf 89' lang='lat' dir='ltr'>causam</span> <span class='ocrx_word' id='word_1_701' title='bbox 1595 4233 1770 4306; x_wconf 73' lang='lat' dir='ltr'>querimus,</span> 
     </span>
     <span class='ocr_line' id='line_1_47' title="bbox 58 4319 1770 4410; baseline -0.004 -29"><span class='ocrx_word' id='word_1_702' title='bbox 58 4348 157 4390; x_wconf 86' lang='lat' dir='ltr'>sermo</span> <span class='ocrx_word' id='word_1_703' title='bbox 172 4333 290 4391; x_wconf 75' lang='lat' dir='ltr'>Domini</span> <span class='ocrx_word' id='word_1_704' title='bbox 304 4335 412 4392; x_wconf 67' lang='lat' dir='ltr'>veritas</span> <span class='ocrx_word' id='word_1_705' title='bbox 427 4341 481 4406; x_wconf 61' lang='lat' dir='ltr'>egi,</span> <span class='ocrx_word' id='word_1_706' title='bbox 496 4353 551 4410; x_wconf 70' lang='lat' dir='ltr'>pgr</span> <span class='ocrx_word' id='word_1_707' title='bbox 570 4337 653 4394; x_wconf 68' lang='lat' dir='ltr'>illam</span> <span class='ocrx_word' id='word_1_708' title='bbox 672 4337 774 4410; x_wconf 74' lang='lat' dir='ltr'>utique</span> <span class='ocrx_word' id='word_1_709' title='bbox 790 4335 886 4392; x_wconf 73' lang='lat' dir='ltr'>chari.</span> <span class='ocrx_word' id='word_1_710' title='bbox 943 4328 1033 4384; x_wconf 70' lang='lat' dir='ltr'>allani</span> <span class='ocrx_word' id='word_1_711' title='bbox 1048 4331 1154 4401; x_wconf 64' lang='lat' dir='ltr'>proeiel‘</span> <span class='ocrx_word' id='word_1_712' title='bbox 1175 4325 1272 4385; x_wconf 72' lang='lat' dir='ltr'>Solam</span> <span class='ocrx_word' id='word_1_713' title='bbox 1287 4325 1463 4382; x_wconf 75' lang='lat' dir='ltr'>charitalem</span> <span class='ocrx_word' id='word_1_714' title='bbox 1477 4337 1540 4379; x_wconf 80' lang='lat' dir='ltr'>110ss</span> <span class='ocrx_word' id='word_1_715' title='bbox 1552 4319 1731 4378; x_wconf 69' lang='lat' dir='ltr'>lssVDIlimUfl·</span> <span class='ocrx_word' id='word_1_716' title='bbox 1747 4320 1770 4376; x_wconf 87' lang='lat'>0</span> 
     </span>
     <span class='ocr_line' id='line_1_48' title="bbox 58 4394 1772 4498; baseline -0.008 -21"><span class='ocrx_word' id='word_1_717' title='bbox 58 4425 149 4478; x_wconf 89' lang='lat' dir='ltr'>tatem</span> <span class='ocrx_word' id='word_1_718' title='bbox 162 4421 211 4479; x_wconf 85' lang='lat' dir='ltr'>via</span> <span class='ocrx_word' id='word_1_719' title='bbox 224 4423 355 4480; x_wconf 89' lang='lat' dir='ltr'>veritatis</span> <span class='ocrx_word' id='word_1_720' title='bbox 381 4425 507 4494; x_wconf 85' lang='lat' dir='ltr'>eligitur,</span> <span class='ocrx_word' id='word_1_721' title='bbox 524 4442 578 4498; x_wconf 89' lang='lat' dir='ltr'>per</span> <span class='ocrx_word' id='word_1_722' title='bbox 603 4441 696 4498; x_wconf 90' lang='lat' dir='ltr'>quam</span> <span class='ocrx_word' id='word_1_723' title='bbox 717 4441 816 4482; x_wconf 89' lang='lat' dir='ltr'>sermo</span> <span class='ocrx_word' id='word_1_724' title='bbox 832 4394 925 4481; x_wconf 64' lang='lat' dir='ltr'>Dan</span> <span class='ocrx_word' id='word_1_725' title='bbox 943 4417 1089 4477; x_wconf 88' lang='lat' dir='ltr'>eharitnsl</span> <span class='ocrx_word' id='word_1_726' title='bbox 1103 4421 1251 4489; x_wconf 91' lang='lat' dir='ltr'>quantum</span> <span class='ocrx_word' id='word_1_727' title='bbox 1265 4415 1372 4489; x_wconf 87' lang='lat' dir='ltr'>potes?</span> <span class='ocrx_word' id='word_1_728' title='bbox 1395 4413 1419 4471; x_wconf 92' lang='lat' dir='ltr'>si</span> <span class='ocrx_word' id='word_1_729' title='bbox 1431 4417 1549 4470; x_wconf 89' lang='lat' dir='ltr'>tantum</span> <span class='ocrx_word' id='word_1_730' title='bbox 1562 4407 1715 4467; x_wconf 85' lang='lat' dir='ltr'>invaluisti</span> <span class='ocrx_word' id='word_1_731' title='bbox 1726 4423 1772 4465; x_wconf 87' lang='lat' dir='ltr'>er·</span> 
     </span>
     <span class='ocr_line' id='line_1_49' title="bbox 57 4497 1770 4586; baseline -0.008 -19"><span class='ocrx_word' id='word_1_732' title='bbox 57 4511 131 4568; x_wconf 90' lang='lat' dir='ltr'>mini</span> <span class='ocrx_word' id='word_1_733' title='bbox 144 4511 294 4584; x_wconf 89' lang='lat' dir='ltr'>impletur.</span> <span class='ocrx_word' id='word_1_734' title='bbox 320 4515 396 4583; x_wconf 83' lang='lat' dir='ltr'>Ergo</span> <span class='ocrx_word' id='word_1_735' title='bbox 412 4513 541 4570; x_wconf 87' lang='lat' dir='ltr'>charitas</span> <span class='ocrx_word' id='word_1_736' title='bbox 561 4514 640 4583; x_wconf 89' lang='lat' dir='ltr'>eligit</span> <span class='ocrx_word' id='word_1_737' title='bbox 654 4514 736 4571; x_wconf 84' lang='lat' dir='ltr'>viam</span> <span class='ocrx_word' id='word_1_738' title='bbox 754 4513 885 4586; x_wconf 82' lang='lat' dir='ltr'>justitiae.</span> <span class='ocrx_word' id='word_1_739' title='bbox 943 4524 981 4578; x_wconf 89' lang='lat' dir='ltr'>ga</span> <span class='ocrx_word' id='word_1_740' title='bbox 995 4511 1100 4578; x_wconf 90' lang='lat' dir='ltr'>Deum,</span> <span class='ocrx_word' id='word_1_741' title='bbox 1115 4510 1230 4580; x_wconf 88' lang='lat' dir='ltr'>quanto</span> <span class='ocrx_word' id='word_1_742' title='bbox 1252 4504 1349 4575; x_wconf 90' lang='lat' dir='ltr'>magis</span> <span class='ocrx_word' id='word_1_743' title='bbox 1373 4519 1444 4575; x_wconf 87' lang='lat' dir='ltr'>erga</span> <span class='ocrx_word' id='word_1_744' title='bbox 1466 4499 1622 4560; x_wconf 88' lang='lat' dir='ltr'>hominesl</span> <span class='ocrx_word' id='word_1_745' title='bbox 1648 4497 1677 4557; x_wconf 85' lang='lat' dir='ltr'>si</span> <span class='ocrx_word' id='word_1_746' title='bbox 1691 4501 1770 4555; x_wconf 85' lang='lat' dir='ltr'>Deus</span> 
     </span>
     <span class='ocr_line' id='line_1_50' title="bbox 59 4589 1772 4674; baseline -0.008 -17"><span class='ocrx_word' id='word_1_747' title='bbox 59 4599 116 4657; x_wconf 90' lang='lat' dir='ltr'>Sed</span> <span class='ocrx_word' id='word_1_748' title='bbox 127 4601 338 4674; x_wconf 89' lang='lat' dir='ltr'>nunquidsine</span> <span class='ocrx_word' id='word_1_749' title='bbox 349 4603 492 4661; x_wconf 88' lang='lat' dir='ltr'>charitate</span> <span class='ocrx_word' id='word_1_750' title='bbox 503 4602 679 4673; x_wconf 84' lang='lat' dir='ltr'>viajustitiae</span> <span class='ocrx_word' id='word_1_751' title='bbox 690 4619 752 4660; x_wconf 91' lang='lat' dir='ltr'>non</span> <span class='ocrx_word' id='word_1_752' title='bbox 759 4603 886 4673; x_wconf 87' lang='lat' dir='ltr'>eligitur,</span> <span class='ocrx_word' id='word_1_753' title='bbox 943 4603 1064 4671; x_wconf 74' lang='lat' dir='ltr'>prepter</span> <span class='ocrx_word' id='word_1_754' title='bbox 1078 4596 1234 4654; x_wconf 90' lang='lat' dir='ltr'>hominem</span> <span class='ocrx_word' id='word_1_755' title='bbox 1249 4599 1330 4653; x_wconf 90' lang='lat' dir='ltr'>tanta</span> <span class='ocrx_word' id='word_1_756' title='bbox 1351 4592 1481 4668; x_wconf 86' lang='lat' dir='ltr'>pertulit,</span> <span class='ocrx_word' id='word_1_757' title='bbox 1496 4590 1571 4665; x_wconf 92' lang='lat' dir='ltr'>quid</span> <span class='ocrx_word' id='word_1_758' title='bbox 1586 4589 1680 4647; x_wconf 91' lang='lat' dir='ltr'>bomo</span> <span class='ocrx_word' id='word_1_759' title='bbox 1700 4602 1772 4660; x_wconf 71' lang='lat' dir='ltr'>pro«.</span> 
     </span>
     <span class='ocr_line' id='line_1_51' title="bbox 57 4675 1774 4764; baseline -0.007 -19"><span class='ocrx_word' id='word_1_760' title='bbox 57 4693 86 4746; x_wconf 93' lang='lat' dir='ltr'>et</span> <span class='ocrx_word' id='word_1_761' title='bbox 100 4689 164 4747; x_wconf 91' lang='lat' dir='ltr'>sine</span> <span class='ocrx_word' id='word_1_762' title='bbox 179 4691 320 4749; x_wconf 82' lang='lat' dir='ltr'>charitate</span> <span class='ocrx_word' id='word_1_763' title='bbox 340 4692 492 4750; x_wconf 77' lang='lat' dir='ltr'>curritur?</span> <span class='ocrx_word' id='word_1_764' title='bbox 511 4691 589 4747; x_wconf 79' lang='lat' dir='ltr'>Audi</span> <span class='ocrx_word' id='word_1_765' title='bbox 599 4691 681 4748; x_wconf 91' lang='lat' dir='ltr'>idem</span> <span class='ocrx_word' id='word_1_766' title='bbox 694 4691 795 4764; x_wconf 90' lang='lat' dir='ltr'>ipsum</span> <span class='ocrx_word' id='word_1_767' title='bbox 809 4692 889 4749; x_wconf 87' lang='lat' dir='ltr'>Psal-</span> <span class='ocrx_word' id='word_1_768' title='bbox 941 4693 1010 4760; x_wconf 87' lang='lat' dir='ltr'>pter</span> <span class='ocrx_word' id='word_1_769' title='bbox 1023 4690 1118 4744; x_wconf 90' lang='lat' dir='ltr'>Deum</span> <span class='ocrx_word' id='word_1_770' title='bbox 1130 4687 1256 4744; x_wconf 86' lang='lat' dir='ltr'>tolerare</span> <span class='ocrx_word' id='word_1_771' title='bbox 1277 4682 1453 4742; x_wconf 78' lang='lat' dir='ltr'>recusabit?</span> <span class='ocrx_word' id='word_1_772' title='bbox 1480 4681 1537 4739; x_wconf 87' lang='lat' dir='ltr'>Sed</span> <span class='ocrx_word' id='word_1_773' title='bbox 1551 4677 1689 4736; x_wconf 78' lang='lat' dir='ltr'>fortassis</span> <span class='ocrx_word' id='word_1_774' title='bbox 1702 4675 1774 4734; x_wconf 88' lang='lat' dir='ltr'>faci·</span> 
     </span>
     <span class='ocr_line' id='line_1_52' title="bbox 57 4766 1772 4854; baseline -0.006 -19"><span class='ocrx_word' id='word_1_775' title='bbox 57 4779 154 4836; x_wconf 79' lang='lat' dir='ltr'>mistas</span> <span class='ocrx_word' id='word_1_776' title='bbox 167 4779 260 4853; x_wconf 83' lang='lat' dir='ltr'>(quod</span> <span class='ocrx_word' id='word_1_777' title='bbox 270 4781 410 4854; x_wconf 90' lang='lat' dir='ltr'>superius</span> <span class='ocrx_word' id='word_1_778' title='bbox 420 4779 663 4850; x_wconf 86' lang='lat' dir='ltr'>commemoravi)</span> <span class='ocrx_word' id='word_1_779' title='bbox 675 4780 887 4850; x_wconf 87' lang='lat' dir='ltr'>testimonium,</span> <span class='ocrx_word' id='word_1_780' title='bbox 942 4778 999 4834; x_wconf 88' lang='lat' dir='ltr'>lius</span> <span class='ocrx_word' id='word_1_781' title='bbox 1013 4776 1086 4834; x_wconf 87' lang='lat' dir='ltr'>vicis</span> <span class='ocrx_word' id='word_1_782' title='bbox 1101 4779 1195 4833; x_wconf 88' lang='lat' dir='ltr'>Deum</span> <span class='ocrx_word' id='word_1_783' title='bbox 1209 4790 1303 4848; x_wconf 87' lang='lat' dir='ltr'>quam</span> <span class='ocrx_word' id='word_1_784' title='bbox 1317 4773 1482 4838; x_wconf 90' lang='lat' dir='ltr'>hominem,</span> <span class='ocrx_word' id='word_1_785' title='bbox 1496 4769 1594 4839; x_wconf 90' lang='lat' dir='ltr'>magis</span> <span class='ocrx_word' id='word_1_786' title='bbox 1608 4766 1772 4841; x_wconf 72' lang='lat' dir='ltr'>prevalere</span> 
     </span>
     <span class='ocr_line' id='line_1_53' title="bbox 57 4857 1771 4943; baseline -0.005 -19"><span class='ocrx_word' id='word_1_787' title='bbox 57 4884 120 4941; x_wconf 91' lang='lat' dir='ltr'>quo</span> <span class='ocrx_word' id='word_1_788' title='bbox 141 4868 238 4926; x_wconf 89' lang='lat' dir='ltr'>dicit:</span> <span class='ocrx_word' id='word_1_789' title='bbox 275 4872 357 4928; x_wconf 89' lang='lat' dir='ltr'>Viam</span> <span class='ocrx_word' id='word_1_790' title='bbox 386 4872 599 4928; x_wconf 80' lang='lat' dir='ltr'>mandatorum</span> <span class='ocrx_word' id='word_1_791' title='bbox 621 4874 740 4926; x_wconf 75' lang='lat' dir='ltr'>tuarum</span> <span class='ocrx_word' id='word_1_792' title='bbox 766 4873 889 4929; x_wconf 79' lang='lat' dir='ltr'>cucurri</span> <span class='ocrx_word' id='word_1_793' title='bbox 941 4874 1027 4943; x_wconf 90' lang='lat' dir='ltr'>potes</span> <span class='ocrx_word' id='word_1_794' title='bbox 1041 4870 1100 4924; x_wconf 88' lang='lat' dir='ltr'>Deo</span> <span class='ocrx_word' id='word_1_795' title='bbox 1114 4882 1207 4938; x_wconf 92' lang='lat' dir='ltr'>quam</span> <span class='ocrx_word' id='word_1_796' title='bbox 1222 4862 1348 4932; x_wconf 91' lang='lat' dir='ltr'>homini,</span> <span class='ocrx_word' id='word_1_797' title='bbox 1363 4861 1435 4935; x_wconf 92' lang='lat' dir='ltr'>quia</span> <span class='ocrx_word' id='word_1_798' title='bbox 1449 4876 1510 4933; x_wconf 91' lang='lat' dir='ltr'>quo</span> <span class='ocrx_word' id='word_1_799' title='bbox 1524 4858 1623 4929; x_wconf 90' lang='lat' dir='ltr'>magis</span> <span class='ocrx_word' id='word_1_800' title='bbox 1636 4857 1771 4926; x_wconf 87' lang='lat' dir='ltr'>beatum,</span> 
     </span>
     <span class='ocr_line' id='line_1_54' title="bbox 58 4947 1772 5032; baseline -0.004 -19"><span class='ocrx_word' id='word_1_801' title='bbox 58 4973 125 5013; x_wconf 85' lang='lat' dir='ltr'>cam</span> <span class='ocrx_word' id='word_1_802' title='bbox 140 4958 279 5017; x_wconf 79' lang='lat' dir='ltr'>dilatasti</span> <span class='ocrx_word' id='word_1_803' title='bbox 293 4975 456 5018; x_wconf 83' lang='lat' dir='ltr'>cormeum</span> <span class='ocrx_word' id='word_1_804' title='bbox 471 4959 576 5032; x_wconf 78' lang='lat' dir='ltr'>(ibid).</span> <span class='ocrx_word' id='word_1_805' title='bbox 592 4957 669 5025; x_wconf 83' lang='lat' dir='ltr'>Ouid</span> <span class='ocrx_word' id='word_1_806' title='bbox 683 4962 727 5017; x_wconf 91' lang='lat' dir='ltr'>est</span> <span class='ocrx_word' id='word_1_807' title='bbox 741 4960 822 5016; x_wconf 89' lang='lat' dir='ltr'>enim</span> <span class='ocrx_word' id='word_1_808' title='bbox 837 4975 888 5017; x_wconf 90' lang='lat' dir='ltr'>eor</span> <span class='ocrx_word' id='word_1_809' title='bbox 942 4976 977 5015; x_wconf 91' lang='lat' dir='ltr'>eo</span> <span class='ocrx_word' id='word_1_810' title='bbox 990 4956 1088 5027; x_wconf 92' lang='lat' dir='ltr'>magis</span> <span class='ocrx_word' id='word_1_811' title='bbox 1104 4958 1163 5011; x_wconf 88' lang='lat' dir='ltr'>Deo</span> <span class='ocrx_word' id='word_1_812' title='bbox 1178 4957 1222 5011; x_wconf 89' lang='lat' dir='ltr'>est</span> <span class='ocrx_word' id='word_1_813' title='bbox 1233 4951 1368 5010; x_wconf 89' lang='lat' dir='ltr'>debitum</span> <span class='ocrx_word' id='word_1_814' title='bbox 1382 4966 1400 5008; x_wconf 88' lang='lat' dir='ltr'>a</span> <span class='ocrx_word' id='word_1_815' title='bbox 1412 4953 1439 5008; x_wconf 89' lang='lat' dir='ltr'>te</span> <span class='ocrx_word' id='word_1_816' title='bbox 1455 4948 1601 5022; x_wconf 88' lang='lat' dir='ltr'>superari.</span> <span class='ocrx_word' id='word_1_817' title='bbox 1618 4951 1679 5007; x_wconf 91' lang='lat' dir='ltr'>lloc</span> <span class='ocrx_word' id='word_1_818' title='bbox 1694 4947 1772 5022; x_wconf 88' lang='lat' dir='ltr'>opti·</span> 
     </span>
     <span class='ocr_line' id='line_1_55' title="bbox 58 5037 1771 5117; baseline -0.005 -15"><span class='ocrx_word' id='word_1_819' title='bbox 58 5046 227 5117; x_wconf 88' lang='lat' dir='ltr'>dilatatum,</span> <span class='ocrx_word' id='word_1_820' title='bbox 240 5049 298 5105; x_wconf 86' lang='lat' dir='ltr'>nisi</span> <span class='ocrx_word' id='word_1_821' title='bbox 315 5066 366 5106; x_wconf 88' lang='lat' dir='ltr'>cor</span> <span class='ocrx_word' id='word_1_822' title='bbox 386 5065 489 5108; x_wconf 91' lang='lat' dir='ltr'>amore</span> <span class='ocrx_word' id='word_1_823' title='bbox 504 5049 631 5115; x_wconf 90' lang='lat' dir='ltr'>fervens,</span> <span class='ocrx_word' id='word_1_824' title='bbox 647 5063 699 5105; x_wconf 90' lang='lat' dir='ltr'>cor</span> <span class='ocrx_word' id='word_1_825' title='bbox 713 5064 731 5105; x_wconf 93' lang='lat' dir='ltr'>a</span> <span class='ocrx_word' id='word_1_826' title='bbox 746 5048 887 5107; x_wconf 87' lang='lat' dir='ltr'>charitate</span> <span class='ocrx_word' id='word_1_827' title='bbox 942 5065 991 5106; x_wconf 90' lang='lat' dir='ltr'>me</span> <span class='ocrx_word' id='word_1_828' title='bbox 1001 5051 1032 5105; x_wconf 90' lang='lat' dir='ltr'>tu</span> <span class='ocrx_word' id='word_1_829' title='bbox 1044 5060 1181 5111; x_wconf 83' lang='lat' dir='ltr'>noveras,</span> <span class='ocrx_word' id='word_1_830' title='bbox 1192 5059 1262 5115; x_wconf 73' lang='lat' dir='ltr'>quae</span> <span class='ocrx_word' id='word_1_831' title='bbox 1271 5046 1305 5098; x_wconf 92' lang='lat' dir='ltr'>ut</span> <span class='ocrx_word' id='word_1_832' title='bbox 1313 5039 1428 5097; x_wconf 90' lang='lat' dir='ltr'>facilius</span> <span class='ocrx_word' id='word_1_833' title='bbox 1435 5039 1579 5106; x_wconf 78' lang='lat' dir='ltr'>vinceres,</span> <span class='ocrx_word' id='word_1_834' title='bbox 1589 5039 1673 5114; x_wconf 84' lang='lat' dir='ltr'>prius</span> <span class='ocrx_word' id='word_1_835' title='bbox 1685 5037 1771 5096; x_wconf 90' lang='lat' dir='ltr'>illum</span> 
     </span>
     <span class='ocr_line' id='line_1_56' title="bbox 56 5124 1773 5211; baseline -0.004 -21"><span class='ocrx_word' id='word_1_836' title='bbox 56 5134 238 5208; x_wconf 81' lang='lat' dir='ltr'>impletum?</span> <span class='ocrx_word' id='word_1_837' title='bbox 253 5140 307 5195; x_wconf 76' lang='lat' dir='ltr'>Ver</span> <span class='ocrx_word' id='word_1_838' title='bbox 316 5138 492 5196; x_wconf 85' lang='lat' dir='ltr'>charitatem</span> <span class='ocrx_word' id='word_1_839' title='bbox 501 5137 590 5207; x_wconf 91' lang='lat' dir='ltr'>igitur</span> <span class='ocrx_word' id='word_1_840' title='bbox 599 5154 651 5195; x_wconf 92' lang='lat' dir='ltr'>cor</span> <span class='ocrx_word' id='word_1_841' title='bbox 660 5136 810 5204; x_wconf 87' lang='lat' dir='ltr'>dilatatur,</span> <span class='ocrx_word' id='word_1_842' title='bbox 822 5153 887 5193; x_wconf 86' lang='lat' dir='ltr'>cor·</span> <span class='ocrx_word' id='word_1_843' title='bbox 943 5135 1126 5211; x_wconf 63' lang='lat' dir='ltr'>superabam</span> <span class='ocrx_word' id='word_1_844' title='bbox 1151 5131 1250 5191; x_wconf 90' lang='lat' dir='ltr'>adhuc</span> <span class='ocrx_word' id='word_1_845' title='bbox 1271 5146 1327 5187; x_wconf 91' lang='lat' dir='ltr'>nos</span> <span class='ocrx_word' id='word_1_846' title='bbox 1348 5127 1473 5189; x_wconf 86' lang='lat' dir='ltr'>rebelles</span> <span class='ocrx_word' id='word_1_847' title='bbox 1491 5127 1633 5196; x_wconf 86' lang='lat' dir='ltr'>habuisti,</span> <span class='ocrx_word' id='word_1_848' title='bbox 1646 5124 1773 5198; x_wconf 90' lang='lat' dir='ltr'>qnando</span> 
     </span>
     <span class='ocr_line' id='line_1_57' title="bbox 57 5212 1770 5299; baseline -0.006 -20"><span class='ocrx_word' id='word_1_849' title='bbox 57 5224 95 5280; x_wconf 89' lang='lat' dir='ltr'>de</span> <span class='ocrx_word' id='word_1_850' title='bbox 119 5224 243 5284; x_wconf 91' lang='lat' dir='ltr'>dilatato</span> <span class='ocrx_word' id='word_1_851' title='bbox 263 5228 314 5284; x_wconf 90' lang='lat' dir='ltr'>via</span> <span class='ocrx_word' id='word_1_852' title='bbox 334 5226 455 5299; x_wconf 81' lang='lat' dir='ltr'>justitias</span> <span class='ocrx_word' id='word_1_853' title='bbox 478 5227 613 5283; x_wconf 87' lang='lat' dir='ltr'>curritur.</span> <span class='ocrx_word' id='word_1_854' title='bbox 637 5230 691 5282; x_wconf 87' lang='lat' dir='ltr'>Per</span> <span class='ocrx_word' id='word_1_855' title='bbox 712 5225 887 5285; x_wconf 88' lang='lat' dir='ltr'>charitatem</span> <span class='ocrx_word' id='word_1_856' title='bbox 941 5228 1026 5286; x_wconf 90' lang='lat' dir='ltr'>illum</span> <span class='ocrx_word' id='word_1_857' title='bbox 1040 5225 1094 5284; x_wconf 90' lang='lat' dir='ltr'>tibi</span> <span class='ocrx_word' id='word_1_858' title='bbox 1107 5222 1297 5281; x_wconf 89' lang='lat' dir='ltr'>obedientem</span> <span class='ocrx_word' id='word_1_859' title='bbox 1312 5220 1349 5277; x_wconf 91' lang='lat' dir='ltr'>de</span> <span class='ocrx_word' id='word_1_860' title='bbox 1363 5219 1434 5277; x_wconf 90' lang='lat' dir='ltr'>sede</span> <span class='ocrx_word' id='word_1_861' title='bbox 1452 5222 1585 5292; x_wconf 77' lang='lat' dir='ltr'>paterna</span> <span class='ocrx_word' id='word_1_862' title='bbox 1603 5212 1770 5285; x_wconf 81' lang='lat' dir='ltr'>majestatis</span> 
     </span>
     <span class='ocr_line' id='line_1_58' title="bbox 56 5299 1773 5391; baseline -0.005 -20"><span class='ocrx_word' id='word_1_863' title='bbox 56 5314 159 5388; x_wconf 92' lang='lat' dir='ltr'>itaque</span> <span class='ocrx_word' id='word_1_864' title='bbox 174 5317 269 5389; x_wconf 88' lang='lat' dir='ltr'>eligis,</span> <span class='ocrx_word' id='word_1_865' title='bbox 280 5334 335 5391; x_wconf 89' lang='lat' dir='ltr'>per</span> <span class='ocrx_word' id='word_1_866' title='bbox 347 5316 522 5373; x_wconf 88' lang='lat' dir='ltr'>charitatem</span> <span class='ocrx_word' id='word_1_867' title='bbox 535 5316 638 5384; x_wconf 87' lang='lat' dir='ltr'>curris,</span> <span class='ocrx_word' id='word_1_868' title='bbox 650 5332 704 5389; x_wconf 91' lang='lat' dir='ltr'>per</span> <span class='ocrx_word' id='word_1_869' title='bbox 714 5315 888 5373; x_wconf 88' lang='lat' dir='ltr'>charitatem</span> <span class='ocrx_word' id='word_1_870' title='bbox 943 5333 1037 5389; x_wconf 89' lang='lat' dir='ltr'>usque</span> <span class='ocrx_word' id='word_1_871' title='bbox 1055 5315 1095 5375; x_wconf 91' lang='lat' dir='ltr'>ad</span> <span class='ocrx_word' id='word_1_872' title='bbox 1110 5313 1231 5371; x_wconf 86' lang='lat' dir='ltr'>infirma</span> <span class='ocrx_word' id='word_1_873' title='bbox 1248 5314 1357 5369; x_wconf 77' lang='lat' dir='ltr'>nostra</span> <span class='ocrx_word' id='word_1_874' title='bbox 1376 5305 1563 5367; x_wconf 90' lang='lat' dir='ltr'>mortalitatis</span> <span class='ocrx_word' id='word_1_875' title='bbox 1578 5299 1773 5375; x_wconf 81' lang='lat' dir='ltr'>suscipienda</span> 
     </span>
     <span class='ocr_line' id='line_1_59' title="bbox 58 5389 1769 5478; baseline -0.009 -17"><span class='ocrx_word' id='word_1_876' title='bbox 58 5406 260 5477; x_wconf 84' lang='lat' dir='ltr'>apprehendis</span> <span class='ocrx_word' id='word_1_877' title='bbox 276 5411 305 5463; x_wconf 90' lang='lat' dir='ltr'>el</span> <span class='ocrx_word' id='word_1_878' title='bbox 318 5406 433 5463; x_wconf 80' lang='lat' dir='ltr'>frueris</span> <span class='ocrx_word' id='word_1_879' title='bbox 450 5405 539 5474; x_wconf 88' lang='lat' dir='ltr'>Deas,</span> <span class='ocrx_word' id='word_1_880' title='bbox 559 5404 655 5478; x_wconf 91' lang='lat' dir='ltr'>inquit</span> <span class='ocrx_word' id='word_1_881' title='bbox 668 5408 798 5462; x_wconf 81' lang='lat' dir='ltr'>loannes</span> <span class='ocrx_word' id='word_1_882' title='bbox 818 5421 889 5477; x_wconf 91' lang='lat' dir='ltr'>apo·</span> <span class='ocrx_word' id='word_1_883' title='bbox 942 5405 1122 5462; x_wconf 82' lang='lat' dir='ltr'>Descemlere</span> <span class='ocrx_word' id='word_1_884' title='bbox 1137 5401 1268 5472; x_wconf 79' lang='lat' dir='ltr'>coegisti.</span> <span class='ocrx_word' id='word_1_885' title='bbox 1285 5398 1442 5456; x_wconf 71' lang='lat' dir='ltr'>adduxisti</span> <span class='ocrx_word' id='word_1_886' title='bbox 1459 5396 1544 5452; x_wconf 93' lang='lat' dir='ltr'>illum</span> <span class='ocrx_word' id='word_1_887' title='bbox 1564 5389 1692 5448; x_wconf 82' lang='lat' dir='ltr'>vinculis</span> <span class='ocrx_word' id='word_1_888' title='bbox 1710 5389 1769 5446; x_wconf 89' lang='lat' dir='ltr'>tuis</span> 
     </span>
     <span class='ocr_line' id='line_1_60' title="bbox 58 5480 1767 5568; baseline -0.011 -14"><span class='ocrx_word' id='word_1_889' title='bbox 58 5497 162 5566; x_wconf 85' lang='lat' dir='ltr'>stolus,</span> <span class='ocrx_word' id='word_1_890' title='bbox 178 5498 312 5554; x_wconf 84' lang='lat' dir='ltr'>charitas</span> <span class='ocrx_word' id='word_1_891' title='bbox 325 5503 378 5568; x_wconf 86' lang='lat' dir='ltr'>est,</span> <span class='ocrx_word' id='word_1_892' title='bbox 395 5502 422 5553; x_wconf 89' lang='lat' dir='ltr'>et</span> <span class='ocrx_word' id='word_1_893' title='bbox 446 5496 499 5567; x_wconf 82' lang='lat' dir='ltr'>qai</span> <span class='ocrx_word' id='word_1_894' title='bbox 518 5502 618 5551; x_wconf 78' lang='lat' dir='ltr'>incitet</span> <span class='ocrx_word' id='word_1_895' title='bbox 636 5497 668 5551; x_wconf 82' lang='lat' dir='ltr'>in</span> <span class='ocrx_word' id='word_1_896' title='bbox 682 5495 840 5561; x_wconf 81' lang='lat' dir='ltr'>charitate,</span> <span class='ocrx_word' id='word_1_897' title='bbox 856 5497 888 5552; x_wconf 82' lang='lat' dir='ltr'>in</span> <span class='ocrx_word' id='word_1_898' title='bbox 943 5495 1108 5566; x_wconf 86' lang='lat' dir='ltr'>alligatum,</span> <span class='ocrx_word' id='word_1_899' title='bbox 1118 5492 1268 5549; x_wconf 88' lang='lat' dir='ltr'>adauxisti</span> <span class='ocrx_word' id='word_1_900' title='bbox 1279 5490 1363 5546; x_wconf 90' lang='lat' dir='ltr'>illum</span> <span class='ocrx_word' id='word_1_901' title='bbox 1375 5485 1488 5558; x_wconf 86' lang='lat' dir='ltr'>sagittis</span> <span class='ocrx_word' id='word_1_902' title='bbox 1501 5484 1559 5542; x_wconf 92' lang='lat' dir='ltr'>tuis</span> <span class='ocrx_word' id='word_1_903' title='bbox 1569 5480 1767 5538; x_wconf 85' lang='lat' dir='ltr'>vulneratum.</span> 
     </span>
     <span class='ocr_line' id='line_1_61' title="bbox 57 5570 1768 5665; baseline -0.011 -22"><span class='ocrx_word' id='word_1_904' title='bbox 57 5588 119 5644; x_wconf 89' lang='lat' dir='ltr'>Dea</span> <span class='ocrx_word' id='word_1_905' title='bbox 134 5593 246 5657; x_wconf 75' lang='lat' dir='ltr'>aranei,</span> <span class='ocrx_word' id='word_1_906' title='bbox 261 5593 287 5644; x_wconf 88' lang='lat' dir='ltr'>et</span> <span class='ocrx_word' id='word_1_907' title='bbox 312 5588 391 5644; x_wconf 83' lang='lat' dir='ltr'>Deus</span> <span class='ocrx_word' id='word_1_908' title='bbox 406 5588 437 5643; x_wconf 85' lang='lat' dir='ltr'>ia</span> <span class='ocrx_word' id='word_1_909' title='bbox 457 5602 499 5643; x_wconf 86' lang='lat' dir='ltr'>eo.</span> <span class='ocrx_word' id='word_1_910' title='bbox 526 5585 583 5654; x_wconf 81' lang='lat' dir='ltr'>Oui</span> <span class='ocrx_word' id='word_1_911' title='bbox 603 5584 697 5656; x_wconf 72' lang='lat' dir='ltr'>iqitar</span> <span class='ocrx_word' id='word_1_912' title='bbox 709 5583 887 5643; x_wconf 82' lang='lat' dir='ltr'>charitatem</span> <span class='ocrx_word' id='word_1_913' title='bbox 943 5583 1078 5656; x_wconf 81' lang='lat' dir='ltr'>Amplius</span> <span class='ocrx_word' id='word_1_914' title='bbox 1099 5586 1131 5638; x_wconf 92' lang='lat' dir='ltr'>ut</span> <span class='ocrx_word' id='word_1_915' title='bbox 1153 5582 1279 5665; x_wconf 88' lang='lat' dir='ltr'>puderet</span> <span class='ocrx_word' id='word_1_916' title='bbox 1299 5578 1452 5636; x_wconf 92' lang='lat' dir='ltr'>hominem</span> <span class='ocrx_word' id='word_1_917' title='bbox 1472 5573 1525 5631; x_wconf 92' lang='lat' dir='ltr'>tibi</span> <span class='ocrx_word' id='word_1_918' title='bbox 1538 5570 1684 5638; x_wconf 91' lang='lat' dir='ltr'>resistere,</span> <span class='ocrx_word' id='word_1_919' title='bbox 1699 5585 1768 5626; x_wconf 91' lang='lat' dir='ltr'>cum</span> 
     </span>
     <span class='ocr_line' id='line_1_62' title="bbox 59 5657 1769 5749; baseline -0.01 -15"><span class='ocrx_word' id='word_1_920' title='bbox 59 5678 159 5746; x_wconf 80' lang='lat' dir='ltr'>habet,</span> <span class='ocrx_word' id='word_1_921' title='bbox 176 5678 270 5733; x_wconf 86' lang='lat' dir='ltr'>Deam</span> <span class='ocrx_word' id='word_1_922' title='bbox 294 5677 392 5749; x_wconf 79' lang='lat' dir='ltr'>hahet,</span> <span class='ocrx_word' id='word_1_923' title='bbox 415 5679 508 5736; x_wconf 82' lang='lat' dir='ltr'>Deam</span> <span class='ocrx_word' id='word_1_924' title='bbox 525 5675 666 5748; x_wconf 81' lang='lat' dir='ltr'>possidet,</span> <span class='ocrx_word' id='word_1_925' title='bbox 681 5676 713 5735; x_wconf 86' lang='lat' dir='ltr'>ia</span> <span class='ocrx_word' id='word_1_926' title='bbox 737 5676 798 5733; x_wconf 87' lang='lat' dir='ltr'>Deo</span> <span class='ocrx_word' id='word_1_927' title='bbox 823 5691 887 5734; x_wconf 86' lang='lat' dir='ltr'>ma·</span> <span class='ocrx_word' id='word_1_928' title='bbox 944 5679 971 5733; x_wconf 92' lang='lat' dir='ltr'>te</span> <span class='ocrx_word' id='word_1_929' title='bbox 985 5672 1099 5730; x_wconf 84' lang='lat' dir='ltr'>videret</span> <span class='ocrx_word' id='word_1_930' title='bbox 1118 5674 1208 5729; x_wconf 86' lang='lat' dir='ltr'>eham</span> <span class='ocrx_word' id='word_1_931' title='bbox 1222 5670 1253 5726; x_wconf 92' lang='lat' dir='ltr'>in</span> <span class='ocrx_word' id='word_1_932' title='bbox 1266 5671 1362 5726; x_wconf 89' lang='lat' dir='ltr'>Deum</span> <span class='ocrx_word' id='word_1_933' title='bbox 1376 5662 1587 5738; x_wconf 88' lang='lat' dir='ltr'>triumphasse.</span> <span class='ocrx_word' id='word_1_934' title='bbox 1603 5657 1769 5720; x_wconf 77' lang='lat' dir='ltr'>vulnerasti</span> 
     </span>
    </p>
   </div>
   <div class='ocr_carea' id='block_1_5' title="bbox 0 0 1876 6082">
    <p class='ocr_par' dir='ltr' id='par_1_13' title="bbox 0 0 1876 6082">
     <span class='ocr_line' id='line_1_63' title="bbox 0 0 1876 6082; baseline 0 0"><span class='ocrx_word' id='word_1_935' title='bbox 0 0 1876 6082; x_wconf 95' lang='lat' dir='ltr'> </span> 
     </span>
    </p>
   </div>
  </div>
 </body>
</html>
