<?xml version="1.0" encoding="UTF-8"?>
<!DOCTYPE html PUBLIC "-//W3C//DTD XHTML 1.0 Transitional//EN"
    "http://www.w3.org/TR/xhtml1/DTD/xhtml1-transitional.dtd">
<html xmlns="http://www.w3.org/1999/xhtml" xml:lang="en" lang="en">
 <head>
  <title>
</title>
<meta http-equiv="Content-Type" content="text/html;charset=utf-8" />
  <meta name='ocr-system' content='tesseract 3.04.00' />
  <meta name='ocr-capabilities' content='ocr_page ocr_carea ocr_par ocr_line ocrx_word'/>
</head>
<body>
  <div class='ocr_page' id='page_1' title='image "./patrologiaecurs05migngoog_0329.png"; bbox 0 0 3742 6082; ppageno 0'>
   <div class='ocr_carea' id='block_1_1' title="bbox 119 208 1826 285">
    <p class='ocr_par' dir='ltr' id='par_1_1' title="bbox 119 208 1826 285">
     <span class='ocr_line' id='line_1_1' title="bbox 119 208 1826 285; baseline -0.01 0"><span class='ocrx_word' id='word_1_1' title='bbox 119 224 174 285; x_wconf 79' lang='lat'><strong>639</strong></span> <span class='ocrx_word' id='word_1_2' title='bbox 429 220 607 281; x_wconf 72' lang='lat' dir='ltr'><strong>nasonis</strong></span> <span class='ocrx_word' id='word_1_3' title='bbox 625 219 680 276; x_wconf 79' lang='lat' dir='ltr'><strong>DE</strong></span> <span class='ocrx_word' id='word_1_4' title='bbox 697 217 728 275; x_wconf 88' lang='lat' dir='ltr'><strong>S.</strong></span> <span class='ocrx_word' id='word_1_5' title='bbox 748 211 920 273; x_wconf 76' lang='lat' dir='ltr'>VICTORE</span> <span class='ocrx_word' id='word_1_6' title='bbox 938 208 1022 268; x_wconf 92' lang='lat' dir='ltr'><strong>OPP.</strong></span> <span class='ocrx_word' id='word_1_7' title='bbox 1043 209 1144 269; x_wconf 80' lang='lat' dir='ltr'><strong>PARS</strong></span> <span class='ocrx_word' id='word_1_8' title='bbox 1161 211 1201 270; x_wconf 88' lang='lat'><strong>11.</strong></span> <span class='ocrx_word' id='word_1_9' title='bbox 1222 241 1257 255; x_wconf 93' lang='lat'>-</span> <span class='ocrx_word' id='word_1_10' title='bbox 1276 212 1519 271; x_wconf 76' lang='lat' dir='ltr'>DOGMA&#39;HCA.</span> <span class='ocrx_word' id='word_1_11' title='bbox 1773 216 1826 277; x_wconf 69' lang='lat'><strong>640</strong></span> 
     </span>
    </p>
   </div>
   <div class='ocr_carea' id='block_1_2' title="bbox 106 333 1828 5728">
    <p class='ocr_par' dir='ltr' id='par_1_2' title="bbox 106 333 1828 5728">
     <span class='ocr_line' id='line_1_2' title="bbox 120 333 1826 410; baseline -0.002 -10"><span class='ocrx_word' id='word_1_12' title='bbox 120 343 193 402; x_wconf 75' lang='lat' dir='ltr'><strong>Cae.</strong></span> <span class='ocrx_word' id='word_1_13' title='bbox 210 345 246 400; x_wconf 90' lang='lat' dir='ltr'><strong>V.</strong></span> <span class='ocrx_word' id='word_1_14' title='bbox 262 348 422 406; x_wconf 82' lang='lat' dir='ltr'><strong>Quomodo</strong></span> <span class='ocrx_word' id='word_1_15' title='bbox 433 361 548 401; x_wconf 81' lang='lat' dir='ltr'><strong>ramus</strong></span> <span class='ocrx_word' id='word_1_16' title='bbox 567 344 661 400; x_wconf 81' lang='lat' dir='ltr'><strong>oliooe</strong></span> <span class='ocrx_word' id='word_1_17' title='bbox 681 342 870 409; x_wconf 79' lang='lat' dir='ltr'><strong><em>deportetur</em></strong></span> <span class='ocrx_word' id='word_1_18' title='bbox 897 337 941 391; x_wconf 83' lang='lat' dir='ltr'><strong>od</strong></span> <span class='ocrx_word' id='word_1_19' title='bbox 956 333 983 388; x_wconf 77' lang='grc' dir='ltr'><strong>Α</strong></span> <span class='ocrx_word' id='word_1_20' title='bbox 997 349 1120 390; x_wconf 78' lang='lat' dir='ltr'><strong>saurus</strong></span> <span class='ocrx_word' id='word_1_21' title='bbox 1137 334 1335 393; x_wconf 87' lang='lat' dir='ltr'><strong>absconditus</strong></span> <span class='ocrx_word' id='word_1_22' title='bbox 1348 343 1379 393; x_wconf 88' lang='lat' dir='ltr'><strong>et</strong></span> <span class='ocrx_word' id='word_1_23' title='bbox 1395 338 1523 394; x_wconf 87' lang='lat' dir='ltr'><strong>scientia</strong></span> <span class='ocrx_word' id='word_1_24' title='bbox 1537 335 1730 409; x_wconf 89' lang='lat' dir='ltr'><strong>abscondite,</strong></span> <span class='ocrx_word' id='word_1_25' title='bbox 1756 355 1826 410; x_wconf 81' lang='lat' dir='ltr'><strong>quoe</strong></span> 
     </span>
     <span class='ocr_line' id='line_1_3' title="bbox 376 424 1825 501; baseline -0.003 -12"><span class='ocrx_word' id='word_1_26' title='bbox 376 449 489 489; x_wconf 86' lang='lat' dir='ltr'><strong>arcam</strong></span> <span class='ocrx_word' id='word_1_27' title='bbox 505 431 687 501; x_wconf 72' lang='lat' dir='ltr'><strong><em>sapientiae.</em></strong></span> <span class='ocrx_word' id='word_1_28' title='bbox 998 424 1131 479; x_wconf 79' lang='lat' dir='ltr'><strong>utilitas</strong></span> <span class='ocrx_word' id='word_1_29' title='bbox 1145 429 1177 480; x_wconf 85' lang='lat' dir='ltr'><strong>et</strong></span> <span class='ocrx_word' id='word_1_30' title='bbox 1189 424 1362 496; x_wconf 73' lang='lat' dir='ltr'><strong>utrisque?</strong></span> <span class='ocrx_word' id='word_1_31' title='bbox 1373 428 1481 498; x_wconf 75' lang='lat' dir='ltr'><strong>(dccli.</strong></span> <span class='ocrx_word' id='word_1_32' title='bbox 1496 427 1563 496; x_wconf 79' lang='lat' dir='ltr'><strong>xx.)</strong></span> <span class='ocrx_word' id='word_1_33' title='bbox 1586 426 1755 484; x_wconf 88' lang='lat' dir='ltr'><strong>Scientiam</strong></span> <span class='ocrx_word' id='word_1_34' title='bbox 1778 429 1825 485; x_wconf 87' lang='lat' dir='ltr'><strong>ab</strong></span> 
     </span>
     <span class='ocr_line' id='line_1_4' title="bbox 157 511 1824 588; baseline -0.003 -9"><span class='ocrx_word' id='word_1_35' title='bbox 157 520 273 578; x_wconf 84' lang='lat' dir='ltr'><strong>Remus</strong></span> <span class='ocrx_word' id='word_1_36' title='bbox 285 522 373 578; x_wconf 86' lang='lat' dir='ltr'><strong>olivae</strong></span> <span class='ocrx_word' id='word_1_37' title='bbox 388 520 516 576; x_wconf 89' lang='lat' dir='ltr'><strong>virentis</strong></span> <span class='ocrx_word' id='word_1_38' title='bbox 529 518 644 575; x_wconf 91' lang='lat' dir='ltr'><strong>bonum</strong></span> <span class='ocrx_word' id='word_1_39' title='bbox 665 515 778 573; x_wconf 88' lang='lat' dir='ltr'><strong>mentis</strong></span> <span class='ocrx_word' id='word_1_40' title='bbox 801 514 942 569; x_wconf 82' lang='lat' dir='ltr'><strong>affectum</strong></span> <span class='ocrx_word' id='word_1_41' title='bbox 998 511 1121 582; x_wconf 86' lang='lat' dir='ltr'><strong>scendo,</strong></span> <span class='ocrx_word' id='word_1_42' title='bbox 1137 513 1289 570; x_wconf 87' lang='lat' dir='ltr'><strong>sibonum</strong></span> <span class='ocrx_word' id='word_1_43' title='bbox 1301 515 1383 587; x_wconf 72' lang='lat' dir='ltr'><strong>quod</strong></span> <span class='ocrx_word' id='word_1_44' title='bbox 1397 516 1470 571; x_wconf 91' lang='lat' dir='ltr'><strong>novi</strong></span> <span class='ocrx_word' id='word_1_45' title='bbox 1493 530 1584 588; x_wconf 89' lang='lat' dir='ltr'><strong>opere</strong></span> <span class='ocrx_word' id='word_1_46' title='bbox 1608 530 1671 573; x_wconf 90' lang='lat' dir='ltr'><strong>non</strong></span> <span class='ocrx_word' id='word_1_47' title='bbox 1686 518 1824 587; x_wconf 86' lang='lat' dir='ltr'><strong>ostendo,</strong></span> 
     </span>
     <span class='ocr_line' id='line_1_5' title="bbox 121 599 1824 680; baseline -0.003 -14"><span class='ocrx_word' id='word_1_48' title='bbox 121 609 320 678; x_wconf 73' lang='lat' dir='ltr'><strong>demonsiret,</strong></span> <span class='ocrx_word' id='word_1_49' title='bbox 334 610 407 680; x_wconf 92' lang='lat' dir='ltr'><strong>quia</strong></span> <span class='ocrx_word' id='word_1_50' title='bbox 419 623 498 680; x_wconf 74' lang='lat' dir='ltr'><strong>saepe</strong></span> <span class='ocrx_word' id='word_1_51' title='bbox 510 608 608 663; x_wconf 86' lang='lat' dir='ltr'><strong>sancti</strong></span> <span class='ocrx_word' id='word_1_52' title='bbox 623 606 682 661; x_wconf 87' lang='lat' dir='ltr'><strong>viri</strong></span> <span class='ocrx_word' id='word_1_53' title='bbox 703 606 821 677; x_wconf 89' lang='lat' dir='ltr'><strong>quanto</strong></span> <span class='ocrx_word' id='word_1_54' title='bbox 845 600 944 672; x_wconf 85' lang='lat' dir='ltr'><strong>magis</strong></span> <span class='ocrx_word' id='word_1_55' title='bbox 962 627 976 647; x_wconf 65' lang='grc' dir='ltr'><strong>ι</strong></span> <span class='ocrx_word' id='word_1_56' title='bbox 997 603 1028 656; x_wconf 87' lang='lat' dir='ltr'><strong>et</strong></span> <span class='ocrx_word' id='word_1_57' title='bbox 1039 599 1106 657; x_wconf 89' lang='lat' dir='ltr'><strong>ideo</strong></span> <span class='ocrx_word' id='word_1_58' title='bbox 1121 602 1198 658; x_wconf 91' lang='lat' dir='ltr'><strong>mihi</strong></span> <span class='ocrx_word' id='word_1_59' title='bbox 1208 619 1269 659; x_wconf 90' lang='lat' dir='ltr'><strong>non</strong></span> <span class='ocrx_word' id='word_1_60' title='bbox 1279 606 1380 677; x_wconf 86' lang='lat' dir='ltr'><strong>potest</strong></span> <span class='ocrx_word' id='word_1_61' title='bbox 1391 603 1630 676; x_wconf 86' lang='lat' dir='ltr'><strong>prodesse,qu0d</strong></span> <span class='ocrx_word' id='word_1_62' title='bbox 1644 620 1715 661; x_wconf 90' lang='lat' dir='ltr'><strong>cum</strong></span> <span class='ocrx_word' id='word_1_63' title='bbox 1731 605 1824 662; x_wconf 91' lang='lat' dir='ltr'><strong>sciam</strong></span> 
     </span>
     <span class='ocr_line' id='line_1_6' title="bbox 120 687 1825 770; baseline -0.003 -15"><span class='ocrx_word' id='word_1_64' title='bbox 120 699 196 755; x_wconf 83' lang='lat' dir='ltr'><strong>ioris</strong></span> <span class='ocrx_word' id='word_1_65' title='bbox 210 713 301 770; x_wconf 89' lang='lat' dir='ltr'><strong>opera</strong></span> <span class='ocrx_word' id='word_1_66' title='bbox 314 696 420 752; x_wconf 88' lang='lat' dir='ltr'><strong>divina</strong></span> <span class='ocrx_word' id='word_1_67' title='bbox 438 696 602 768; x_wconf 88' lang='lat' dir='ltr'><strong>aspiciunt,</strong></span> <span class='ocrx_word' id='word_1_68' title='bbox 629 697 716 751; x_wconf 89' lang='lat' dir='ltr'><strong>tanto</strong></span> <span class='ocrx_word' id='word_1_69' title='bbox 739 693 838 765; x_wconf 88' lang='lat' dir='ltr'><strong>magis</strong></span> <span class='ocrx_word' id='word_1_70' title='bbox 859 692 944 746; x_wconf 87' lang='lat' dir='ltr'><strong>intus</strong></span> <span class='ocrx_word' id='word_1_71' title='bbox 998 687 1110 744; x_wconf 88' lang='lat' dir='ltr'><strong>habere</strong></span> <span class='ocrx_word' id='word_1_72' title='bbox 1125 688 1296 747; x_wconf 88' lang='lat' dir='ltr'><strong>dissimulo.</strong></span> <span class='ocrx_word' id='word_1_73' title='bbox 1312 691 1344 748; x_wconf 88' lang='lat' dir='ltr'><strong>Si</strong></span> <span class='ocrx_word' id='word_1_74' title='bbox 1358 695 1461 748; x_wconf 88' lang='lat' dir='ltr'><strong>autem</strong></span> <span class='ocrx_word' id='word_1_75' title='bbox 1477 707 1600 764; x_wconf 88' lang='lat' dir='ltr'><strong>operam</strong></span> <span class='ocrx_word' id='word_1_76' title='bbox 1629 692 1741 750; x_wconf 86' lang='lat' dir='ltr'><strong><em>dedero</em></strong></span> <span class='ocrx_word' id='word_1_77' title='bbox 1766 710 1825 751; x_wconf 90' lang='lat' dir='ltr'><strong>non</strong></span> 
     </span>
     <span class='ocr_line' id='line_1_7' title="bbox 120 779 1826 854; baseline -0.002 -11"><span class='ocrx_word' id='word_1_78' title='bbox 120 783 944 845; x_wconf 84' lang='lat' dir='ltr'><strong>inamoreConditorisinardescuntDumenimrerum</strong></span> <span class='ocrx_word' id='word_1_79' title='bbox 998 780 1119 833; x_wconf 85' lang='lat' dir='ltr'><strong>tantum</strong></span> <span class='ocrx_word' id='word_1_80' title='bbox 1133 782 1169 833; x_wconf 90' lang='lat' dir='ltr'><strong>ut</strong></span> <span class='ocrx_word' id='word_1_81' title='bbox 1183 779 1354 850; x_wconf 89' lang='lat' dir='ltr'><strong>sciam,sed</strong></span> <span class='ocrx_word' id='word_1_82' title='bbox 1367 781 1459 836; x_wconf 86' lang='lat' dir='ltr'><strong>etiam</strong></span> <span class='ocrx_word' id='word_1_83' title='bbox 1484 784 1519 837; x_wconf 92' lang='lat' dir='ltr'><strong>ut</strong></span> <span class='ocrx_word' id='word_1_84' title='bbox 1542 795 1632 852; x_wconf 86' lang='lat' dir='ltr'><strong>egam</strong></span> <span class='ocrx_word' id='word_1_85' title='bbox 1651 797 1721 854; x_wconf 87' lang='lat' dir='ltr'><strong>quae</strong></span> <span class='ocrx_word' id='word_1_86' title='bbox 1747 783 1826 839; x_wconf 89' lang='lat' dir='ltr'><strong>bona</strong></span> 
     </span>
     <span class='ocr_line' id='line_1_8' title="bbox 119 867 1825 950; baseline -0.002 -19"><span class='ocrx_word' id='word_1_87' title='bbox 119 875 317 949; x_wconf 87' lang='lat' dir='ltr'><strong>praesentium</strong></span> <span class='ocrx_word' id='word_1_88' title='bbox 348 874 588 930; x_wconf 84' lang='lat' dir='ltr'><strong>mutabilitatem</strong></span> <span class='ocrx_word' id='word_1_89' title='bbox 609 872 773 946; x_wconf 89' lang='lat' dir='ltr'><strong>aspiciunt,</strong></span> <span class='ocrx_word' id='word_1_90' title='bbox 799 869 944 925; x_wconf 87' lang='lat' dir='ltr'><strong>continuo</strong></span> <span class='ocrx_word' id='word_1_91' title='bbox 999 870 1073 950; x_wconf 76' lang='lat' dir='ltr'><strong>suut</strong></span> <span class='ocrx_word' id='word_1_92' title='bbox 1086 870 1116 922; x_wconf 92' lang='lat' dir='ltr'><strong>et</strong></span> <span class='ocrx_word' id='word_1_93' title='bbox 1130 867 1229 938; x_wconf 86' lang='lat' dir='ltr'><strong>utilia,</strong></span> <span class='ocrx_word' id='word_1_94' title='bbox 1241 872 1271 925; x_wconf 90' lang='lat' dir='ltr'><strong>et</strong></span> <span class='ocrx_word' id='word_1_95' title='bbox 1284 869 1318 925; x_wconf 91' lang='lat' dir='ltr'><strong>in</strong></span> <span class='ocrx_word' id='word_1_96' title='bbox 1347 869 1404 926; x_wconf 92' lang='lat' dir='ltr'><strong>hoc</strong></span> <span class='ocrx_word' id='word_1_97' title='bbox 1432 870 1539 927; x_wconf 87' lang='lat' dir='ltr'><strong>sedule</strong></span> <span class='ocrx_word' id='word_1_98' title='bbox 1566 870 1659 927; x_wconf 83' lang='lat' dir='ltr'><strong>fuerit</strong></span> <span class='ocrx_word' id='word_1_99' title='bbox 1681 873 1825 943; x_wconf 74' lang='lat' dir='ltr'><strong>cogitatio</strong></span> 
     </span>
     <span class='ocr_line' id='line_1_9' title="bbox 122 955 1826 1035; baseline -0.001 -16"><span class='ocrx_word' id='word_1_100' title='bbox 122 965 306 1035; x_wconf 85' lang='lat' dir='ltr'><strong>omniaquae</strong></span> <span class='ocrx_word' id='word_1_101' title='bbox 320 962 424 1019; x_wconf 88' lang='lat' dir='ltr'><strong>inhoc</strong></span> <span class='ocrx_word' id='word_1_102' title='bbox 438 962 554 1019; x_wconf 91' lang='lat' dir='ltr'><strong>mundo</strong></span> <span class='ocrx_word' id='word_1_103' title='bbox 571 961 701 1035; x_wconf 90' lang='lat' dir='ltr'><strong>pulchra</strong></span> <span class='ocrx_word' id='word_1_104' title='bbox 724 959 879 1026; x_wconf 86' lang='lat' dir='ltr'><strong>videntur,</strong></span> <span class='ocrx_word' id='word_1_105' title='bbox 900 956 944 1012; x_wconf 92' lang='lat' dir='ltr'><strong>eis</strong></span> <span class='ocrx_word' id='word_1_106' title='bbox 999 955 1181 1026; x_wconf 87' lang='lat' dir='ltr'><strong>cordismei,</strong></span> <span class='ocrx_word' id='word_1_107' title='bbox 1197 960 1351 1028; x_wconf 89' lang='lat' dir='ltr'><strong>quatenus</strong></span> <span class='ocrx_word' id='word_1_108' title='bbox 1366 958 1508 1027; x_wconf 85' lang='lat' dir='ltr'><strong>virtutes,</strong></span> <span class='ocrx_word' id='word_1_109' title='bbox 1526 959 1652 1031; x_wconf 88' lang='lat' dir='ltr'><strong>quasin</strong></span> <span class='ocrx_word' id='word_1_110' title='bbox 1673 961 1747 1018; x_wconf 86' lang='lat' dir='ltr'><strong>aliis</strong></span> <span class='ocrx_word' id='word_1_111' title='bbox 1763 961 1826 1033; x_wconf 85' lang='lat' dir='ltr'><strong>jam</strong></span> 
     </span>
     <span class='ocr_line' id='line_1_10' title="bbox 120 1044 1828 1123; baseline -0.001 -15"><span class='ocrx_word' id='word_1_112' title='bbox 120 1053 153 1108; x_wconf 93' lang='lat' dir='ltr'><strong>in</strong></span> <span class='ocrx_word' id='word_1_113' title='bbox 167 1052 352 1123; x_wconf 87' lang='lat' dir='ltr'><strong>cogitatione</strong></span> <span class='ocrx_word' id='word_1_114' title='bbox 365 1050 527 1120; x_wconf 88' lang='lat' dir='ltr'><strong>vilescunt,</strong></span> <span class='ocrx_word' id='word_1_115' title='bbox 542 1055 572 1106; x_wconf 88' lang='lat' dir='ltr'><strong>et</strong></span> <span class='ocrx_word' id='word_1_116' title='bbox 583 1050 673 1123; x_wconf 88' lang='lat' dir='ltr'><strong>quasi</strong></span> <span class='ocrx_word' id='word_1_117' title='bbox 688 1050 874 1104; x_wconf 86' lang='lat' dir='ltr'><strong>revertentes</strong></span> <span class='ocrx_word' id='word_1_118' title='bbox 890 1044 943 1101; x_wconf 93' lang='lat' dir='ltr'><strong>oli·</strong></span> <span class='ocrx_word' id='word_1_119' title='bbox 999 1058 1113 1112; x_wconf 87' lang='lat' dir='ltr'><strong>amare,</strong></span> <span class='ocrx_word' id='word_1_120' title='bbox 1130 1048 1160 1100; x_wconf 90' lang='lat' dir='ltr'><strong>et</strong></span> <span class='ocrx_word' id='word_1_121' title='bbox 1174 1045 1320 1101; x_wconf 91' lang='lat' dir='ltr'><strong>admirari</strong></span> <span class='ocrx_word' id='word_1_122' title='bbox 1335 1045 1438 1115; x_wconf 86' lang='lat' dir='ltr'><strong>didici,</strong></span> <span class='ocrx_word' id='word_1_123' title='bbox 1453 1062 1537 1102; x_wconf 91' lang='lat' dir='ltr'><strong>meas</strong></span> <span class='ocrx_word' id='word_1_124' title='bbox 1550 1048 1661 1104; x_wconf 82' lang='lat' dir='ltr'><strong>faciam</strong></span> <span class='ocrx_word' id='word_1_125' title='bbox 1675 1065 1731 1121; x_wconf 91' lang='lat' dir='ltr'><strong>per</strong></span> <span class='ocrx_word' id='word_1_126' title='bbox 1750 1064 1828 1106; x_wconf 82' lang='lat' dir='ltr'><strong>exer·</strong></span> 
     </span>
     <span class='ocr_line' id='line_1_11' title="bbox 120 1132 1824 1211; baseline -0.001 -14"><span class='ocrx_word' id='word_1_127' title='bbox 120 1157 192 1197; x_wconf 85' lang='lat' dir='ltr'><strong>vam</strong></span> <span class='ocrx_word' id='word_1_128' title='bbox 201 1142 234 1196; x_wconf 91' lang='lat' dir='ltr'><strong>in</strong></span> <span class='ocrx_word' id='word_1_129' title='bbox 248 1156 299 1196; x_wconf 91' lang='lat' dir='ltr'><strong>ore</strong></span> <span class='ocrx_word' id='word_1_130' title='bbox 313 1140 463 1208; x_wconf 82' lang='lat' dir='ltr'><strong>deferunt,</strong></span> <span class='ocrx_word' id='word_1_131' title='bbox 479 1139 626 1211; x_wconf 87' lang='lat' dir='ltr'><strong>quoniam</strong></span> <span class='ocrx_word' id='word_1_132' title='bbox 640 1153 675 1194; x_wconf 92' lang='lat' dir='ltr'><strong>eo</strong></span> <span class='ocrx_word' id='word_1_133' title='bbox 694 1135 852 1193; x_wconf 85' lang='lat' dir='ltr'><strong>ardentius</strong></span> <span class='ocrx_word' id='word_1_134' title='bbox 866 1134 943 1190; x_wconf 86' lang='lat' dir='ltr'><strong>Con·</strong></span> <span class='ocrx_word' id='word_1_135' title='bbox 999 1132 1106 1189; x_wconf 82' lang='lat' dir='ltr'><strong>citium</strong></span> <span class='ocrx_word' id='word_1_136' title='bbox 1121 1132 1290 1206; x_wconf 78' lang='lat' dir='ltr'><strong>disciplina</strong></span> <span class='ocrx_word' id='word_1_137' title='bbox 1303 1137 1334 1189; x_wconf 90' lang='lat' dir='ltr'><strong>et</strong></span> <span class='ocrx_word' id='word_1_138' title='bbox 1347 1134 1478 1190; x_wconf 84' lang='lat' dir='ltr'><strong>formam</strong></span> <span class='ocrx_word' id='word_1_139' title='bbox 1493 1140 1573 1191; x_wconf 90' lang='lat' dir='ltr'><strong>recte</strong></span> <span class='ocrx_word' id='word_1_140' title='bbox 1586 1137 1724 1208; x_wconf 79' lang='lat' dir='ltr'><strong>vivendi,</strong></span> <span class='ocrx_word' id='word_1_141' title='bbox 1750 1142 1824 1195; x_wconf 97' lang='grc' dir='ltr'><strong>ωηο</strong></span> 
     </span>
     <span class='ocr_line' id='line_1_12' title="bbox 120 1223 1823 1302; baseline -0.001 -16"><span class='ocrx_word' id='word_1_142' title='bbox 120 1229 228 1286; x_wconf 87' lang='lat' dir='ltr'><strong>diteris</strong></span> <span class='ocrx_word' id='word_1_143' title='bbox 243 1231 291 1285; x_wconf 89' lang='lat' dir='ltr'><strong>sui</strong></span> <span class='ocrx_word' id='word_1_144' title='bbox 306 1230 437 1302; x_wconf 90' lang='lat' dir='ltr'><strong>speciem</strong></span> <span class='ocrx_word' id='word_1_145' title='bbox 457 1229 687 1300; x_wconf 85' lang='lat' dir='ltr'><strong>concupiscunt,</strong></span> <span class='ocrx_word' id='word_1_146' title='bbox 709 1241 770 1299; x_wconf 91' lang='lat' dir='ltr'><strong>quo</strong></span> <span class='ocrx_word' id='word_1_147' title='bbox 795 1226 828 1280; x_wconf 90' lang='lat' dir='ltr'><strong>in</strong></span> <span class='ocrx_word' id='word_1_148' title='bbox 854 1224 945 1280; x_wconf 87' lang='lat' dir='ltr'><strong>rebus</strong></span> <span class='ocrx_word' id='word_1_149' title='bbox 999 1237 1125 1293; x_wconf 87' lang='lat' dir='ltr'><strong>possum</strong></span> <span class='ocrx_word' id='word_1_150' title='bbox 1144 1223 1252 1292; x_wconf 83' lang='lat' dir='ltr'><strong><em>dicere,</em></strong></span> <span class='ocrx_word' id='word_1_151' title='bbox 1277 1223 1359 1295; x_wconf 89' lang='lat' dir='ltr'><strong>quod</strong></span> <span class='ocrx_word' id='word_1_152' title='bbox 1383 1223 1469 1279; x_wconf 87' lang='lat' dir='ltr'><strong>utilis</strong></span> <span class='ocrx_word' id='word_1_153' title='bbox 1493 1225 1534 1280; x_wconf 90' lang='lat' dir='ltr'><strong>sit</strong></span> <span class='ocrx_word' id='word_1_154' title='bbox 1554 1227 1699 1296; x_wconf 79' lang='lat' dir='ltr'><strong>cogitatio</strong></span> <span class='ocrx_word' id='word_1_155' title='bbox 1723 1228 1823 1285; x_wconf 88' lang='lat' dir='ltr'><strong>cordis</strong></span> 
     </span>
     <span class='ocr_line' id='line_1_13' title="bbox 120 1311 1827 1391; baseline -0.001 -16"><span class='ocrx_word' id='word_1_156' title='bbox 120 1319 251 1375; x_wconf 89' lang='lat' dir='ltr'><strong>conditis</strong></span> <span class='ocrx_word' id='word_1_157' title='bbox 266 1319 349 1391; x_wconf 82' lang='lat' dir='ltr'><strong>quod</strong></span> <span class='ocrx_word' id='word_1_158' title='bbox 366 1318 530 1374; x_wconf 89' lang='lat' dir='ltr'><strong>delectaret</strong></span> <span class='ocrx_word' id='word_1_159' title='bbox 547 1318 651 1373; x_wconf 91' lang='lat' dir='ltr'><strong>minus</strong></span> <span class='ocrx_word' id='word_1_160' title='bbox 669 1317 862 1372; x_wconf 89' lang='lat' dir='ltr'><strong>invenerunt.</strong></span> <span class='ocrx_word' id='word_1_161' title='bbox 887 1313 944 1368; x_wconf 90' lang='lat' dir='ltr'><strong>De·</strong></span> <span class='ocrx_word' id='word_1_162' title='bbox 1000 1311 1071 1378; x_wconf 89' lang='lat' dir='ltr'><strong>mei,</strong></span> <span class='ocrx_word' id='word_1_163' title='bbox 1087 1314 1117 1366; x_wconf 90' lang='lat' dir='ltr'><strong>et</strong></span> <span class='ocrx_word' id='word_1_164' title='bbox 1132 1314 1206 1367; x_wconf 88' lang='lat' dir='ltr'><strong>tunc</strong></span> <span class='ocrx_word' id='word_1_165' title='bbox 1218 1311 1340 1367; x_wconf 84' lang='lat' dir='ltr'><strong>ascendi</strong></span> <span class='ocrx_word' id='word_1_166' title='bbox 1354 1312 1387 1367; x_wconf 93' lang='lat' dir='ltr'><strong>in</strong></span> <span class='ocrx_word' id='word_1_167' title='bbox 1404 1312 1569 1369; x_wconf 87' lang='lat' dir='ltr'><strong>secundam</strong></span> <span class='ocrx_word' id='word_1_168' title='bbox 1582 1317 1789 1387; x_wconf 88' lang='lat' dir='ltr'><strong>mansionem,</strong></span> <span class='ocrx_word' id='word_1_169' title='bbox 1800 1323 1827 1374; x_wconf 88' lang='lat' dir='ltr'><strong>et</strong></span> 
     </span>
     <span class='ocr_line' id='line_1_14' title="bbox 119 1400 1828 1478; baseline 0.001 -15"><span class='ocrx_word' id='word_1_170' title='bbox 119 1407 301 1464; x_wconf 83' lang='lat' dir='ltr'><strong>laetabiliter</strong></span> <span class='ocrx_word' id='word_1_171' title='bbox 314 1408 399 1463; x_wconf 89' lang='lat' dir='ltr'><strong>intus</strong></span> <span class='ocrx_word' id='word_1_172' title='bbox 413 1422 501 1462; x_wconf 90' lang='lat' dir='ltr'><strong>mens</strong></span> <span class='ocrx_word' id='word_1_173' title='bbox 512 1406 659 1478; x_wconf 88' lang='lat' dir='ltr'><strong>pascitur,</strong></span> <span class='ocrx_word' id='word_1_174' title='bbox 676 1406 749 1477; x_wconf 85' lang='lat' dir='ltr'><strong>quia</strong></span> <span class='ocrx_word' id='word_1_175' title='bbox 763 1400 947 1459; x_wconf 89' lang='lat' dir='ltr'><strong>delectabili·</strong></span> <span class='ocrx_word' id='word_1_176' title='bbox 1000 1414 1051 1455; x_wconf 89' lang='lat' dir='ltr'><strong>cor</strong></span> <span class='ocrx_word' id='word_1_177' title='bbox 1065 1415 1167 1455; x_wconf 90' lang='lat' dir='ltr'><strong>meum</strong></span> <span class='ocrx_word' id='word_1_178' title='bbox 1180 1402 1212 1456; x_wconf 89' lang='lat' dir='ltr'><strong>in</strong></span> <span class='ocrx_word' id='word_1_179' title='bbox 1226 1416 1334 1469; x_wconf 92' lang='lat' dir='ltr'><strong>unum,</strong></span> <span class='ocrx_word' id='word_1_180' title='bbox 1347 1401 1412 1473; x_wconf 82' lang='lat' dir='ltr'><strong>jam</strong></span> <span class='ocrx_word' id='word_1_181' title='bbox 1435 1403 1535 1474; x_wconf 86' lang='lat' dir='ltr'><strong>magis</strong></span> <span class='ocrx_word' id='word_1_182' title='bbox 1559 1403 1677 1476; x_wconf 80' lang='lat' dir='ltr'><strong>collegi,</strong></span> <span class='ocrx_word' id='word_1_183' title='bbox 1703 1411 1739 1463; x_wconf 90' lang='lat' dir='ltr'><strong>ut</strong></span> <span class='ocrx_word' id='word_1_184' title='bbox 1767 1422 1828 1464; x_wconf 91' lang='lat' dir='ltr'><strong>non</strong></span> 
     </span>
     <span class='ocr_line' id='line_1_15' title="bbox 120 1486 1826 1567; baseline 0 -14"><span class='ocrx_word' id='word_1_185' title='bbox 120 1501 165 1553; x_wconf 88' lang='lat' dir='ltr'><strong>ter</strong></span> <span class='ocrx_word' id='word_1_186' title='bbox 176 1497 252 1552; x_wconf 82' lang='lat' dir='ltr'><strong>foris</strong></span> <span class='ocrx_word' id='word_1_187' title='bbox 267 1512 329 1552; x_wconf 91' lang='lat' dir='ltr'><strong>non</strong></span> <span class='ocrx_word' id='word_1_188' title='bbox 344 1499 475 1564; x_wconf 88' lang='lat' dir='ltr'><strong>tenetur,</strong></span> <span class='ocrx_word' id='word_1_189' title='bbox 491 1498 521 1551; x_wconf 83' lang='lat' dir='ltr'><strong>et</strong></span> <span class='ocrx_word' id='word_1_190' title='bbox 536 1494 625 1567; x_wconf 83' lang='lat' dir='ltr'><strong>quasi</strong></span> <span class='ocrx_word' id='word_1_191' title='bbox 640 1494 680 1549; x_wconf 89' lang='lat' dir='ltr'><strong>ad</strong></span> <span class='ocrx_word' id='word_1_192' title='bbox 694 1508 772 1548; x_wconf 80' lang='lat' dir='ltr'><strong>arcae</strong></span> <span class='ocrx_word' id='word_1_193' title='bbox 796 1507 859 1547; x_wconf 75' lang='lat' dir='ltr'><strong>sure</strong></span> <span class='ocrx_word' id='word_1_194' title='bbox 880 1505 946 1562; x_wconf 89' lang='lat' dir='ltr'><strong>por·</strong></span> <span class='ocrx_word' id='word_1_195' title='bbox 999 1486 1151 1544; x_wconf 85' lang='lat' dir='ltr'><strong>discurrat</strong></span> <span class='ocrx_word' id='word_1_196' title='bbox 1164 1504 1218 1560; x_wconf 90' lang='lat' dir='ltr'><strong>per</strong></span> <span class='ocrx_word' id='word_1_197' title='bbox 1232 1505 1267 1543; x_wconf 89' lang='lat' dir='ltr'><strong>ea</strong></span> <span class='ocrx_word' id='word_1_198' title='bbox 1280 1505 1349 1561; x_wconf 85' lang='lat' dir='ltr'><strong>quae</strong></span> <span class='ocrx_word' id='word_1_199' title='bbox 1365 1504 1446 1545; x_wconf 88' lang='lat' dir='ltr'><strong>vana</strong></span> <span class='ocrx_word' id='word_1_200' title='bbox 1461 1494 1544 1560; x_wconf 86' lang='lat' dir='ltr'><strong>sunt,</strong></span> <span class='ocrx_word' id='word_1_201' title='bbox 1563 1495 1592 1548; x_wconf 90' lang='lat' dir='ltr'><strong>et</strong></span> <span class='ocrx_word' id='word_1_202' title='bbox 1607 1492 1646 1548; x_wconf 85' lang='lat' dir='ltr'><strong>ad</strong></span> <span class='ocrx_word' id='word_1_203' title='bbox 1658 1494 1826 1553; x_wconf 86' lang='lat' dir='ltr'><strong>utilitatem</strong></span> 
     </span>
     <span class='ocr_line' id='line_1_16' title="bbox 120 1577 1828 1657; baseline -0.001 -16"><span class='ocrx_word' id='word_1_204' title='bbox 120 1588 186 1641; x_wconf 92' lang='lat' dir='ltr'><strong>tum</strong></span> <span class='ocrx_word' id='word_1_205' title='bbox 201 1585 326 1641; x_wconf 83' lang='lat' dir='ltr'><strong>reducta</strong></span> <span class='ocrx_word' id='word_1_206' title='bbox 335 1585 400 1657; x_wconf 88' lang='lat' dir='ltr'><strong>jam</strong></span> <span class='ocrx_word' id='word_1_207' title='bbox 413 1599 519 1639; x_wconf 85' lang='lat' dir='ltr'><strong>secura</strong></span> <span class='ocrx_word' id='word_1_208' title='bbox 532 1582 693 1656; x_wconf 87' lang='lat' dir='ltr'><strong>tripudiat,</strong></span> <span class='ocrx_word' id='word_1_209' title='bbox 705 1597 774 1654; x_wconf 78' lang='lat' dir='ltr'><strong>quae</strong></span> <span class='ocrx_word' id='word_1_210' title='bbox 789 1580 821 1636; x_wconf 89' lang='lat' dir='ltr'><strong>in</strong></span> <span class='ocrx_word' id='word_1_211' title='bbox 837 1577 945 1634; x_wconf 91' lang='lat' dir='ltr'><strong>mundi</strong></span> <span class='ocrx_word' id='word_1_212' title='bbox 1000 1591 1061 1632; x_wconf 91' lang='lat' dir='ltr'><strong>non</strong></span> <span class='ocrx_word' id='word_1_213' title='bbox 1085 1578 1249 1649; x_wconf 87' lang='lat' dir='ltr'><strong>pertinent.</strong></span> <span class='ocrx_word' id='word_1_214' title='bbox 1273 1578 1380 1635; x_wconf 86' lang='lat' dir='ltr'><strong>Restat</strong></span> <span class='ocrx_word' id='word_1_215' title='bbox 1404 1580 1541 1649; x_wconf 89' lang='lat' dir='ltr'><strong>tertium,</strong></span> <span class='ocrx_word' id='word_1_216' title='bbox 1567 1582 1602 1636; x_wconf 90' lang='lat' dir='ltr'><strong>ut</strong></span> <span class='ocrx_word' id='word_1_217' title='bbox 1624 1596 1694 1638; x_wconf 89' lang='lat' dir='ltr'><strong>cum</strong></span> <span class='ocrx_word' id='word_1_218' title='bbox 1714 1582 1828 1641; x_wconf 87' lang='lat' dir='ltr'><strong>habere</strong></span> 
     </span>
     <span class='ocr_line' id='line_1_17' title="bbox 119 1666 1828 1745; baseline 0 -16"><span class='ocrx_word' id='word_1_219' title='bbox 119 1673 264 1730; x_wconf 86' lang='lat' dir='ltr'><strong>fluctibus</strong></span> <span class='ocrx_word' id='word_1_220' title='bbox 278 1674 365 1745; x_wconf 89' lang='lat' dir='ltr'><strong>prius</strong></span> <span class='ocrx_word' id='word_1_221' title='bbox 379 1673 529 1743; x_wconf 81' lang='lat' dir='ltr'><strong>naufraga</strong></span> <span class='ocrx_word' id='word_1_222' title='bbox 544 1675 618 1728; x_wconf 89' lang='lat' dir='ltr'><strong>erat.</strong></span> <span class='ocrx_word' id='word_1_223' title='bbox 633 1669 780 1726; x_wconf 91' lang='lat' dir='ltr'><strong>Similiter</strong></span> <span class='ocrx_word' id='word_1_224' title='bbox 793 1669 826 1724; x_wconf 92' lang='lat' dir='ltr'><strong>in</strong></span> <span class='ocrx_word' id='word_1_225' title='bbox 843 1682 944 1724; x_wconf 91' lang='lat' dir='ltr'><strong>secun·</strong></span> <span class='ocrx_word' id='word_1_226' title='bbox 960 1679 985 1737; x_wconf 84' lang='grc' dir='ltr'>Β</span> <span class='ocrx_word' id='word_1_227' title='bbox 1000 1678 1117 1737; x_wconf 83' lang='lat' dir='ltr'><strong>coepero</strong></span> <span class='ocrx_word' id='word_1_228' title='bbox 1131 1666 1398 1737; x_wconf 63' lang='lat' dir='ltr'><strong>operositatem,</strong></span> <span class='ocrx_word' id='word_1_229' title='bbox 1420 1666 1573 1724; x_wconf 88' lang='lat' dir='ltr'><strong>elaborem</strong></span> <span class='ocrx_word' id='word_1_230' title='bbox 1597 1685 1721 1743; x_wconf 86' lang='lat' dir='ltr'><strong>quoque</strong></span> <span class='ocrx_word' id='word_1_231' title='bbox 1743 1672 1828 1745; x_wconf 89' lang='lat' dir='ltr'><strong>ipsas</strong></span> 
     </span>
     <span class='ocr_line' id='line_1_18' title="bbox 119 1753 1828 1834; baseline 0 -16"><span class='ocrx_word' id='word_1_232' title='bbox 119 1762 158 1818; x_wconf 92' lang='lat' dir='ltr'><strong>do</strong></span> <span class='ocrx_word' id='word_1_233' title='bbox 172 1777 282 1834; x_wconf 89' lang='lat' dir='ltr'><strong>genere</strong></span> <span class='ocrx_word' id='word_1_234' title='bbox 295 1760 562 1834; x_wconf 85' lang='lat' dir='ltr'><strong>contemplationis</strong></span> <span class='ocrx_word' id='word_1_235' title='bbox 576 1759 698 1831; x_wconf 86' lang='lat' dir='ltr'><strong>quoties</strong></span> <span class='ocrx_word' id='word_1_236' title='bbox 711 1759 744 1813; x_wconf 92' lang='lat' dir='ltr'><strong>in</strong></span> <span class='ocrx_word' id='word_1_237' title='bbox 759 1757 852 1813; x_wconf 89' lang='lat' dir='ltr'><strong>rebus</strong></span> <span class='ocrx_word' id='word_1_238' title='bbox 876 1756 946 1811; x_wconf 90' lang='lat' dir='ltr'><strong>visi·</strong></span> <span class='ocrx_word' id='word_1_239' title='bbox 997 1753 1129 1810; x_wconf 85' lang='lat' dir='ltr'><strong>virtutes</strong></span> <span class='ocrx_word' id='word_1_240' title='bbox 1141 1754 1263 1823; x_wconf 90' lang='lat' dir='ltr'><strong>babere,</strong></span> <span class='ocrx_word' id='word_1_241' title='bbox 1278 1755 1336 1812; x_wconf 90' lang='lat' dir='ltr'><strong>boe</strong></span> <span class='ocrx_word' id='word_1_242' title='bbox 1350 1759 1406 1825; x_wconf 88' lang='lat' dir='ltr'><strong>est,</strong></span> <span class='ocrx_word' id='word_1_243' title='bbox 1420 1758 1455 1811; x_wconf 92' lang='lat' dir='ltr'><strong>ut</strong></span> <span class='ocrx_word' id='word_1_244' title='bbox 1481 1757 1563 1829; x_wconf 86' lang='lat' dir='ltr'><strong>quod</strong></span> <span class='ocrx_word' id='word_1_245' title='bbox 1586 1757 1662 1815; x_wconf 83' lang='lat' dir='ltr'><strong>ioris</strong></span> <span class='ocrx_word' id='word_1_246' title='bbox 1689 1759 1828 1818; x_wconf 76' lang='lat' dir='ltr'><strong>demone</strong></span> 
     </span>
     <span class='ocr_line' id='line_1_19' title="bbox 118 1842 1826 1922; baseline -0.001 -15"><span class='ocrx_word' id='word_1_247' title='bbox 118 1851 235 1907; x_wconf 91' lang='lat' dir='ltr'><strong>bilibus</strong></span> <span class='ocrx_word' id='word_1_248' title='bbox 243 1849 431 1906; x_wconf 88' lang='lat' dir='ltr'><strong>invisibilem</strong></span> <span class='ocrx_word' id='word_1_249' title='bbox 456 1849 513 1905; x_wconf 92' lang='lat' dir='ltr'><strong>Dei</strong></span> <span class='ocrx_word' id='word_1_250' title='bbox 537 1848 684 1904; x_wconf 90' lang='lat' dir='ltr'><strong>virtutem</strong></span> <span class='ocrx_word' id='word_1_251' title='bbox 708 1851 738 1903; x_wconf 92' lang='lat' dir='ltr'><strong>et</strong></span> <span class='ocrx_word' id='word_1_252' title='bbox 761 1845 944 1918; x_wconf 88' lang='lat' dir='ltr'><strong>sapientiam</strong></span> <span class='ocrx_word' id='word_1_253' title='bbox 999 1844 1046 1897; x_wconf 88' lang='lat' dir='ltr'><strong>tro</strong></span> <span class='ocrx_word' id='word_1_254' title='bbox 1060 1842 1094 1897; x_wconf 91' lang='lat' dir='ltr'><strong>in</strong></span> <span class='ocrx_word' id='word_1_255' title='bbox 1109 1857 1198 1914; x_wconf 89' lang='lat' dir='ltr'><strong>opere</strong></span> <span class='ocrx_word' id='word_1_256' title='bbox 1212 1844 1297 1900; x_wconf 91' lang='lat' dir='ltr'><strong>intus</strong></span> <span class='ocrx_word' id='word_1_257' title='bbox 1312 1844 1484 1915; x_wconf 85' lang='lat' dir='ltr'><strong>possideam</strong></span> <span class='ocrx_word' id='word_1_258' title='bbox 1499 1845 1532 1900; x_wconf 92' lang='lat' dir='ltr'><strong>in</strong></span> <span class='ocrx_word' id='word_1_259' title='bbox 1543 1846 1826 1922; x_wconf 69' lang='lat' dir='ltr'><strong>virtutellioquin</strong></span> 
     </span>
     <span class='ocr_line' id='line_1_20' title="bbox 119 1930 1825 2009; baseline 0 -15"><span class='ocrx_word' id='word_1_260' title='bbox 119 1939 264 1994; x_wconf 88' lang='lat' dir='ltr'><strong>admirari</strong></span> <span class='ocrx_word' id='word_1_261' title='bbox 278 1939 436 2007; x_wconf 86' lang='lat' dir='ltr'><strong>discimus,</strong></span> <span class='ocrx_word' id='word_1_262' title='bbox 453 1936 542 2009; x_wconf 87' lang='lat' dir='ltr'><strong>quasi</strong></span> <span class='ocrx_word' id='word_1_263' title='bbox 557 1951 662 1991; x_wconf 88' lang='lat' dir='ltr'><strong>ramus</strong></span> <span class='ocrx_word' id='word_1_264' title='bbox 695 1934 784 1990; x_wconf 74' lang='lat' dir='ltr'><strong>olivae</strong></span> <span class='ocrx_word' id='word_1_265' title='bbox 799 1933 838 1988; x_wconf 88' lang='lat' dir='ltr'><strong>ab</strong></span> <span class='ocrx_word' id='word_1_266' title='bbox 854 1933 945 2005; x_wconf 87' lang='lat' dir='ltr'><strong>aquis</strong></span> <span class='ocrx_word' id='word_1_267' title='bbox 999 1943 1061 1985; x_wconf 90' lang='lat' dir='ltr'><strong>non</strong></span> <span class='ocrx_word' id='word_1_268' title='bbox 1076 1930 1208 1986; x_wconf 91' lang='lat' dir='ltr'><strong>multum</strong></span> <span class='ocrx_word' id='word_1_269' title='bbox 1214 1931 1290 1987; x_wconf 88' lang='lat' dir='ltr'><strong>mihi</strong></span> <span class='ocrx_word' id='word_1_270' title='bbox 1304 1932 1544 2005; x_wconf 86' lang='lat' dir='ltr'><strong>prodesthabere</strong></span> <span class='ocrx_word' id='word_1_271' title='bbox 1556 1936 1721 2008; x_wconf 89' lang='lat' dir='ltr'><strong>opere,nisi</strong></span> <span class='ocrx_word' id='word_1_272' title='bbox 1731 1939 1825 1994; x_wconf 85' lang='lat' dir='ltr'><strong>etiam</strong></span> 
     </span>
     <span class='ocr_line' id='line_1_21' title="bbox 119 2019 1825 2100; baseline 0.001 -18"><span class='ocrx_word' id='word_1_273' title='bbox 119 2027 159 2083; x_wconf 85' lang='lat' dir='ltr'><strong>ad</strong></span> <span class='ocrx_word' id='word_1_274' title='bbox 172 2042 274 2083; x_wconf 87' lang='lat' dir='ltr'><strong>arcam</strong></span> <span class='ocrx_word' id='word_1_275' title='bbox 284 2029 487 2100; x_wconf 87' lang='lat' dir='ltr'><strong>reportamus,</strong></span> <span class='ocrx_word' id='word_1_276' title='bbox 503 2025 577 2098; x_wconf 87' lang='lat' dir='ltr'><strong>quia</strong></span> <span class='ocrx_word' id='word_1_277' title='bbox 588 2025 622 2080; x_wconf 95' lang='lat' dir='ltr'><strong>in</strong></span> <span class='ocrx_word' id='word_1_278' title='bbox 634 2024 727 2080; x_wconf 87' lang='lat' dir='ltr'><strong>rebus</strong></span> <span class='ocrx_word' id='word_1_279' title='bbox 741 2020 945 2078; x_wconf 87' lang='lat' dir='ltr'><strong>mutabilibus</strong></span> <span class='ocrx_word' id='word_1_280' title='bbox 997 2019 1128 2075; x_wconf 87' lang='lat' dir='ltr'><strong>virtutes</strong></span> <span class='ocrx_word' id='word_1_281' title='bbox 1143 2036 1268 2092; x_wconf 88' lang='lat' dir='ltr'><strong>operum</strong></span> <span class='ocrx_word' id='word_1_282' title='bbox 1280 2021 1421 2078; x_wconf 88' lang='lat' dir='ltr'><strong>habeam.</strong></span> <span class='ocrx_word' id='word_1_283' title='bbox 1435 2022 1467 2079; x_wconf 91' lang='lat' dir='ltr'><strong>Si</strong></span> <span class='ocrx_word' id='word_1_284' title='bbox 1482 2039 1552 2094; x_wconf 88' lang='lat' dir='ltr'><strong>ergo</strong></span> <span class='ocrx_word' id='word_1_285' title='bbox 1566 2024 1606 2080; x_wconf 90' lang='lat' dir='ltr'><strong>ad</strong></span> <span class='ocrx_word' id='word_1_286' title='bbox 1630 2024 1688 2081; x_wconf 89' lang='lat' dir='ltr'><strong>hoc</strong></span> <span class='ocrx_word' id='word_1_287' title='bbox 1715 2029 1825 2099; x_wconf 86' lang='lat' dir='ltr'><strong>cogita-</strong></span> 
     </span>
     <span class='ocr_line' id='line_1_22' title="bbox 119 2107 1824 2186; baseline 0.001 -15"><span class='ocrx_word' id='word_1_288' title='bbox 119 2119 205 2172; x_wconf 81' lang='lat' dir='ltr'><strong>extre</strong></span> <span class='ocrx_word' id='word_1_289' title='bbox 219 2132 275 2173; x_wconf 89' lang='lat' dir='ltr'><strong>nos</strong></span> <span class='ocrx_word' id='word_1_290' title='bbox 289 2115 377 2171; x_wconf 89' lang='lat' dir='ltr'><strong>illum</strong></span> <span class='ocrx_word' id='word_1_291' title='bbox 392 2114 598 2186; x_wconf 87' lang='lat' dir='ltr'><strong>agnoscimus,</strong></span> <span class='ocrx_word' id='word_1_292' title='bbox 614 2128 705 2186; x_wconf 88' lang='lat' dir='ltr'><strong>quem</strong></span> <span class='ocrx_word' id='word_1_293' title='bbox 718 2113 751 2168; x_wconf 92' lang='lat' dir='ltr'><strong>in</strong></span> <span class='ocrx_word' id='word_1_294' title='bbox 774 2112 864 2168; x_wconf 92' lang='lat' dir='ltr'><strong>nobis</strong></span> <span class='ocrx_word' id='word_1_295' title='bbox 886 2109 941 2165; x_wconf 92' lang='lat' dir='ltr'><strong>im·</strong></span> <span class='ocrx_word' id='word_1_296' title='bbox 999 2107 1112 2163; x_wconf 89' lang='lat' dir='ltr'><strong>tionem</strong></span> <span class='ocrx_word' id='word_1_297' title='bbox 1126 2108 1225 2164; x_wconf 88' lang='lat' dir='ltr'><strong>cordis</strong></span> <span class='ocrx_word' id='word_1_298' title='bbox 1240 2109 1299 2164; x_wconf 93' lang='lat' dir='ltr'><strong>mei</strong></span> <span class='ocrx_word' id='word_1_299' title='bbox 1313 2110 1454 2181; x_wconf 91' lang='lat' dir='ltr'><strong>instituo,</strong></span> <span class='ocrx_word' id='word_1_300' title='bbox 1468 2114 1503 2167; x_wconf 91' lang='lat' dir='ltr'><strong>ut</strong></span> <span class='ocrx_word' id='word_1_301' title='bbox 1516 2111 1668 2184; x_wconf 86' lang='lat' dir='ltr'><strong>quidquid</strong></span> <span class='ocrx_word' id='word_1_302' title='bbox 1692 2114 1768 2171; x_wconf 89' lang='lat' dir='ltr'><strong>boni</strong></span> <span class='ocrx_word' id='word_1_303' title='bbox 1791 2118 1824 2173; x_wconf 90' lang='lat' dir='ltr'><strong>in</strong></span> 
     </span>
     <span class='ocr_line' id='line_1_23' title="bbox 117 2197 1825 2275; baseline 0.001 -15"><span class='ocrx_word' id='word_1_304' title='bbox 117 2205 308 2260; x_wconf 86' lang='lat' dir='ltr'><strong>mutabiliter</strong></span> <span class='ocrx_word' id='word_1_305' title='bbox 321 2203 496 2274; x_wconf 88' lang='lat' dir='ltr'><strong>diligamus.</strong></span> <span class='ocrx_word' id='word_1_306' title='bbox 512 2202 549 2258; x_wconf 94' lang='lat' dir='ltr'><strong>In</strong></span> <span class='ocrx_word' id='word_1_307' title='bbox 570 2202 659 2258; x_wconf 90' lang='lat' dir='ltr'><strong>tertio</strong></span> <span class='ocrx_word' id='word_1_308' title='bbox 680 2201 787 2258; x_wconf 90' lang='lat' dir='ltr'><strong>itidem</strong></span> <span class='ocrx_word' id='word_1_309' title='bbox 810 2203 943 2255; x_wconf 89' lang='lat' dir='ltr'><strong>contem·</strong></span> <span class='ocrx_word' id='word_1_310' title='bbox 998 2212 1046 2252; x_wconf 90' lang='lat' dir='ltr'><strong>me</strong></span> <span class='ocrx_word' id='word_1_311' title='bbox 1060 2197 1136 2253; x_wconf 85' lang='lat' dir='ltr'><strong>ioris</strong></span> <span class='ocrx_word' id='word_1_312' title='bbox 1150 2197 1296 2254; x_wconf 85' lang='lat' dir='ltr'><strong>humanis</strong></span> <span class='ocrx_word' id='word_1_313' title='bbox 1310 2203 1437 2271; x_wconf 87' lang='lat' dir='ltr'><strong>apparet</strong></span> <span class='ocrx_word' id='word_1_314' title='bbox 1447 2201 1632 2273; x_wconf 85' lang='lat' dir='ltr'><strong>aspectibus,</strong></span> <span class='ocrx_word' id='word_1_315' title='bbox 1646 2201 1774 2275; x_wconf 88' lang='lat' dir='ltr'><strong>divinis,</strong></span> <span class='ocrx_word' id='word_1_316' title='bbox 1782 2207 1825 2262; x_wconf 91' lang='lat' dir='ltr'><strong>in·</strong></span> 
     </span>
     <span class='ocr_line' id='line_1_24' title="bbox 117 2287 1825 2364; baseline 0.002 -16"><span class='ocrx_word' id='word_1_317' title='bbox 117 2292 264 2364; x_wconf 89' lang='lat' dir='ltr'><strong>piationis</strong></span> <span class='ocrx_word' id='word_1_318' title='bbox 278 2307 387 2364; x_wconf 88' lang='lat' dir='ltr'><strong>genere</strong></span> <span class='ocrx_word' id='word_1_319' title='bbox 399 2291 472 2347; x_wconf 92' lang='lat' dir='ltr'><strong>dum</strong></span> <span class='ocrx_word' id='word_1_320' title='bbox 484 2290 604 2362; x_wconf 90' lang='lat' dir='ltr'><strong>judicia</strong></span> <span class='ocrx_word' id='word_1_321' title='bbox 623 2290 689 2360; x_wconf 91' lang='lat' dir='ltr'><strong>ejus</strong></span> <span class='ocrx_word' id='word_1_322' title='bbox 709 2289 784 2345; x_wconf 85' lang='lat' dir='ltr'><strong>ioris</strong></span> <span class='ocrx_word' id='word_1_323' title='bbox 812 2287 942 2344; x_wconf 88' lang='lat' dir='ltr'><strong>attendi·</strong></span> <span class='ocrx_word' id='word_1_324' title='bbox 998 2289 1049 2342; x_wconf 91' lang='lat' dir='ltr'><strong>tus</strong></span> <span class='ocrx_word' id='word_1_325' title='bbox 1064 2289 1203 2358; x_wconf 84' lang='lat' dir='ltr'><strong>satagam</strong></span> <span class='ocrx_word' id='word_1_326' title='bbox 1217 2291 1402 2360; x_wconf 85' lang='lat' dir='ltr'><strong>praesentare</strong></span> <span class='ocrx_word' id='word_1_327' title='bbox 1416 2288 1588 2361; x_wconf 90' lang='lat' dir='ltr'><strong>obtutibus,</strong></span> <span class='ocrx_word' id='word_1_328' title='bbox 1613 2295 1687 2348; x_wconf 89' lang='lat' dir='ltr'><strong>tunc</strong></span> <span class='ocrx_word' id='word_1_329' title='bbox 1701 2295 1825 2351; x_wconf 86' lang='lat' dir='ltr'><strong>ascendi</strong></span> 
     </span>
     <span class='ocr_line' id='line_1_25' title="bbox 118 2375 1823 2454; baseline 0.002 -19"><span class='ocrx_word' id='word_1_330' title='bbox 118 2395 198 2449; x_wconf 88' lang='lat' dir='ltr'><strong>mus,</strong></span> <span class='ocrx_word' id='word_1_331' title='bbox 211 2381 244 2435; x_wconf 91' lang='lat' dir='ltr'><strong>in</strong></span> <span class='ocrx_word' id='word_1_332' title='bbox 257 2380 366 2435; x_wconf 86' lang='lat' dir='ltr'><strong>timore</strong></span> <span class='ocrx_word' id='word_1_333' title='bbox 377 2380 454 2451; x_wconf 89' lang='lat' dir='ltr'><strong>ejus,</strong></span> <span class='ocrx_word' id='word_1_334' title='bbox 470 2383 500 2434; x_wconf 88' lang='lat' dir='ltr'><strong>et</strong></span> <span class='ocrx_word' id='word_1_335' title='bbox 514 2393 617 2434; x_wconf 91' lang='lat' dir='ltr'><strong>amore</strong></span> <span class='ocrx_word' id='word_1_336' title='bbox 637 2378 723 2433; x_wconf 92' lang='lat' dir='ltr'><strong>intus</strong></span> <span class='ocrx_word' id='word_1_337' title='bbox 747 2391 940 2433; x_wconf 86' lang='lat' dir='ltr'><strong>renovamur.</strong></span> <span class='ocrx_word' id='word_1_338' title='bbox 996 2375 1159 2431; x_wconf 84' lang='lat' dir='ltr'><strong>intertiem</strong></span> <span class='ocrx_word' id='word_1_339' title='bbox 1171 2376 1431 2446; x_wconf 89' lang='lat' dir='ltr'><strong>mansionem,ubi</strong></span> <span class='ocrx_word' id='word_1_340' title='bbox 1440 2379 1572 2434; x_wconf 86' lang='lat' dir='ltr'><strong>virtutes</strong></span> <span class='ocrx_word' id='word_1_341' title='bbox 1579 2384 1735 2454; x_wconf 72' lang='lat' dir='ltr'><strong>suntque,</strong></span> <span class='ocrx_word' id='word_1_342' title='bbox 1749 2387 1823 2439; x_wconf 88' lang='lat' dir='ltr'><strong>sunt</strong></span> 
     </span>
     <span class='ocr_line' id='line_1_26' title="bbox 117 2463 1824 2543; baseline 0.002 -19"><span class='ocrx_word' id='word_1_343' title='bbox 117 2467 154 2524; x_wconf 87' lang='lat' dir='ltr'><strong>ln</strong></span> <span class='ocrx_word' id='word_1_344' title='bbox 168 2469 267 2540; x_wconf 88' lang='lat' dir='ltr'><strong>primo</strong></span> <span class='ocrx_word' id='word_1_345' title='bbox 282 2483 353 2538; x_wconf 90' lang='lat' dir='ltr'><strong>ergo</strong></span> <span class='ocrx_word' id='word_1_346' title='bbox 364 2467 494 2523; x_wconf 87' lang='lat' dir='ltr'><strong>materia</strong></span> <span class='ocrx_word' id='word_1_347' title='bbox 506 2467 654 2522; x_wconf 88' lang='lat' dir='ltr'><strong>vanitatis</strong></span> <span class='ocrx_word' id='word_1_348' title='bbox 674 2465 870 2537; x_wconf 67' lang='lat' dir='ltr'><strong>inspectam</strong></span> <span class='ocrx_word' id='word_1_349' title='bbox 894 2480 944 2522; x_wconf 91' lang='lat' dir='ltr'><strong>no·</strong></span> <span class='ocrx_word' id='word_1_350' title='bbox 997 2464 1186 2520; x_wconf 79' lang='lat' dir='ltr'><strong>necessariae.</strong></span> <span class='ocrx_word' id='word_1_351' title='bbox 1201 2463 1260 2521; x_wconf 86' lang='lat' dir='ltr'><strong>Sed</strong></span> <span class='ocrx_word' id='word_1_352' title='bbox 1273 2465 1354 2521; x_wconf 91' lang='lat' dir='ltr'><strong>iuter</strong></span> <span class='ocrx_word' id='word_1_353' title='bbox 1376 2466 1432 2522; x_wconf 88' lang='lat' dir='ltr'><strong>bas</strong></span> <span class='ocrx_word' id='word_1_354' title='bbox 1456 2482 1562 2524; x_wconf 90' lang='lat' dir='ltr'><strong>omnes</strong></span> <span class='ocrx_word' id='word_1_355' title='bbox 1582 2469 1735 2543; x_wconf 83' lang='lat' dir='ltr'><strong>praecipue</strong></span> <span class='ocrx_word' id='word_1_356' title='bbox 1760 2488 1824 2528; x_wconf 90' lang='lat' dir='ltr'><strong>nna</strong></span> 
     </span>
     <span class='ocr_line' id='line_1_27' title="bbox 117 2552 1823 2630; baseline 0.004 -18"><span class='ocrx_word' id='word_1_357' title='bbox 117 2556 167 2612; x_wconf 88' lang='lat' dir='ltr'><strong>bis</strong></span> <span class='ocrx_word' id='word_1_358' title='bbox 180 2560 306 2628; x_wconf 86' lang='lat' dir='ltr'><strong>generet</strong></span> <span class='ocrx_word' id='word_1_359' title='bbox 318 2560 527 2628; x_wconf 88' lang='lat' dir='ltr'><strong>contemptum</strong></span> <span class='ocrx_word' id='word_1_360' title='bbox 554 2554 674 2624; x_wconf 91' lang='lat' dir='ltr'><strong>mundi,</strong></span> <span class='ocrx_word' id='word_1_361' title='bbox 696 2555 728 2609; x_wconf 86' lang='lat' dir='ltr'><strong>in</strong></span> <span class='ocrx_word' id='word_1_362' title='bbox 751 2553 884 2611; x_wconf 70' lang='lat' dir='ltr'><strong>meando</strong></span> <span class='ocrx_word' id='word_1_363' title='bbox 908 2553 944 2608; x_wconf 91' lang='lat' dir='ltr'><strong>si·</strong></span> <span class='ocrx_word' id='word_1_364' title='bbox 997 2552 1168 2607; x_wconf 86' lang='lat' dir='ltr'><strong>necessaria</strong></span> <span class='ocrx_word' id='word_1_365' title='bbox 1182 2556 1238 2623; x_wconf 88' lang='lat' dir='ltr'><strong>cst,</strong></span> <span class='ocrx_word' id='word_1_366' title='bbox 1253 2553 1286 2608; x_wconf 90' lang='lat' dir='ltr'><strong>id</strong></span> <span class='ocrx_word' id='word_1_367' title='bbox 1300 2558 1346 2611; x_wconf 88' lang='lat' dir='ltr'><strong>est</strong></span> <span class='ocrx_word' id='word_1_368' title='bbox 1360 2555 1504 2625; x_wconf 85' lang='lat' dir='ltr'><strong>ebaritas,</strong></span> <span class='ocrx_word' id='word_1_369' title='bbox 1518 2572 1586 2630; x_wconf 86' lang='lat' dir='ltr'><strong>quse</strong></span> <span class='ocrx_word' id='word_1_370' title='bbox 1599 2558 1730 2616; x_wconf 89' lang='lat' dir='ltr'><strong>nosDeo</strong></span> <span class='ocrx_word' id='word_1_371' title='bbox 1750 2577 1823 2618; x_wconf 90' lang='lat' dir='ltr'><strong>con·</strong></span> 
     </span>
     <span class='ocr_line' id='line_1_28' title="bbox 116 2642 1826 2723; baseline 0.004 -22"><span class='ocrx_word' id='word_1_372' title='bbox 116 2645 288 2702; x_wconf 89' lang='lat' dir='ltr'><strong>mulacrum</strong></span> <span class='ocrx_word' id='word_1_373' title='bbox 304 2645 441 2714; x_wconf 88' lang='lat' dir='ltr'><strong>rationis,</strong></span> <span class='ocrx_word' id='word_1_374' title='bbox 457 2642 578 2700; x_wconf 87' lang='lat' dir='ltr'><strong>laudem</strong></span> <span class='ocrx_word' id='word_1_375' title='bbox 593 2643 661 2713; x_wconf 91' lang='lat' dir='ltr'><strong>Dei,</strong></span> <span class='ocrx_word' id='word_1_376' title='bbox 675 2642 709 2698; x_wconf 93' lang='lat' dir='ltr'><strong>in</strong></span> <span class='ocrx_word' id='word_1_377' title='bbox 724 2642 813 2698; x_wconf 86' lang='lat' dir='ltr'><strong>tertio</strong></span> <span class='ocrx_word' id='word_1_378' title='bbox 832 2642 943 2697; x_wconf 87' lang='lat' dir='ltr'><strong>instru·</strong></span> <span class='ocrx_word' id='word_1_379' title='bbox 993 2642 1108 2714; x_wconf 88' lang='lat' dir='ltr'><strong>jungit,</strong></span> <span class='ocrx_word' id='word_1_380' title='bbox 1121 2646 1152 2699; x_wconf 91' lang='lat' dir='ltr'><strong>et</strong></span> <span class='ocrx_word' id='word_1_381' title='bbox 1165 2642 1233 2699; x_wconf 87' lang='lat' dir='ltr'><strong>ideo</strong></span> <span class='ocrx_word' id='word_1_382' title='bbox 1247 2643 1280 2699; x_wconf 93' lang='lat' dir='ltr'><strong>in</strong></span> <span class='ocrx_word' id='word_1_383' title='bbox 1295 2659 1438 2716; x_wconf 90' lang='lat' dir='ltr'><strong>supremo</strong></span> <span class='ocrx_word' id='word_1_384' title='bbox 1453 2661 1523 2702; x_wconf 87' lang='lat' dir='ltr'><strong>arca</strong></span> <span class='ocrx_word' id='word_1_385' title='bbox 1534 2646 1573 2701; x_wconf 90' lang='lat' dir='ltr'><strong>ad</strong></span> <span class='ocrx_word' id='word_1_386' title='bbox 1587 2663 1685 2704; x_wconf 89' lang='lat' dir='ltr'><strong>unum</strong></span> <span class='ocrx_word' id='word_1_387' title='bbox 1709 2649 1826 2723; x_wconf 87' lang='lat' dir='ltr'><strong>colligi·</strong></span> 
     </span>
     <span class='ocr_line' id='line_1_29' title="bbox 116 2729 1824 2812; baseline 0.004 -24"><span class='ocrx_word' id='word_1_388' title='bbox 116 2737 255 2788; x_wconf 89' lang='lat' dir='ltr'><strong>mentum</strong></span> <span class='ocrx_word' id='word_1_389' title='bbox 269 2732 507 2805; x_wconf 88' lang='lat' dir='ltr'><strong>dispensationis</strong></span> <span class='ocrx_word' id='word_1_390' title='bbox 522 2733 663 2788; x_wconf 87' lang='lat' dir='ltr'><strong>timorem</strong></span> <span class='ocrx_word' id='word_1_391' title='bbox 678 2734 708 2786; x_wconf 91' lang='lat' dir='ltr'><strong>et</strong></span> <span class='ocrx_word' id='word_1_392' title='bbox 726 2744 861 2786; x_wconf 88' lang='lat' dir='ltr'><strong>amorem</strong></span> <span class='ocrx_word' id='word_1_393' title='bbox 873 2729 940 2799; x_wconf 89' lang='lat' dir='ltr'><strong>Dei,</strong></span> <span class='ocrx_word' id='word_1_394' title='bbox 996 2733 1066 2799; x_wconf 79' lang='lat' dir='ltr'><strong>tur3</strong></span> <span class='ocrx_word' id='word_1_395' title='bbox 1082 2735 1117 2786; x_wconf 89' lang='lat' dir='ltr'><strong>ut</strong></span> <span class='ocrx_word' id='word_1_396' title='bbox 1128 2731 1193 2803; x_wconf 87' lang='lat' dir='ltr'><strong>jem</strong></span> <span class='ocrx_word' id='word_1_397' title='bbox 1215 2747 1313 2788; x_wconf 90' lang='lat' dir='ltr'><strong>unum</strong></span> <span class='ocrx_word' id='word_1_398' title='bbox 1341 2734 1519 2805; x_wconf 88' lang='lat' dir='ltr'><strong>cogitemus,</strong></span> <span class='ocrx_word' id='word_1_399' title='bbox 1547 2751 1644 2792; x_wconf 91' lang='lat' dir='ltr'><strong>unum</strong></span> <span class='ocrx_word' id='word_1_400' title='bbox 1672 2743 1824 2812; x_wconf 70' lang='lat' dir='ltr'><strong>exspecta</strong></span> 
     </span>
     <span class='ocr_line' id='line_1_30' title="bbox 116 2818 1826 2894; baseline 0.004 -17"><span class='ocrx_word' id='word_1_401' title='bbox 116 2822 149 2877; x_wconf 93' lang='lat' dir='ltr'><strong>in</strong></span> <span class='ocrx_word' id='word_1_402' title='bbox 164 2825 275 2894; x_wconf 88' lang='lat' dir='ltr'><strong>quarto</strong></span> <span class='ocrx_word' id='word_1_403' title='bbox 290 2821 388 2877; x_wconf 84' lang='lat' dir='ltr'><strong>fomes</strong></span> <span class='ocrx_word' id='word_1_404' title='bbox 400 2820 578 2893; x_wconf 86' lang='lat' dir='ltr'><strong>cupiditatis</strong></span> <span class='ocrx_word' id='word_1_405' title='bbox 590 2819 780 2876; x_wconf 90' lang='lat' dir='ltr'><strong>incentivum</strong></span> <span class='ocrx_word' id='word_1_406' title='bbox 790 2818 939 2874; x_wconf 89' lang='lat' dir='ltr'><strong>libidinis.</strong></span> <span class='ocrx_word' id='word_1_407' title='bbox 996 2834 1076 2888; x_wconf 89' lang='lat' dir='ltr'><strong>mus,</strong></span> <span class='ocrx_word' id='word_1_408' title='bbox 1087 2835 1184 2875; x_wconf 87' lang='lat' dir='ltr'><strong>unum</strong></span> <span class='ocrx_word' id='word_1_409' title='bbox 1197 2819 1403 2877; x_wconf 90' lang='lat' dir='ltr'><strong>desideremus</strong></span> <span class='ocrx_word' id='word_1_410' title='bbox 1425 2823 1592 2880; x_wconf 89' lang='lat' dir='ltr'><strong>Dominum</strong></span> <span class='ocrx_word' id='word_1_411' title='bbox 1616 2828 1756 2882; x_wconf 89' lang='lat' dir='ltr'><strong>nostrum</strong></span> <span class='ocrx_word' id='word_1_412' title='bbox 1778 2827 1826 2883; x_wconf 86' lang='lat' dir='ltr'><strong>Je-</strong></span> 
     </span>
     <span class='ocr_line' id='line_1_31' title="bbox 115 2907 1825 2984; baseline 0.002 -16"><span class='ocrx_word' id='word_1_413' title='bbox 115 2911 208 2968; x_wconf 84' lang='lat' dir='ltr'><strong>Hunc</strong></span> <span class='ocrx_word' id='word_1_414' title='bbox 220 2911 316 2982; x_wconf 89' lang='lat' dir='ltr'><strong>igitur</strong></span> <span class='ocrx_word' id='word_1_415' title='bbox 329 2911 445 2967; x_wconf 81' lang='lat' dir='ltr'><strong>exitum</strong></span> <span class='ocrx_word' id='word_1_416' title='bbox 458 2925 631 2979; x_wconf 86' lang='lat' dir='ltr'><strong>caveamus,</strong></span> <span class='ocrx_word' id='word_1_417' title='bbox 646 2924 684 2964; x_wconf 93' lang='lat' dir='ltr'><strong>ne</strong></span> <span class='ocrx_word' id='word_1_418' title='bbox 698 2907 940 2979; x_wconf 85' lang='lat' dir='ltr'><strong>egrediamurte·</strong></span> <span class='ocrx_word' id='word_1_419' title='bbox 996 2922 1065 2963; x_wconf 88' lang='lat' dir='ltr'><strong>sum</strong></span> <span class='ocrx_word' id='word_1_420' title='bbox 1079 2907 1246 2965; x_wconf 87' lang='lat' dir='ltr'><strong>Christum.</strong></span> <span class='ocrx_word' id='word_1_421' title='bbox 1263 2909 1300 2965; x_wconf 91' lang='lat' dir='ltr'><strong>In</strong></span> <span class='ocrx_word' id='word_1_422' title='bbox 1315 2911 1415 2982; x_wconf 88' lang='lat' dir='ltr'><strong>prima</strong></span> <span class='ocrx_word' id='word_1_423' title='bbox 1430 2927 1501 2984; x_wconf 91' lang='lat' dir='ltr'><strong>ergo</strong></span> <span class='ocrx_word' id='word_1_424' title='bbox 1527 2914 1686 2970; x_wconf 89' lang='lat' dir='ltr'><strong>mansione</strong></span> <span class='ocrx_word' id='word_1_425' title='bbox 1707 2918 1754 2972; x_wconf 89' lang='lat' dir='ltr'><strong>est</strong></span> <span class='ocrx_word' id='word_1_426' title='bbox 1779 2931 1825 2972; x_wconf 79' lang='lat' dir='ltr'><strong>co</strong></span> 
     </span>
     <span class='ocr_line' id='line_1_32' title="bbox 115 2996 1824 3080; baseline 0.003 -25"><span class='ocrx_word' id='word_1_427' title='bbox 115 3015 207 3057; x_wconf 88' lang='lat' dir='ltr'><strong>mere.</strong></span> <span class='ocrx_word' id='word_1_428' title='bbox 223 3000 321 3056; x_wconf 90' lang='lat' dir='ltr'><strong>Nemo</strong></span> <span class='ocrx_word' id='word_1_429' title='bbox 339 2999 376 3056; x_wconf 88' lang='lat' dir='ltr'><strong>de</strong></span> <span class='ocrx_word' id='word_1_430' title='bbox 397 2998 584 3055; x_wconf 86' lang='lat' dir='ltr'><strong>conscientia</strong></span> <span class='ocrx_word' id='word_1_431' title='bbox 605 3013 664 3054; x_wconf 89' lang='lat' dir='ltr'><strong>sua</strong></span> <span class='ocrx_word' id='word_1_432' title='bbox 683 2997 825 3054; x_wconf 83' lang='lat' dir='ltr'><strong>confidat.</strong></span> <span class='ocrx_word' id='word_1_433' title='bbox 859 2997 941 3052; x_wconf 85' lang='lat' dir='ltr'><strong>Dina</strong></span> <span class='ocrx_word' id='word_1_434' title='bbox 959 2996 1105 3080; x_wconf 68' lang='lat' dir='ltr'><strong>cgnitio,</strong></span> <span class='ocrx_word' id='word_1_435' title='bbox 1120 2997 1153 3053; x_wconf 92' lang='lat' dir='ltr'><strong>in</strong></span> <span class='ocrx_word' id='word_1_436' title='bbox 1168 2997 1398 3072; x_wconf 90' lang='lat' dir='ltr'><strong>secundaopus,</strong></span> <span class='ocrx_word' id='word_1_437' title='bbox 1416 3000 1449 3055; x_wconf 92' lang='lat' dir='ltr'><strong>in</strong></span> <span class='ocrx_word' id='word_1_438' title='bbox 1475 3002 1565 3057; x_wconf 88' lang='lat' dir='ltr'><strong>tertia</strong></span> <span class='ocrx_word' id='word_1_439' title='bbox 1587 3002 1697 3073; x_wconf 89' lang='lat' dir='ltr'><strong>virtus,</strong></span> <span class='ocrx_word' id='word_1_440' title='bbox 1720 3003 1755 3060; x_wconf 94' lang='lat' dir='ltr'><strong>in</strong></span> <span class='ocrx_word' id='word_1_441' title='bbox 1777 3020 1824 3060; x_wconf 89' lang='lat' dir='ltr'><strong>su·</strong></span> 
     </span>
     <span class='ocr_line' id='line_1_33' title="bbox 114 3084 1821 3159; baseline 0.003 -15"><span class='ocrx_word' id='word_1_442' title='bbox 114 3088 201 3145; x_wconf 90' lang='lat' dir='ltr'><strong>intus</strong></span> <span class='ocrx_word' id='word_1_443' title='bbox 214 3088 313 3159; x_wconf 86' lang='lat' dir='ltr'><strong>virgo,</strong></span> <span class='ocrx_word' id='word_1_444' title='bbox 327 3088 412 3143; x_wconf 91' lang='lat' dir='ltr'><strong>intus</strong></span> <span class='ocrx_word' id='word_1_445' title='bbox 426 3091 521 3157; x_wconf 88' lang='lat' dir='ltr'><strong>easta,</strong></span> <span class='ocrx_word' id='word_1_446' title='bbox 542 3088 627 3144; x_wconf 88' lang='lat' dir='ltr'><strong>intus</strong></span> <span class='ocrx_word' id='word_1_447' title='bbox 639 3086 782 3144; x_wconf 91' lang='lat' dir='ltr'><strong>columba</strong></span> <span class='ocrx_word' id='word_1_448' title='bbox 792 3086 864 3155; x_wconf 81' lang='lat' dir='ltr'><strong>suit,</strong></span> <span class='ocrx_word' id='word_1_449' title='bbox 888 3084 941 3141; x_wconf 90' lang='lat' dir='ltr'><strong>sed</strong></span> <span class='ocrx_word' id='word_1_450' title='bbox 996 3100 1101 3158; x_wconf 90' lang='lat' dir='ltr'><strong>premo</strong></span> <span class='ocrx_word' id='word_1_451' title='bbox 1112 3088 1582 3159; x_wconf 85' lang='lat' dir='ltr'><strong>praemiumvirtutisDominusJ</strong></span> <span class='ocrx_word' id='word_1_452' title='bbox 1585 3107 1654 3149; x_wconf 88' lang='lat' dir='ltr'><strong>esus</strong></span> <span class='ocrx_word' id='word_1_453' title='bbox 1668 3092 1821 3150; x_wconf 86' lang='lat' dir='ltr'><strong>Christus.</strong></span> 
     </span>
     <span class='ocr_line' id='line_1_34' title="bbox 115 3173 1825 3249; baseline 0.002 -15"><span class='ocrx_word' id='word_1_454' title='bbox 115 3178 189 3249; x_wconf 84' lang='lat' dir='ltr'><strong>quia</strong></span> <span class='ocrx_word' id='word_1_455' title='bbox 201 3177 343 3234; x_wconf 89' lang='lat' dir='ltr'><strong>columba</strong></span> <span class='ocrx_word' id='word_1_456' title='bbox 357 3176 481 3232; x_wconf 89' lang='lat' dir='ltr'><strong>seducta</strong></span> <span class='ocrx_word' id='word_1_457' title='bbox 493 3176 554 3231; x_wconf 84' lang='lat' dir='ltr'><strong>fuit</strong></span> <span class='ocrx_word' id='word_1_458' title='bbox 565 3190 627 3231; x_wconf 91' lang='lat' dir='ltr'><strong>non</strong></span> <span class='ocrx_word' id='word_1_459' title='bbox 640 3175 757 3232; x_wconf 90' lang='lat' dir='ltr'><strong>babens</strong></span> <span class='ocrx_word' id='word_1_460' title='bbox 768 3190 829 3243; x_wconf 90' lang='lat' dir='ltr'><strong>cor,</strong></span> <span class='ocrx_word' id='word_1_461' title='bbox 845 3189 941 3246; x_wconf 79' lang='lat' dir='ltr'><strong>egres</strong></span> <span class='ocrx_word' id='word_1_462' title='bbox 994 3173 1060 3230; x_wconf 87' lang='lat' dir='ltr'><strong>Hos</strong></span> <span class='ocrx_word' id='word_1_463' title='bbox 1073 3176 1187 3246; x_wconf 89' lang='lat' dir='ltr'><strong>gradus</strong></span> <span class='ocrx_word' id='word_1_464' title='bbox 1197 3176 1293 3232; x_wconf 89' lang='lat' dir='ltr'><strong>babes</strong></span> <span class='ocrx_word' id='word_1_465' title='bbox 1307 3177 1340 3231; x_wconf 90' lang='lat' dir='ltr'><strong>in</strong></span> <span class='ocrx_word' id='word_1_466' title='bbox 1355 3176 1473 3249; x_wconf 88' lang='lat' dir='ltr'><strong>psalmo</strong></span> <span class='ocrx_word' id='word_1_467' title='bbox 1499 3179 1555 3235; x_wconf 89' lang='lat' dir='ltr'><strong>ubi</strong></span> <span class='ocrx_word' id='word_1_468' title='bbox 1571 3179 1646 3237; x_wconf 90' lang='lat' dir='ltr'><strong>dicit</strong></span> <span class='ocrx_word' id='word_1_469' title='bbox 1660 3197 1666 3236; x_wconf 94' lang='lat'>:</span> <span class='ocrx_word' id='word_1_470' title='bbox 1690 3183 1825 3238; x_wconf 83' lang='lat' dir='ltr'><strong>Bonita·</strong></span> 
     </span>
     <span class='ocr_line' id='line_1_35' title="bbox 115 3263 1821 3342; baseline 0.004 -20"><span class='ocrx_word' id='word_1_471' title='bbox 115 3266 246 3323; x_wconf 75' lang='lat' dir='ltr'><strong>satores</strong></span> <span class='ocrx_word' id='word_1_472' title='bbox 269 3264 399 3321; x_wconf 89' lang='lat' dir='ltr'><strong>colorem</strong></span> <span class='ocrx_word' id='word_1_473' title='bbox 422 3265 537 3337; x_wconf 87' lang='lat' dir='ltr'><strong>pariter</strong></span> <span class='ocrx_word' id='word_1_474' title='bbox 560 3279 629 3319; x_wconf 90' lang='lat' dir='ltr'><strong>cum</strong></span> <span class='ocrx_word' id='word_1_475' title='bbox 650 3263 774 3321; x_wconf 90' lang='lat' dir='ltr'><strong>nomine</strong></span> <span class='ocrx_word' id='word_1_476' title='bbox 796 3263 937 3318; x_wconf 86' lang='lat' dir='ltr'><strong>mutavit.</strong></span> <span class='ocrx_word' id='word_1_477' title='bbox 995 3267 1071 3333; x_wconf 83' lang='lat' dir='ltr'><strong>tem,</strong></span> <span class='ocrx_word' id='word_1_478' title='bbox 1085 3269 1116 3320; x_wconf 86' lang='lat' dir='ltr'><strong>et</strong></span> <span class='ocrx_word' id='word_1_479' title='bbox 1130 3267 1384 3335; x_wconf 83' lang='lat' dir='ltr'><strong>disciptinamet</strong></span> <span class='ocrx_word' id='word_1_480' title='bbox 1397 3268 1821 3342; x_wconf 65' lang='lat' dir='ltr'><strong>scientiomffsotcxvin),</strong></span> 
     </span>
     <span class='ocr_line' id='line_1_36' title="bbox 113 3351 1822 3430; baseline 0.002 -19"><span class='ocrx_word' id='word_1_481' title='bbox 113 3353 163 3412; x_wconf 88' lang='lat' dir='ltr'><strong>Sic</strong></span> <span class='ocrx_word' id='word_1_482' title='bbox 174 3353 255 3410; x_wconf 90' lang='lat' dir='ltr'><strong>enim</strong></span> <span class='ocrx_word' id='word_1_483' title='bbox 271 3353 497 3425; x_wconf 88' lang='lat' dir='ltr'><strong>scriptumest:</strong></span> <span class='ocrx_word' id='word_1_484' title='bbox 515 3354 653 3421; x_wconf 65' lang='lat' dir='ltr'><strong>&amp;gressa</strong></span> <span class='ocrx_word' id='word_1_485' title='bbox 668 3357 716 3407; x_wconf 84' lang='lat' dir='ltr'><strong>est</strong></span> <span class='ocrx_word' id='word_1_486' title='bbox 732 3352 826 3418; x_wconf 86' lang='lat' dir='ltr'><strong>Dino,</strong></span> <span class='ocrx_word' id='word_1_487' title='bbox 841 3357 878 3406; x_wconf 86' lang='lat' dir='ltr'><strong>ut</strong></span> <span class='ocrx_word' id='word_1_488' title='bbox 892 3353 938 3406; x_wconf 85' lang='lat' dir='ltr'><strong>oi·</strong></span> <span class='ocrx_word' id='word_1_489' title='bbox 994 3351 1021 3406; x_wconf 87' lang='lat' dir='ltr'><strong>si</strong></span> <span class='ocrx_word' id='word_1_490' title='bbox 1036 3355 1197 3408; x_wconf 81' lang='lat' dir='ltr'><strong>convertas</strong></span> <span class='ocrx_word' id='word_1_491' title='bbox 1211 3353 1381 3422; x_wconf 86' lang='lat' dir='ltr'><strong>scientiam,</strong></span> <span class='ocrx_word' id='word_1_492' title='bbox 1397 3358 1428 3410; x_wconf 88' lang='lat' dir='ltr'><strong>et</strong></span> <span class='ocrx_word' id='word_1_493' title='bbox 1442 3354 1646 3430; x_wconf 88' lang='lat' dir='ltr'><strong>disciplinam,</strong></span> <span class='ocrx_word' id='word_1_494' title='bbox 1657 3362 1689 3415; x_wconf 91' lang='lat' dir='ltr'><strong>et</strong></span> <span class='ocrx_word' id='word_1_495' title='bbox 1702 3359 1822 3417; x_wconf 89' lang='lat' dir='ltr'><strong>bonita-</strong></span> 
     </span>
     <span class='ocr_line' id='line_1_37' title="bbox 116 3441 1712 3514; baseline 0.004 -16"><span class='ocrx_word' id='word_1_496' title='bbox 116 3446 206 3499; x_wconf 81' lang='lat' dir='ltr'><strong>deret</strong></span> <span class='ocrx_word' id='word_1_497' title='bbox 224 3444 379 3497; x_wconf 82' lang='lat' dir='ltr'><strong>mulieres</strong></span> <span class='ocrx_word' id='word_1_498' title='bbox 395 3442 538 3511; x_wconf 68' lang='lat' dir='ltr'><strong>regionis</strong></span> <span class='ocrx_word' id='word_1_499' title='bbox 551 3442 656 3496; x_wconf 79' lang='lat' dir='ltr'><strong>illiue.</strong></span> <span class='ocrx_word' id='word_1_500' title='bbox 675 3443 778 3501; x_wconf 77' lang='lat' dir='ltr'><strong>Quane</strong></span> <span class='ocrx_word' id='word_1_501' title='bbox 794 3455 868 3495; x_wconf 84' lang='lat' dir='ltr'><strong>oum</strong></span> <span class='ocrx_word' id='word_1_502' title='bbox 893 3441 939 3494; x_wconf 86' lang='lat' dir='ltr'><strong>vi·</strong></span> <span class='ocrx_word' id='word_1_503' title='bbox 994 3443 1057 3498; x_wconf 90' lang='lat' dir='ltr'><strong>tem</strong></span> <span class='ocrx_word' id='word_1_504' title='bbox 1070 3444 1147 3498; x_wconf 87' lang='lat' dir='ltr'><strong>doce</strong></span> <span class='ocrx_word' id='word_1_505' title='bbox 1162 3457 1212 3498; x_wconf 88' lang='lat' dir='ltr'><strong>me</strong></span> <span class='ocrx_word' id='word_1_506' title='bbox 1227 3443 1331 3514; x_wconf 81' lang='lat' dir='ltr'><strong>(ibid.)</strong></span> <span class='ocrx_word' id='word_1_507' title='bbox 1348 3443 1478 3501; x_wconf 88' lang='lat' dir='ltr'><strong>Domine</strong></span> <span class='ocrx_word' id='word_1_508' title='bbox 1492 3445 1567 3503; x_wconf 86' lang='lat' dir='ltr'><strong>Jesu</strong></span> <span class='ocrx_word' id='word_1_509' title='bbox 1581 3446 1712 3505; x_wconf 88' lang='lat' dir='ltr'><strong>Christe.</strong></span> 
     </span>
     <span class='ocr_line' id='line_1_38' title="bbox 113 3529 1822 3601; baseline 0.003 -13"><span class='ocrx_word' id='word_1_510' title='bbox 113 3533 219 3588; x_wconf 81' lang='lat' dir='ltr'><strong>desset</strong></span> <span class='ocrx_word' id='word_1_511' title='bbox 233 3531 357 3586; x_wconf 83' lang='lat' dir='ltr'><strong>Sicbem</strong></span> <span class='ocrx_word' id='word_1_512' title='bbox 368 3529 700 3601; x_wconf 78' lang='lat' dir='ltr'><strong>filiusHemorEvoei,</strong></span> <span class='ocrx_word' id='word_1_513' title='bbox 712 3529 939 3598; x_wconf 80' lang='lat' dir='ltr'><strong>princepster·</strong></span> <span class='ocrx_word' id='word_1_514' title='bbox 1029 3529 1102 3586; x_wconf 74' lang='lat' dir='ltr'><strong>Gar.</strong></span> <span class='ocrx_word' id='word_1_515' title='bbox 1119 3529 1185 3586; x_wconf 91' lang='lat' dir='ltr'>VII.</span> <span class='ocrx_word' id='word_1_516' title='bbox 1202 3533 1246 3586; x_wconf 85' lang='lat' dir='ltr'><strong>De</strong></span> <span class='ocrx_word' id='word_1_517' title='bbox 1283 3533 1437 3588; x_wconf 82' lang='lat' dir='ltr'><strong>columna</strong></span> <span class='ocrx_word' id='word_1_518' title='bbox 1470 3534 1507 3588; x_wconf 83' lang='lat' dir='ltr'><strong>in</strong></span> <span class='ocrx_word' id='word_1_519' title='bbox 1523 3534 1628 3591; x_wconf 82' lang='lat' dir='ltr'><strong>medio</strong></span> <span class='ocrx_word' id='word_1_520' title='bbox 1653 3550 1743 3592; x_wconf 85' lang='lat' dir='ltr'><strong>arooe</strong></span> <span class='ocrx_word' id='word_1_521' title='bbox 1767 3539 1822 3592; x_wconf 82' lang='lat' dir='ltr'><strong>bu-</strong></span> 
     </span>
     <span class='ocr_line' id='line_1_39' title="bbox 114 3617 1497 3688; baseline 0.002 -13"><span class='ocrx_word' id='word_1_522' title='bbox 114 3635 161 3677; x_wconf 82' lang='lat' dir='ltr'><strong>roe</strong></span> <span class='ocrx_word' id='word_1_523' title='bbox 173 3621 279 3688; x_wconf 82' lang='lat' dir='ltr'><strong>illius,</strong></span> <span class='ocrx_word' id='word_1_524' title='bbox 294 3620 478 3687; x_wconf 84' lang='lat' dir='ltr'><strong>adamavit,</strong></span> <span class='ocrx_word' id='word_1_525' title='bbox 493 3622 525 3673; x_wconf 88' lang='lat' dir='ltr'><strong>et</strong></span> <span class='ocrx_word' id='word_1_526' title='bbox 539 3619 654 3687; x_wconf 81' lang='lat' dir='ltr'><strong>rapuit</strong></span> <span class='ocrx_word' id='word_1_527' title='bbox 676 3632 761 3687; x_wconf 87' lang='lat' dir='ltr'><strong>eam,</strong></span> <span class='ocrx_word' id='word_1_528' title='bbox 775 3621 807 3672; x_wconf 88' lang='lat' dir='ltr'><strong>et</strong></span> <span class='ocrx_word' id='word_1_529' title='bbox 817 3617 939 3672; x_wconf 83' lang='lat' dir='ltr'><strong>dormi·</strong></span> <span class='ocrx_word' id='word_1_530' title='bbox 1310 3623 1367 3688; x_wconf 77' lang='lat' dir='ltr'><strong>jus</strong></span> <span class='ocrx_word' id='word_1_531' title='bbox 1381 3626 1497 3678; x_wconf 84' lang='lat' dir='ltr'><strong>erecta.</strong></span> 
     </span>
     <span class='ocr_line' id='line_1_40' title="bbox 114 3705 1820 3781; baseline 0.003 -16"><span class='ocrx_word' id='word_1_532' title='bbox 114 3711 164 3765; x_wconf 84' lang='lat' dir='ltr'><strong>uit</strong></span> <span class='ocrx_word' id='word_1_533' title='bbox 184 3723 258 3765; x_wconf 83' lang='lat' dir='ltr'><strong>oum</strong></span> <span class='ocrx_word' id='word_1_534' title='bbox 286 3711 359 3778; x_wconf 82' lang='lat' dir='ltr'><strong>itta,</strong></span> <span class='ocrx_word' id='word_1_535' title='bbox 388 3710 422 3763; x_wconf 82' lang='lat' dir='ltr'><strong>oi</strong></span> <span class='ocrx_word' id='word_1_536' title='bbox 449 3709 634 3777; x_wconf 80' lang='lat' dir='ltr'><strong>opprimens</strong></span> <span class='ocrx_word' id='word_1_537' title='bbox 663 3709 826 3777; x_wconf 74' lang='lat' dir='ltr'><strong>virginem</strong></span> <span class='ocrx_word' id='word_1_538' title='bbox 850 3707 936 3781; x_wconf 79' lang='lat' dir='ltr'><strong>(den.</strong></span> <span class='ocrx_word' id='word_1_539' title='bbox 1028 3705 1179 3764; x_wconf 86' lang='lat' dir='ltr'><strong>Columna</strong></span> <span class='ocrx_word' id='word_1_540' title='bbox 1203 3706 1350 3764; x_wconf 89' lang='lat' dir='ltr'><strong>inmedio</strong></span> <span class='ocrx_word' id='word_1_541' title='bbox 1364 3724 1441 3766; x_wconf 84' lang='lat' dir='ltr'><strong>arcae</strong></span> <span class='ocrx_word' id='word_1_542' title='bbox 1455 3710 1599 3766; x_wconf 88' lang='lat' dir='ltr'><strong>erectain</strong></span> <span class='ocrx_word' id='word_1_543' title='bbox 1620 3709 1820 3770; x_wconf 88' lang='lat' dir='ltr'><strong>altitudinem</strong></span> 
     </span>
     <span class='ocr_line' id='line_1_41' title="bbox 114 3795 1820 3870; baseline 0.004 -17"><span class='ocrx_word' id='word_1_544' title='bbox 114 3797 233 3866; x_wconf 79' lang='lat' dir='ltr'><strong>xxxrv).</strong></span> <span class='ocrx_word' id='word_1_545' title='bbox 249 3796 322 3862; x_wconf 87' lang='lat' dir='ltr'><strong>Quae</strong></span> <span class='ocrx_word' id='word_1_546' title='bbox 340 3798 373 3852; x_wconf 86' lang='lat' dir='ltr'><strong>vi</strong></span> <span class='ocrx_word' id='word_1_547' title='bbox 394 3797 578 3870; x_wconf 87' lang='lat' dir='ltr'><strong>opprimitur</strong></span> <span class='ocrx_word' id='word_1_548' title='bbox 600 3795 847 3870; x_wconf 88' lang='lat' dir='ltr'><strong>patetquodnon</strong></span> <span class='ocrx_word' id='word_1_549' title='bbox 871 3796 939 3852; x_wconf 91' lang='lat' dir='ltr'><strong>ideo</strong></span> <span class='ocrx_word' id='word_1_550' title='bbox 993 3796 1122 3868; x_wconf 88' lang='lat' dir='ltr'><strong>triginta</strong></span> <span class='ocrx_word' id='word_1_551' title='bbox 1136 3796 1321 3867; x_wconf 87' lang='lat' dir='ltr'><strong>cubitorum,</strong></span> <span class='ocrx_word' id='word_1_552' title='bbox 1337 3798 1391 3869; x_wconf 87' lang='lat' dir='ltr'><strong>qui</strong></span> <span class='ocrx_word' id='word_1_553' title='bbox 1406 3798 1547 3854; x_wconf 86' lang='lat' dir='ltr'><strong>universa</strong></span> <span class='ocrx_word' id='word_1_554' title='bbox 1568 3797 1687 3856; x_wconf 76' lang='lat' dir='ltr'><strong>fabrica</strong></span> <span class='ocrx_word' id='word_1_555' title='bbox 1715 3802 1820 3859; x_wconf 89' lang='lat' dir='ltr'><strong>inniti-</strong></span> 
     </span>
     <span class='ocr_line' id='line_1_42' title="bbox 114 3885 1819 3960; baseline 0.005 -20"><span class='ocrx_word' id='word_1_556' title='bbox 114 3886 179 3940; x_wconf 87' lang='lat' dir='ltr'><strong>exit</strong></span> <span class='ocrx_word' id='word_1_557' title='bbox 192 3889 228 3941; x_wconf 90' lang='lat' dir='ltr'><strong>ut</strong></span> <span class='ocrx_word' id='word_1_558' title='bbox 241 3885 520 3956; x_wconf 79' lang='lat' dir='ltr'><strong>corrumpatur,sed</strong></span> <span class='ocrx_word' id='word_1_559' title='bbox 532 3888 635 3942; x_wconf 87' lang='lat' dir='ltr'><strong>tamen</strong></span> <span class='ocrx_word' id='word_1_560' title='bbox 647 3886 721 3957; x_wconf 83' lang='lat' dir='ltr'><strong>quia</strong></span> <span class='ocrx_word' id='word_1_561' title='bbox 734 3885 937 3953; x_wconf 85' lang='lat' dir='ltr'><strong>temereexiit,</strong></span> <span class='ocrx_word' id='word_1_562' title='bbox 990 3888 1055 3954; x_wconf 83' lang='lat' dir='ltr'><strong>tur,</strong></span> <span class='ocrx_word' id='word_1_563' title='bbox 1069 3886 1158 3957; x_wconf 89' lang='lat' dir='ltr'><strong>cujus</strong></span> <span class='ocrx_word' id='word_1_564' title='bbox 1171 3885 1309 3958; x_wconf 87' lang='lat' dir='ltr'><strong>praecieio</strong></span> <span class='ocrx_word' id='word_1_565' title='bbox 1323 3901 1446 3942; x_wconf 87' lang='lat' dir='ltr'><strong>sursum</strong></span> <span class='ocrx_word' id='word_1_566' title='bbox 1460 3901 1515 3960; x_wconf 86' lang='lat' dir='ltr'><strong>per</strong></span> <span class='ocrx_word' id='word_1_567' title='bbox 1535 3887 1688 3960; x_wconf 82' lang='lat' dir='ltr'><strong>quadrum</strong></span> <span class='ocrx_word' id='word_1_568' title='bbox 1703 3891 1736 3946; x_wconf 93' lang='lat' dir='ltr'><strong>in</strong></span> <span class='ocrx_word' id='word_1_569' title='bbox 1758 3892 1819 3948; x_wconf 91' lang='lat' dir='ltr'><strong>siu-</strong></span> 
     </span>
     <span class='ocr_line' id='line_1_43' title="bbox 115 3970 1822 4053; baseline 0.005 -26"><span class='ocrx_word' id='word_1_570' title='bbox 115 3970 270 4044; x_wconf 82' lang='lat' dir='ltr'><strong>pudioitiae</strong></span> <span class='ocrx_word' id='word_1_571' title='bbox 278 3987 341 4027; x_wconf 79' lang='lat' dir='ltr'><strong>suae</strong></span> <span class='ocrx_word' id='word_1_572' title='bbox 349 3971 463 4027; x_wconf 85' lang='lat' dir='ltr'><strong>damna</strong></span> <span class='ocrx_word' id='word_1_573' title='bbox 473 3972 565 4027; x_wconf 87' lang='lat' dir='ltr'><strong>etiam</strong></span> <span class='ocrx_word' id='word_1_574' title='bbox 578 3973 677 4028; x_wconf 86' lang='lat' dir='ltr'><strong>invita</strong></span> <span class='ocrx_word' id='word_1_575' title='bbox 690 3972 939 4039; x_wconf 87' lang='lat' dir='ltr'><strong>sustinuit.Qu0d</strong></span> <span class='ocrx_word' id='word_1_576' title='bbox 992 3973 1073 4044; x_wconf 89' lang='lat' dir='ltr'><strong>gulis</strong></span> <span class='ocrx_word' id='word_1_577' title='bbox 1086 3973 1236 4030; x_wconf 87' lang='lat' dir='ltr'><strong>lateribus</strong></span> <span class='ocrx_word' id='word_1_578' title='bbox 1246 3975 1339 4031; x_wconf 89' lang='lat' dir='ltr'><strong>unius</strong></span> <span class='ocrx_word' id='word_1_579' title='bbox 1348 3975 1444 4031; x_wconf 89' lang='lat' dir='ltr'><strong>cubiti</strong></span> <span class='ocrx_word' id='word_1_580' title='bbox 1456 3990 1632 4033; x_wconf 85' lang='lat' dir='ltr'><strong>mensuram</strong></span> <span class='ocrx_word' id='word_1_581' title='bbox 1646 3977 1822 4053; x_wconf 88' lang='lat' dir='ltr'><strong>habet,ipsa</strong></span> 
     </span>
     <span class='ocr_line' id='line_1_44' title="bbox 113 4052 1820 4136; baseline 0.004 -19"><span class='ocrx_word' id='word_1_582' title='bbox 113 4064 217 4118; x_wconf 86' lang='lat' dir='ltr'><strong>autem</strong></span> <span class='ocrx_word' id='word_1_583' title='bbox 232 4060 440 4132; x_wconf 89' lang='lat' dir='ltr'><strong>subjungitur,</strong></span> <span class='ocrx_word' id='word_1_584' title='bbox 456 4060 679 4130; x_wconf 88' lang='lat' dir='ltr'><strong>conglutinavit</strong></span> <span class='ocrx_word' id='word_1_585' title='bbox 692 4076 758 4116; x_wconf 90' lang='lat' dir='ltr'><strong>eam</strong></span> <span class='ocrx_word' id='word_1_586' title='bbox 781 4061 857 4129; x_wconf 86' lang='lat' dir='ltr'><strong>sibi;</strong></span> <span class='ocrx_word' id='word_1_587' title='bbox 881 4061 938 4117; x_wconf 88' lang='lat' dir='ltr'><strong>hoc</strong></span> <span class='ocrx_word' id='word_1_588' title='bbox 992 4061 1170 4133; x_wconf 88' lang='lat' dir='ltr'><strong>estlignum</strong></span> <span class='ocrx_word' id='word_1_589' title='bbox 1185 4063 1267 4130; x_wconf 70' lang='lat' dir='ltr'><strong>vita,</strong></span> <span class='ocrx_word' id='word_1_590' title='bbox 1291 4062 1373 4134; x_wconf 87' lang='lat' dir='ltr'><strong>quod</strong></span> <span class='ocrx_word' id='word_1_591' title='bbox 1396 4052 1570 4136; x_wconf 86' lang='lat' dir='ltr'><strong>plantatum</strong></span> <span class='ocrx_word' id='word_1_592' title='bbox 1597 4069 1644 4121; x_wconf 90' lang='lat' dir='ltr'><strong>est</strong></span> <span class='ocrx_word' id='word_1_593' title='bbox 1664 4066 1697 4123; x_wconf 91' lang='lat' dir='ltr'><strong>in</strong></span> <span class='ocrx_word' id='word_1_594' title='bbox 1719 4068 1820 4125; x_wconf 90' lang='lat' dir='ltr'><strong>medio</strong></span> 
     </span>
     <span class='ocr_line' id='line_1_45' title="bbox 113 4148 1820 4221; baseline 0.004 -14"><span class='ocrx_word' id='word_1_595' title='bbox 113 4153 160 4207; x_wconf 87' lang='lat' dir='ltr'><strong>est</strong></span> <span class='ocrx_word' id='word_1_596' title='bbox 171 4165 280 4206; x_wconf 84' lang='lat' dir='ltr'><strong>corvus</strong></span> <span class='ocrx_word' id='word_1_597' title='bbox 295 4148 424 4206; x_wconf 80' lang='lat' dir='ltr'><strong>cadaver</strong></span> <span class='ocrx_word' id='word_1_598' title='bbox 439 4148 567 4217; x_wconf 89' lang='lat' dir='ltr'><strong>invenit,</strong></span> <span class='ocrx_word' id='word_1_599' title='bbox 584 4153 613 4204; x_wconf 91' lang='lat' dir='ltr'><strong>et</strong></span> <span class='ocrx_word' id='word_1_600' title='bbox 628 4149 761 4221; x_wconf 90' lang='lat' dir='ltr'><strong>amplius</strong></span> <span class='ocrx_word' id='word_1_601' title='bbox 776 4148 815 4204; x_wconf 88' lang='lat' dir='ltr'><strong>ad</strong></span> <span class='ocrx_word' id='word_1_602' title='bbox 834 4164 937 4204; x_wconf 90' lang='lat' dir='ltr'><strong>arcam</strong></span> <span class='ocrx_word' id='word_1_603' title='bbox 991 4148 1138 4221; x_wconf 82' lang='lat' dir='ltr'><strong>paradisi,</strong></span> <span class='ocrx_word' id='word_1_604' title='bbox 1150 4150 1182 4206; x_wconf 88' lang='lat' dir='ltr'><strong>id</strong></span> <span class='ocrx_word' id='word_1_605' title='bbox 1194 4153 1241 4206; x_wconf 88' lang='lat' dir='ltr'><strong>est</strong></span> <span class='ocrx_word' id='word_1_606' title='bbox 1252 4151 1404 4208; x_wconf 90' lang='lat' dir='ltr'><strong>Dominus</strong></span> <span class='ocrx_word' id='word_1_607' title='bbox 1417 4151 1436 4207; x_wconf 91' lang='lat' dir='ltr'>J</span> <span class='ocrx_word' id='word_1_608' title='bbox 1438 4166 1509 4208; x_wconf 91' lang='lat' dir='ltr'><strong>esus</strong></span> <span class='ocrx_word' id='word_1_609' title='bbox 1522 4152 1664 4209; x_wconf 87' lang='lat' dir='ltr'><strong>Christus</strong></span> <span class='ocrx_word' id='word_1_610' title='bbox 1675 4155 1710 4210; x_wconf 89' lang='lat' dir='ltr'><strong>in</strong></span> <span class='ocrx_word' id='word_1_611' title='bbox 1719 4156 1820 4213; x_wconf 92' lang='lat' dir='ltr'><strong>medio</strong></span> 
     </span>
     <span class='ocr_line' id='line_1_46' title="bbox 111 4236 1821 4314; baseline 0.003 -19"><span class='ocrx_word' id='word_1_612' title='bbox 111 4239 210 4295; x_wconf 88' lang='lat' dir='ltr'><strong>redire</strong></span> <span class='ocrx_word' id='word_1_613' title='bbox 224 4239 332 4296; x_wconf 91' lang='lat' dir='ltr'><strong>noluit.</strong></span> <span class='ocrx_word' id='word_1_614' title='bbox 990 4236 1132 4294; x_wconf 76' lang='lat' dir='ltr'><strong>Ecclesia</strong></span> <span class='ocrx_word' id='word_1_615' title='bbox 1143 4239 1471 4312; x_wconf 80' lang='lat' dir='ltr'><strong>suae,quasiproemium</strong></span> <span class='ocrx_word' id='word_1_616' title='bbox 1481 4239 1821 4314; x_wconf 87' lang='lat' dir='ltr'><strong>laboris,quasimerces</strong></span> 
     </span>
     <span class='ocr_line' id='line_1_47' title="bbox 110 4327 1821 4421; baseline 0.002 -36"><span class='ocrx_word' id='word_1_617' title='bbox 110 4327 184 4385; x_wconf 78' lang='lat' dir='ltr'><strong>Cae.</strong></span> <span class='ocrx_word' id='word_1_618' title='bbox 200 4328 249 4384; x_wconf 91' lang='lat' dir='ltr'><strong>Vl.</strong></span> <span class='ocrx_word' id='word_1_619' title='bbox 264 4331 307 4383; x_wconf 86' lang='lat' dir='ltr'><strong>De</strong></span> <span class='ocrx_word' id='word_1_620' title='bbox 321 4328 427 4383; x_wconf 84' lang='lat' dir='ltr'><strong>tribue</strong></span> <span class='ocrx_word' id='word_1_621' title='bbox 447 4328 675 4383; x_wconf 82' lang='lat' dir='ltr'><strong>mansionibus</strong></span> <span class='ocrx_word' id='word_1_622' title='bbox 697 4341 786 4382; x_wconf 85' lang='lat' dir='ltr'><strong>arcoe</strong></span> <span class='ocrx_word' id='word_1_623' title='bbox 810 4327 937 4396; x_wconf 83' lang='lat' dir='ltr'><strong>sopien-</strong></span> <span class='ocrx_word' id='word_1_624' title='bbox 949 4362 978 4421; x_wconf 79' lang='lat' dir='ltr'>D</span> <span class='ocrx_word' id='word_1_625' title='bbox 992 4328 1102 4398; x_wconf 90' lang='lat' dir='ltr'><strong>operis,</strong></span> <span class='ocrx_word' id='word_1_626' title='bbox 1118 4328 1207 4400; x_wconf 88' lang='lat' dir='ltr'><strong>quasi</strong></span> <span class='ocrx_word' id='word_1_627' title='bbox 1220 4332 1302 4384; x_wconf 91' lang='lat' dir='ltr'><strong>meta</strong></span> <span class='ocrx_word' id='word_1_628' title='bbox 1315 4327 1445 4397; x_wconf 89' lang='lat' dir='ltr'><strong>itineris,</strong></span> <span class='ocrx_word' id='word_1_629' title='bbox 1459 4329 1550 4401; x_wconf 89' lang='lat' dir='ltr'><strong>quasi</strong></span> <span class='ocrx_word' id='word_1_630' title='bbox 1560 4344 1671 4387; x_wconf 90' lang='lat' dir='ltr'><strong>corona</strong></span> <span class='ocrx_word' id='word_1_631' title='bbox 1682 4334 1821 4389; x_wconf 83' lang='lat' dir='ltr'><strong>certami-</strong></span> 
     </span>
     <span class='ocr_line' id='line_1_48' title="bbox 317 4416 1816 4493; baseline 0.005 -23"><span class='ocrx_word' id='word_1_632' title='bbox 317 4418 381 4483; x_wconf 83' lang='lat' dir='ltr'><strong>tioe,</strong></span> <span class='ocrx_word' id='word_1_633' title='bbox 395 4418 463 4471; x_wconf 79' lang='lat' dir='ltr'><strong>siue</strong></span> <span class='ocrx_word' id='word_1_634' title='bbox 480 4416 726 4471; x_wconf 80' lang='lat' dir='ltr'><strong>intellectualis.</strong></span> <span class='ocrx_word' id='word_1_635' title='bbox 991 4416 1040 4471; x_wconf 91' lang='lat' dir='ltr'><strong>nis</strong></span> <span class='ocrx_word' id='word_1_636' title='bbox 1055 4416 1088 4471; x_wconf 91' lang='lat' dir='ltr'><strong>in</strong></span> <span class='ocrx_word' id='word_1_637' title='bbox 1112 4416 1266 4472; x_wconf 90' lang='lat' dir='ltr'><strong>communi</strong></span> <span class='ocrx_word' id='word_1_638' title='bbox 1288 4417 1432 4472; x_wconf 91' lang='lat' dir='ltr'><strong>omnibus</strong></span> <span class='ocrx_word' id='word_1_639' title='bbox 1460 4416 1602 4475; x_wconf 87' lang='lat' dir='ltr'><strong>fidelibus</strong></span> <span class='ocrx_word' id='word_1_640' title='bbox 1625 4422 1816 4493; x_wconf 78' lang='lat' dir='ltr'><strong>propositus,</strong></span> 
     </span>
     <span class='ocr_line' id='line_1_49' title="bbox 146 4502 1819 4580; baseline 0.004 -21"><span class='ocrx_word' id='word_1_641' title='bbox 146 4503 408 4560; x_wconf 87' lang='lat' dir='ltr'><strong>Tresmansiones</strong></span> <span class='ocrx_word' id='word_1_642' title='bbox 422 4503 454 4558; x_wconf 92' lang='lat' dir='ltr'><strong>iu</strong></span> <span class='ocrx_word' id='word_1_643' title='bbox 474 4502 673 4558; x_wconf 86' lang='lat' dir='ltr'><strong>intellectuali</strong></span> <span class='ocrx_word' id='word_1_644' title='bbox 699 4518 780 4572; x_wconf 88' lang='lat' dir='ltr'><strong>arca,</strong></span> <span class='ocrx_word' id='word_1_645' title='bbox 804 4519 873 4575; x_wconf 81' lang='lat' dir='ltr'><strong>quae</strong></span> <span class='ocrx_word' id='word_1_646' title='bbox 895 4504 934 4560; x_wconf 92' lang='lat' dir='ltr'><strong>si·</strong></span> <span class='ocrx_word' id='word_1_647' title='bbox 991 4504 1044 4575; x_wconf 92' lang='lat' dir='ltr'><strong>qui</strong></span> <span class='ocrx_word' id='word_1_648' title='bbox 1056 4503 1094 4558; x_wconf 90' lang='lat' dir='ltr'><strong>de</strong></span> <span class='ocrx_word' id='word_1_649' title='bbox 1106 4506 1187 4571; x_wconf 77' lang='lat' dir='ltr'><strong>terra</strong></span> <span class='ocrx_word' id='word_1_650' title='bbox 1201 4507 1287 4560; x_wconf 90' lang='lat' dir='ltr'><strong>ortus</strong></span> <span class='ocrx_word' id='word_1_651' title='bbox 1300 4508 1356 4574; x_wconf 88' lang='lat' dir='ltr'><strong>est,</strong></span> <span class='ocrx_word' id='word_1_652' title='bbox 1372 4505 1500 4561; x_wconf 85' lang='lat' dir='ltr'><strong>etcoelos</strong></span> <span class='ocrx_word' id='word_1_653' title='bbox 1510 4507 1694 4579; x_wconf 82' lang='lat' dir='ltr'><strong>penetravit,</strong></span> <span class='ocrx_word' id='word_1_654' title='bbox 1708 4510 1764 4580; x_wconf 90' lang='lat' dir='ltr'><strong>qui</strong></span> <span class='ocrx_word' id='word_1_655' title='bbox 1780 4509 1819 4565; x_wconf 87' lang='lat' dir='ltr'><strong>ad</strong></span> 
     </span>
     <span class='ocr_line' id='line_1_50' title="bbox 111 4590 1817 4667; baseline 0.005 -21"><span class='ocrx_word' id='word_1_656' title='bbox 111 4591 259 4663; x_wconf 84' lang='lat' dir='ltr'><strong>gnifieant</strong></span> <span class='ocrx_word' id='word_1_657' title='bbox 273 4591 333 4645; x_wconf 88' lang='lat' dir='ltr'><strong>tria</strong></span> <span class='ocrx_word' id='word_1_658' title='bbox 346 4604 457 4660; x_wconf 88' lang='lat' dir='ltr'><strong>genera</strong></span> <span class='ocrx_word' id='word_1_659' title='bbox 467 4590 698 4661; x_wconf 88' lang='lat' dir='ltr'><strong>cogitationum,</strong></span> <span class='ocrx_word' id='word_1_660' title='bbox 712 4592 934 4660; x_wconf 87' lang='lat' dir='ltr'><strong>rectum,utile,</strong></span> <span class='ocrx_word' id='word_1_661' title='bbox 989 4590 1053 4646; x_wconf 88' lang='lat' dir='ltr'><strong>ima</strong></span> <span class='ocrx_word' id='word_1_662' title='bbox 1065 4592 1151 4648; x_wconf 85' lang='lat' dir='ltr'><strong>venit</strong></span> <span class='ocrx_word' id='word_1_663' title='bbox 1166 4595 1195 4648; x_wconf 92' lang='lat' dir='ltr'><strong>et</strong></span> <span class='ocrx_word' id='word_1_664' title='bbox 1220 4608 1341 4648; x_wconf 90' lang='lat' dir='ltr'><strong>summa</strong></span> <span class='ocrx_word' id='word_1_665' title='bbox 1360 4607 1422 4666; x_wconf 85' lang='lat' dir='ltr'><strong>non</strong></span> <span class='ocrx_word' id='word_1_666' title='bbox 1445 4595 1590 4664; x_wconf 89' lang='lat' dir='ltr'><strong>deseruit,</strong></span> <span class='ocrx_word' id='word_1_667' title='bbox 1615 4596 1668 4667; x_wconf 92' lang='lat' dir='ltr'><strong>qui</strong></span> <span class='ocrx_word' id='word_1_668' title='bbox 1693 4611 1817 4654; x_wconf 86' lang='lat' dir='ltr'><strong>sursum</strong></span> 
     </span>
     <span class='ocr_line' id='line_1_51' title="bbox 111 4677 1816 4755; baseline 0.004 -20"><span class='ocrx_word' id='word_1_669' title='bbox 111 4679 366 4735; x_wconf 89' lang='lat' dir='ltr'><strong>necessarium.Si</strong></span> <span class='ocrx_word' id='word_1_670' title='bbox 376 4694 430 4749; x_wconf 87' lang='lat' dir='ltr'><strong>ego</strong></span> <span class='ocrx_word' id='word_1_671' title='bbox 442 4677 567 4749; x_wconf 88' lang='lat' dir='ltr'><strong>diligere</strong></span> <span class='ocrx_word' id='word_1_672' title='bbox 579 4694 695 4752; x_wconf 85' lang='lat' dir='ltr'><strong>coepero</strong></span> <span class='ocrx_word' id='word_1_673' title='bbox 705 4680 935 4737; x_wconf 86' lang='lat' dir='ltr'><strong>meditationem</strong></span> <span class='ocrx_word' id='word_1_674' title='bbox 988 4679 1054 4753; x_wconf 87' lang='lat' dir='ltr'><strong>ipse</strong></span> <span class='ocrx_word' id='word_1_675' title='bbox 1069 4684 1114 4736; x_wconf 89' lang='lat' dir='ltr'><strong>est</strong></span> <span class='ocrx_word' id='word_1_676' title='bbox 1129 4683 1159 4736; x_wconf 91' lang='lat' dir='ltr'><strong>et</strong></span> <span class='ocrx_word' id='word_1_677' title='bbox 1172 4680 1325 4751; x_wconf 91' lang='lat' dir='ltr'><strong>deorsum,</strong></span> <span class='ocrx_word' id='word_1_678' title='bbox 1340 4696 1464 4738; x_wconf 88' lang='lat' dir='ltr'><strong>sursum</strong></span> <span class='ocrx_word' id='word_1_679' title='bbox 1478 4683 1649 4755; x_wconf 85' lang='lat' dir='ltr'><strong>majestate,</strong></span> <span class='ocrx_word' id='word_1_680' title='bbox 1671 4682 1816 4742; x_wconf 73' lang='lat' dir='ltr'><strong>deomum</strong></span> 
     </span>
     <span class='ocr_line' id='line_1_52' title="bbox 110 4766 1818 4843; baseline 0.004 -20"><span class='ocrx_word' id='word_1_681' title='bbox 110 4767 348 4839; x_wconf 86' lang='lat' dir='ltr'><strong>Scripturamm,</strong></span> <span class='ocrx_word' id='word_1_682' title='bbox 364 4771 394 4823; x_wconf 92' lang='lat' dir='ltr'><strong>et</strong></span> <span class='ocrx_word' id='word_1_683' title='bbox 408 4766 539 4822; x_wconf 90' lang='lat' dir='ltr'><strong>libenter</strong></span> <span class='ocrx_word' id='word_1_684' title='bbox 560 4768 732 4838; x_wconf 84' lang='lat' dir='ltr'><strong>cogitavero</strong></span> <span class='ocrx_word' id='word_1_685' title='bbox 755 4768 791 4824; x_wconf 91' lang='lat' dir='ltr'><strong>de</strong></span> <span class='ocrx_word' id='word_1_686' title='bbox 812 4769 934 4825; x_wconf 85' lang='lat' dir='ltr'><strong>virtuti·</strong></span> <span class='ocrx_word' id='word_1_687' title='bbox 988 4769 1209 4841; x_wconf 85' lang='lat' dir='ltr'><strong>compassione.</strong></span> <span class='ocrx_word' id='word_1_688' title='bbox 1223 4768 1352 4827; x_wconf 85' lang='lat' dir='ltr'><strong>Sursum</strong></span> <span class='ocrx_word' id='word_1_689' title='bbox 1360 4774 1396 4827; x_wconf 91' lang='lat' dir='ltr'><strong>ut</strong></span> <span class='ocrx_word' id='word_1_690' title='bbox 1408 4770 1512 4827; x_wconf 89' lang='lat' dir='ltr'><strong>trabat</strong></span> <span class='ocrx_word' id='word_1_691' title='bbox 1522 4770 1718 4843; x_wconf 88' lang='lat' dir='ltr'><strong>desiderium,</strong></span> <span class='ocrx_word' id='word_1_692' title='bbox 1735 4773 1818 4832; x_wconf 87' lang='lat' dir='ltr'><strong>deor·</strong></span> 
     </span>
     <span class='ocr_line' id='line_1_53' title="bbox 110 4855 1814 4932; baseline 0.005 -21"><span class='ocrx_word' id='word_1_693' title='bbox 110 4855 170 4911; x_wconf 87' lang='lat' dir='ltr'><strong>bus</strong></span> <span class='ocrx_word' id='word_1_694' title='bbox 182 4859 369 4925; x_wconf 85' lang='lat' dir='ltr'><strong>sanctorum,</strong></span> <span class='ocrx_word' id='word_1_695' title='bbox 385 4859 415 4911; x_wconf 89' lang='lat' dir='ltr'><strong>et</strong></span> <span class='ocrx_word' id='word_1_696' title='bbox 436 4856 473 4911; x_wconf 93' lang='lat' dir='ltr'><strong>de</strong></span> <span class='ocrx_word' id='word_1_697' title='bbox 497 4856 641 4927; x_wconf 90' lang='lat' dir='ltr'><strong>operibus</strong></span> <span class='ocrx_word' id='word_1_698' title='bbox 663 4855 730 4925; x_wconf 88' lang='lat' dir='ltr'><strong>Dei,</strong></span> <span class='ocrx_word' id='word_1_699' title='bbox 755 4856 841 4913; x_wconf 89' lang='lat' dir='ltr'><strong>etde</strong></span> <span class='ocrx_word' id='word_1_700' title='bbox 865 4855 935 4912; x_wconf 88' lang='lat' dir='ltr'><strong>aliis</strong></span> <span class='ocrx_word' id='word_1_701' title='bbox 988 4871 1057 4912; x_wconf 89' lang='lat' dir='ltr'><strong>sum</strong></span> <span class='ocrx_word' id='word_1_702' title='bbox 1073 4860 1108 4912; x_wconf 92' lang='lat' dir='ltr'><strong>ut</strong></span> <span class='ocrx_word' id='word_1_703' title='bbox 1122 4861 1247 4929; x_wconf 78' lang='lat' dir='ltr'><strong>praestet</strong></span> <span class='ocrx_word' id='word_1_704' title='bbox 1260 4857 1444 4914; x_wconf 91' lang='lat' dir='ltr'><strong>subsidium.</strong></span> <span class='ocrx_word' id='word_1_705' title='bbox 1470 4858 1621 4915; x_wconf 90' lang='lat' dir='ltr'><strong>Deorsum</strong></span> <span class='ocrx_word' id='word_1_706' title='bbox 1639 4860 1723 4916; x_wconf 86' lang='lat' dir='ltr'><strong>intra</strong></span> <span class='ocrx_word' id='word_1_707' title='bbox 1747 4875 1814 4932; x_wconf 89' lang='lat' dir='ltr'><strong>nos,</strong></span> 
     </span>
     <span class='ocr_line' id='line_1_54' title="bbox 110 4943 1817 5022; baseline 0.005 -24"><span class='ocrx_word' id='word_1_708' title='bbox 110 4958 300 5015; x_wconf 79' lang='lat' dir='ltr'><strong>quacunque</strong></span> <span class='ocrx_word' id='word_1_709' title='bbox 319 4943 360 4999; x_wconf 87' lang='lat' dir='ltr'><strong>ad</strong></span> <span class='ocrx_word' id='word_1_710' title='bbox 379 4944 623 5000; x_wconf 88' lang='lat' dir='ltr'><strong>emendationem</strong></span> <span class='ocrx_word' id='word_1_711' title='bbox 644 4959 776 5014; x_wconf 90' lang='lat' dir='ltr'><strong>morum,</strong></span> <span class='ocrx_word' id='word_1_712' title='bbox 806 4946 870 5001; x_wconf 82' lang='lat' dir='ltr'><strong>sive</strong></span> <span class='ocrx_word' id='word_1_713' title='bbox 896 4945 935 5000; x_wconf 89' lang='lat' dir='ltr'><strong>ad</strong></span> <span class='ocrx_word' id='word_1_714' title='bbox 988 4959 1112 5000; x_wconf 91' lang='lat' dir='ltr'><strong>sursum</strong></span> <span class='ocrx_word' id='word_1_715' title='bbox 1127 4959 1300 5017; x_wconf 89' lang='lat' dir='ltr'><strong>supranos.</strong></span> <span class='ocrx_word' id='word_1_716' title='bbox 1314 4946 1465 5003; x_wconf 89' lang='lat' dir='ltr'><strong>Deorsum</strong></span> <span class='ocrx_word' id='word_1_717' title='bbox 1481 4947 1564 5018; x_wconf 86' lang='lat' dir='ltr'><strong>quod</strong></span> <span class='ocrx_word' id='word_1_718' title='bbox 1579 4962 1598 5002; x_wconf 88' lang='lat' dir='ltr'><strong>a</strong></span> <span class='ocrx_word' id='word_1_719' title='bbox 1611 4947 1817 5022; x_wconf 80' lang='lat' dir='ltr'><strong>nobiseump</strong></span> 
     </span>
     <span class='ocr_line' id='line_1_55' title="bbox 109 5033 1816 5108; baseline 0.004 -20"><span class='ocrx_word' id='word_1_720' title='bbox 109 5033 357 5089; x_wconf 84' lang='lat' dir='ltr'><strong>exercitationem</strong></span> <span class='ocrx_word' id='word_1_721' title='bbox 380 5033 493 5088; x_wconf 88' lang='lat' dir='ltr'><strong>mentis</strong></span> <span class='ocrx_word' id='word_1_722' title='bbox 525 5033 690 5105; x_wconf 88' lang='lat' dir='ltr'><strong>pertinent,</strong></span> <span class='ocrx_word' id='word_1_723' title='bbox 710 5034 775 5105; x_wconf 88' lang='lat' dir='ltr'><strong>jam</strong></span> <span class='ocrx_word' id='word_1_724' title='bbox 801 5033 835 5089; x_wconf 90' lang='lat' dir='ltr'><strong>in</strong></span> <span class='ocrx_word' id='word_1_725' title='bbox 856 5049 934 5090; x_wconf 74' lang='lat' dir='ltr'><strong>arose</strong></span> <span class='ocrx_word' id='word_1_726' title='bbox 988 5033 1632 5108; x_wconf 85' lang='lat' dir='ltr'><strong>sit,sursumquodnobisproposuit.Iste</strong></span> <span class='ocrx_word' id='word_1_727' title='bbox 1654 5041 1816 5094; x_wconf 73' lang='lat' dir='ltr'><strong>estmorae</strong></span> 
     </span>
     <span class='ocr_line' id='line_1_56' title="bbox 108 5119 1814 5195; baseline 0.004 -19"><span class='ocrx_word' id='word_1_728' title='bbox 108 5119 268 5177; x_wconf 88' lang='lat' dir='ltr'><strong>mansione</strong></span> <span class='ocrx_word' id='word_1_729' title='bbox 282 5120 382 5193; x_wconf 87' lang='lat' dir='ltr'><strong>prima</strong></span> <span class='ocrx_word' id='word_1_730' title='bbox 395 5135 461 5177; x_wconf 90' lang='lat' dir='ltr'><strong>esse</strong></span> <span class='ocrx_word' id='word_1_731' title='bbox 482 5121 569 5195; x_wconf 86' lang='lat' dir='ltr'><strong>coepi.</strong></span> <span class='ocrx_word' id='word_1_732' title='bbox 586 5120 645 5178; x_wconf 88' lang='lat' dir='ltr'><strong>Sed</strong></span> <span class='ocrx_word' id='word_1_733' title='bbox 660 5121 687 5177; x_wconf 89' lang='lat' dir='ltr'><strong>si</strong></span> <span class='ocrx_word' id='word_1_734' title='bbox 709 5121 827 5178; x_wconf 86' lang='lat' dir='ltr'><strong>bonum</strong></span> <span class='ocrx_word' id='word_1_735' title='bbox 851 5120 934 5194; x_wconf 86' lang='lat' dir='ltr'><strong>quod</strong></span> <span class='ocrx_word' id='word_1_736' title='bbox 987 5123 1814 5195; x_wconf 78' lang='lat' dir='ltr'><strong>domueDominipraeparatusinverticemontium,</strong></span> 
     </span>
     <span class='ocr_line' id='line_1_57' title="bbox 107 5207 1817 5285; baseline 0.003 -20"><span class='ocrx_word' id='word_1_737' title='bbox 107 5210 180 5266; x_wconf 84' lang='lat' dir='ltr'><strong>novi</strong></span> <span class='ocrx_word' id='word_1_738' title='bbox 208 5208 308 5265; x_wconf 91' lang='lat' dir='ltr'><strong>adhuc</strong></span> <span class='ocrx_word' id='word_1_739' title='bbox 332 5209 447 5264; x_wconf 88' lang='lat' dir='ltr'><strong>imitari</strong></span> <span class='ocrx_word' id='word_1_740' title='bbox 480 5207 586 5265; x_wconf 81' lang='lat' dir='ltr'><strong>differo</strong></span> <span class='ocrx_word' id='word_1_741' title='bbox 615 5215 645 5266; x_wconf 89' lang='lat' dir='ltr'><strong>et</strong></span> <span class='ocrx_word' id='word_1_742' title='bbox 679 5209 825 5278; x_wconf 85' lang='lat' dir='ltr'><strong>detracto,</strong></span> <span class='ocrx_word' id='word_1_743' title='bbox 860 5213 933 5265; x_wconf 89' lang='lat' dir='ltr'><strong>tuuc</strong></span> <span class='ocrx_word' id='word_1_744' title='bbox 987 5210 1131 5283; x_wconf 83' lang='lat' dir='ltr'><strong>adquam</strong></span> <span class='ocrx_word' id='word_1_745' title='bbox 1140 5211 1243 5269; x_wconf 90' lang='lat' dir='ltr'><strong>tluunt</strong></span> <span class='ocrx_word' id='word_1_746' title='bbox 1257 5227 1363 5270; x_wconf 88' lang='lat' dir='ltr'><strong>omnes</strong></span> <span class='ocrx_word' id='word_1_747' title='bbox 1377 5215 1484 5285; x_wconf 88' lang='lat' dir='ltr'><strong>gentes</strong></span> <span class='ocrx_word' id='word_1_748' title='bbox 1509 5211 1617 5284; x_wconf 72' lang='lat' dir='ltr'><strong>(Mica.</strong></span> <span class='ocrx_word' id='word_1_749' title='bbox 1643 5213 1701 5284; x_wconf 71' lang='grc' dir='ltr'><strong>ιν),</strong></span> <span class='ocrx_word' id='word_1_750' title='bbox 1726 5217 1758 5272; x_wconf 88' lang='lat' dir='ltr'><strong>et</strong></span> <span class='ocrx_word' id='word_1_751' title='bbox 1780 5214 1817 5271; x_wconf 91' lang='lat' dir='ltr'><strong>de</strong></span> 
     </span>
     <span class='ocr_line' id='line_1_58' title="bbox 106 5297 1817 5374; baseline 0.003 -19"><span class='ocrx_word' id='word_1_752' title='bbox 106 5298 205 5355; x_wconf 90' lang='lat' dir='ltr'><strong>dicere</strong></span> <span class='ocrx_word' id='word_1_753' title='bbox 232 5312 369 5370; x_wconf 88' lang='lat' dir='ltr'><strong>possum,</strong></span> <span class='ocrx_word' id='word_1_754' title='bbox 397 5297 479 5369; x_wconf 90' lang='lat' dir='ltr'><strong>quod</strong></span> <span class='ocrx_word' id='word_1_755' title='bbox 506 5303 588 5354; x_wconf 88' lang='lat' dir='ltr'><strong>recta</strong></span> <span class='ocrx_word' id='word_1_756' title='bbox 619 5299 661 5352; x_wconf 92' lang='lat' dir='ltr'><strong>sit</strong></span> <span class='ocrx_word' id='word_1_757' title='bbox 693 5297 839 5369; x_wconf 88' lang='lat' dir='ltr'><strong>cogitatio</strong></span> <span class='ocrx_word' id='word_1_758' title='bbox 864 5313 933 5354; x_wconf 90' lang='lat' dir='ltr'><strong>mea</strong></span> <span class='ocrx_word' id='word_1_759' title='bbox 986 5302 1121 5370; x_wconf 88' lang='lat' dir='ltr'><strong>quatuor</strong></span> <span class='ocrx_word' id='word_1_760' title='bbox 1132 5299 1255 5372; x_wconf 88' lang='lat' dir='ltr'><strong>angulis</strong></span> <span class='ocrx_word' id='word_1_761' title='bbox 1275 5316 1352 5358; x_wconf 86' lang='lat' dir='ltr'><strong>arose</strong></span> <span class='ocrx_word' id='word_1_762' title='bbox 1377 5300 1467 5374; x_wconf 88' lang='lat' dir='ltr'><strong>quasi</strong></span> <span class='ocrx_word' id='word_1_763' title='bbox 1490 5300 1529 5357; x_wconf 89' lang='lat' dir='ltr'><strong>de</strong></span> <span class='ocrx_word' id='word_1_764' title='bbox 1553 5304 1687 5374; x_wconf 87' lang='lat' dir='ltr'><strong>quatuor</strong></span> <span class='ocrx_word' id='word_1_765' title='bbox 1708 5303 1817 5360; x_wconf 89' lang='lat' dir='ltr'><strong>mundi</strong></span> 
     </span>
     <span class='ocr_line' id='line_1_59' title="bbox 106 5383 1322 5458; baseline 0.002 -16"><span class='ocrx_word' id='word_1_766' title='bbox 106 5389 137 5442; x_wconf 88' lang='lat' dir='ltr'><strong>et</strong></span> <span class='ocrx_word' id='word_1_767' title='bbox 170 5385 302 5456; x_wconf 84' lang='lat' dir='ltr'><strong>inutilis,</strong></span> <span class='ocrx_word' id='word_1_768' title='bbox 327 5384 402 5457; x_wconf 88' lang='lat' dir='ltr'><strong>quia</strong></span> <span class='ocrx_word' id='word_1_769' title='bbox 428 5385 544 5441; x_wconf 90' lang='lat' dir='ltr'><strong>bonum</strong></span> <span class='ocrx_word' id='word_1_770' title='bbox 572 5383 697 5456; x_wconf 84' lang='lat' dir='ltr'><strong>quidem</strong></span> <span class='ocrx_word' id='word_1_771' title='bbox 726 5389 772 5440; x_wconf 89' lang='lat' dir='ltr'><strong>est</strong></span> <span class='ocrx_word' id='word_1_772' title='bbox 792 5384 875 5457; x_wconf 92' lang='lat' dir='ltr'><strong>quod</strong></span> <span class='ocrx_word' id='word_1_773' title='bbox 895 5384 932 5441; x_wconf 91' lang='lat' dir='ltr'><strong>de</strong></span> <span class='ocrx_word' id='word_1_774' title='bbox 985 5388 1128 5458; x_wconf 88' lang='lat' dir='ltr'><strong>partibus</strong></span> <span class='ocrx_word' id='word_1_775' title='bbox 1142 5387 1322 5447; x_wconf 88' lang='lat' dir='ltr'><strong>escendunt.</strong></span> 
     </span>
     <span class='ocr_line' id='line_1_60' title="bbox 106 5471 1814 5544; baseline 0.005 -16"><span class='ocrx_word' id='word_1_776' title='bbox 106 5472 176 5528; x_wconf 86' lang='lat' dir='ltr'><strong>aliis</strong></span> <span class='ocrx_word' id='word_1_777' title='bbox 199 5472 299 5544; x_wconf 89' lang='lat' dir='ltr'><strong>cogito</strong></span> <span class='ocrx_word' id='word_1_778' title='bbox 326 5476 357 5527; x_wconf 88' lang='lat' dir='ltr'><strong>et</strong></span> <span class='ocrx_word' id='word_1_779' title='bbox 382 5472 465 5544; x_wconf 85' lang='lat' dir='ltr'><strong>quod</strong></span> <span class='ocrx_word' id='word_1_780' title='bbox 493 5472 563 5528; x_wconf 88' lang='lat' dir='ltr'><strong>aliis</strong></span> <span class='ocrx_word' id='word_1_781' title='bbox 591 5485 750 5541; x_wconf 87' lang='lat' dir='ltr'><strong>cognosco.</strong></span> <span class='ocrx_word' id='word_1_782' title='bbox 781 5471 834 5527; x_wconf 88' lang='lat' dir='ltr'><strong>sed</strong></span> <span class='ocrx_word' id='word_1_783' title='bbox 861 5472 930 5528; x_wconf 91' lang='lat' dir='ltr'><strong>inu·</strong></span> <span class='ocrx_word' id='word_1_784' title='bbox 985 5473 1059 5533; x_wconf 76' lang='lat' dir='ltr'><strong>Can.</strong></span> <span class='ocrx_word' id='word_1_785' title='bbox 1075 5476 1155 5534; x_wconf 88' lang='lat' dir='ltr'>VIII.</span> <span class='ocrx_word' id='word_1_786' title='bbox 1167 5480 1210 5534; x_wconf 87' lang='lat' dir='ltr'><strong>De</strong></span> <span class='ocrx_word' id='word_1_787' title='bbox 1222 5480 1416 5536; x_wconf 78' lang='lat' dir='ltr'><strong>diversitate</strong></span> <span class='ocrx_word' id='word_1_788' title='bbox 1431 5492 1545 5535; x_wconf 85' lang='lat' dir='ltr'><strong>arcam</strong></span> <span class='ocrx_word' id='word_1_789' title='bbox 1559 5479 1814 5536; x_wconf 79' lang='lat' dir='ltr'><strong>ascendentium</strong></span> 
     </span>
     <span class='ocr_line' id='line_1_61' title="bbox 107 5559 1812 5639; baseline 0.008 -26"><span class='ocrx_word' id='word_1_790' title='bbox 107 5559 160 5614; x_wconf 87' lang='lat' dir='ltr'><strong>tile</strong></span> <span class='ocrx_word' id='word_1_791' title='bbox 182 5560 270 5630; x_wconf 90' lang='lat' dir='ltr'><strong>mihi,</strong></span> <span class='ocrx_word' id='word_1_792' title='bbox 293 5561 319 5615; x_wconf 88' lang='lat' dir='ltr'><strong>si</strong></span> <span class='ocrx_word' id='word_1_793' title='bbox 341 5559 418 5616; x_wconf 89' lang='lat' dir='ltr'><strong>illud</strong></span> <span class='ocrx_word' id='word_1_794' title='bbox 448 5559 487 5614; x_wconf 88' lang='lat' dir='ltr'><strong>ad</strong></span> <span class='ocrx_word' id='word_1_795' title='bbox 516 5559 688 5631; x_wconf 85' lang='lat' dir='ltr'><strong>exemplum</strong></span> <span class='ocrx_word' id='word_1_796' title='bbox 720 5559 844 5618; x_wconf 87' lang='lat' dir='ltr'><strong>vivendi</strong></span> <span class='ocrx_word' id='word_1_797' title='bbox 869 5576 931 5618; x_wconf 91' lang='lat' dir='ltr'><strong>non</strong></span> <span class='ocrx_word' id='word_1_798' title='bbox 1018 5563 1081 5621; x_wconf 79' lang='lat' dir='ltr'><strong>Alii</strong></span> <span class='ocrx_word' id='word_1_799' title='bbox 1095 5563 1247 5638; x_wconf 90' lang='lat' dir='ltr'><strong>siquidem</strong></span> <span class='ocrx_word' id='word_1_800' title='bbox 1261 5566 1431 5624; x_wconf 88' lang='lat' dir='ltr'><strong>ascendunt</strong></span> <span class='ocrx_word' id='word_1_801' title='bbox 1441 5566 1478 5623; x_wconf 93' lang='lat' dir='ltr'><strong>de</strong></span> <span class='ocrx_word' id='word_1_802' title='bbox 1489 5566 1588 5624; x_wconf 86' lang='lat' dir='ltr'><strong>calore</strong></span> <span class='ocrx_word' id='word_1_803' title='bbox 1603 5565 1745 5639; x_wconf 88' lang='lat' dir='ltr'><strong>orientis,</strong></span> <span class='ocrx_word' id='word_1_804' title='bbox 1759 5567 1812 5626; x_wconf 85' lang='lat' dir='ltr'><strong>alii</strong></span> 
     </span>
     <span class='ocr_line' id='line_1_62' title="bbox 107 5645 1814 5728; baseline 0.008 -28"><span class='ocrx_word' id='word_1_805' title='bbox 107 5645 206 5702; x_wconf 87' lang='lat' dir='ltr'><strong>traho.</strong></span> <span class='ocrx_word' id='word_1_806' title='bbox 219 5646 298 5712; x_wconf 88' lang='lat' dir='ltr'><strong>Quia</strong></span> <span class='ocrx_word' id='word_1_807' title='bbox 312 5647 413 5703; x_wconf 89' lang='lat' dir='ltr'><strong>aliena</strong></span> <span class='ocrx_word' id='word_1_808' title='bbox 434 5646 534 5704; x_wconf 85' lang='lat' dir='ltr'><strong>virtue</strong></span> <span class='ocrx_word' id='word_1_809' title='bbox 557 5645 635 5702; x_wconf 90' lang='lat' dir='ltr'><strong>mihi</strong></span> <span class='ocrx_word' id='word_1_810' title='bbox 659 5661 722 5705; x_wconf 89' lang='lat' dir='ltr'><strong>non</strong></span> <span class='ocrx_word' id='word_1_811' title='bbox 745 5646 879 5721; x_wconf 88' lang='lat' dir='ltr'><strong>prodest,</strong></span> <span class='ocrx_word' id='word_1_812' title='bbox 904 5648 931 5704; x_wconf 91' lang='lat' dir='ltr'><strong>si</strong></span> <span class='ocrx_word' id='word_1_813' title='bbox 984 5651 1021 5707; x_wconf 88' lang='lat' dir='ltr'><strong>de</strong></span> <span class='ocrx_word' id='word_1_814' title='bbox 1034 5652 1133 5710; x_wconf 88' lang='lat' dir='ltr'><strong>calore</strong></span> <span class='ocrx_word' id='word_1_815' title='bbox 1147 5654 1378 5727; x_wconf 87' lang='lat' dir='ltr'><strong>occidentie,elii</strong></span> <span class='ocrx_word' id='word_1_816' title='bbox 1393 5654 1430 5713; x_wconf 89' lang='lat' dir='ltr'><strong>de</strong></span> <span class='ocrx_word' id='word_1_817' title='bbox 1441 5656 1556 5727; x_wconf 79' lang='lat' dir='ltr'><strong>frigore</strong></span> <span class='ocrx_word' id='word_1_818' title='bbox 1567 5654 1765 5728; x_wconf 70' lang='lat' dir='ltr'><strong>enuntianti</strong></span> <span class='ocrx_word' id='word_1_819' title='bbox 1778 5656 1814 5715; x_wconf 92' lang='lat' dir='ltr'><strong>de</strong></span> 
     </span>
    </p>
   </div>
   <div class='ocr_carea' id='block_1_3' title="bbox 106 5729 1812 5820">
    <p class='ocr_par' dir='ltr' id='par_1_3' title="bbox 106 5729 1812 5820">
     <span class='ocr_line' id='line_1_63' title="bbox 106 5729 1812 5820; baseline 0.01 -33"><span class='ocrx_word' id='word_1_820' title='bbox 106 5729 192 5788; x_wconf 84' lang='lat' dir='ltr'><strong>illam</strong></span> <span class='ocrx_word' id='word_1_821' title='bbox 204 5733 367 5805; x_wconf 82' lang='lat' dir='ltr'><strong>(quantum</strong></span> <span class='ocrx_word' id='word_1_822' title='bbox 384 5737 521 5808; x_wconf 81' lang='lat' dir='ltr'><strong>possum)</strong></span> <span class='ocrx_word' id='word_1_823' title='bbox 548 5734 663 5792; x_wconf 84' lang='lat' dir='ltr'><strong>imitari</strong></span> <span class='ocrx_word' id='word_1_824' title='bbox 681 5735 841 5809; x_wconf 86' lang='lat' dir='ltr'><strong>neglexero</strong></span> <span class='ocrx_word' id='word_1_825' title='bbox 860 5739 931 5796; x_wconf 74' lang='lat' dir='ltr'><strong>tte</strong></span> <span class='ocrx_word' id='word_1_826' title='bbox 983 5739 1095 5811; x_wconf 80' lang='lat' dir='ltr'><strong>nigore</strong></span> <span class='ocrx_word' id='word_1_827' title='bbox 1107 5740 1375 5801; x_wconf 78' lang='lat' dir='ltr'><strong>occidentiacalor</strong></span> <span class='ocrx_word' id='word_1_828' title='bbox 1389 5744 1516 5802; x_wconf 86' lang='lat' dir='ltr'><strong>orientis</strong></span> <span class='ocrx_word' id='word_1_829' title='bbox 1536 5746 1584 5802; x_wconf 87' lang='lat' dir='ltr'><strong>est</strong></span> <span class='ocrx_word' id='word_1_830' title='bbox 1607 5743 1713 5802; x_wconf 76' lang='lat' dir='ltr'><strong>fervor</strong></span> <span class='ocrx_word' id='word_1_831' title='bbox 1724 5745 1812 5820; x_wconf 84' lang='lat' dir='ltr'><strong>spirl-</strong></span> 
     </span>
    </p>
   </div>
   <div class='ocr_carea' id='block_1_4' title="bbox 0 0 1876 6082">
    <p class='ocr_par' dir='ltr' id='par_1_4' title="bbox 0 0 1876 6082">
     <span class='ocr_line' id='line_1_64' title="bbox 0 0 1876 6082; baseline 0 3"><span class='ocrx_word' id='word_1_832' title='bbox 0 0 1876 6082; x_wconf 95' lang='lat' dir='ltr'><strong> </strong></span> 
     </span>
    </p>
   </div>
  </div>
 </body>
</html>
