3742 6082
483 213 529 269 ne
548 211 729 270 clausero
748 210 876 267 aaran.
898 242 932 250 -
947 212 1011 269 era.
1028 216 1050 269 1.
1560 196 1631 276 roas

51 335 90 393 int
101 335 250 406 religionis
261 335 551 405 claustrum‚iterum
564 338 745 410 impugnan·
763 339 787 391 A
800 351 849 392 ees
864 340 968 393 contra
978 352 1039 405 eos,
1052 337 1091 394 ad
1115 354 1193 412 quos
1207 339 1278 396 loris
1293 339 1434 397 accedere
1456 356 1519 398 non
1537 342 1629 400 aude·

51 425 79 480 ui
90 425 185 481 hostis
205 424 311 481 ditioni
327 425 506 484 subdantur.
532 431 616 483 Nunc
631 431 741 494 autem,
799 422 882 480 bant.
894 427 974 480 Tunc
984 425 1100 483 videres
1113 427 1242 499 qualiter
1255 428 1314 484 illic
1337 429 1444 486 divites
1467 431 1628 488 humilian-

51 528 101 570 uos
114 513 167 587 qui
181 514 347 569 claustrum
362 513 549 583 intravimus,
568 515 681 587 aliquid
707 514 743 569 de
800 516 856 580 tur,
873 517 902 568 et
915 529 1064 589 pauperes
1077 515 1136 571 illic
1155 515 1307 573 inflantur.
1337 519 1561 591 Respondentes
1574 520 1627 575 ab·

51 602 119 659 ione
135 603 325 660 saecularium
341 609 444 660 eontra
455 621 501 674 ea,
522 621 590 677 quae
607 603 744 676 superius
799 600 861 657 bati
874 619 929 658 suo
948 603 1045 660 fronte
1061 604 1164 674 libera,
1179 610 1323 663 accusant
1336 606 1441 664 fratres
1464 609 1626 682 qrrosdam,

57 696 103 749 est
114 692 254 749 diabolus
273 708 327 766 per
341 692 569 749 delectationem
595 697 745 767 tempora·
799 691 977 750 criminosos
991 699 1111 765 vocant,
1132 697 1229 767 justos
1247 697 1398 770 quosdam
1410 713 1464 771 per
1488 699 1626 768 ironiam,

52 781 210 839 amodulo
230 782 440 839 imbecillitatis
462 788 573 839 nostrae
595 783 742 839 dicamus.
799 797 876 853 quos
890 798 962 839 vero
979 787 1078 853 justos
1090 801 1201 855 negare
1216 803 1278 843 non
1293 791 1431 860 possunt,
1461 786 1626 845 invidentes

57 871 146 942 igitur
161 871 318 928 saeculares
330 889 408 946 quos
428 873 600 945 temporalis
616 872 744 929 delecta·
798 869 891 940 bono,
906 871 1034 928 nimium
1041 874 1139 944 justos
1151 875 1314 947 appellant.
1332 875 1408 942 Quid
1428 875 1539 948 plura?
1554 880 1629 933 Tau·

51 966 99 1032 ret,
138 962 191 1036 qui
227 961 377 1031 religionis
410 962 573 1020 abhorrent
595 963 742 1030 habitum,
799 960 869 1017 dem
883 961 976 1019 fracto
990 964 1135 1036 propositi
1149 965 1195 1020 sui
1210 970 1279 1021 voto
1299 966 1469 1036 discedunt,
1487 966 1629 1023 honorari

50 1051 126 1107 ravis
139 1053 175 1106 sit
190 1067 268 1107 verre
287 1051 438 1121 religionis
463 1053 656 1109 cohabitatio.
684 1056 743 1108 Au·
800 1050 943 1119 gaudent,
960 1050 1136 1122 abiectiouis
1151 1053 1283 1126 pristina
1295 1053 1522 1122 obliviscuntur,
1533 1069 1628 1124 genus
1656 1079 1660 1086 ¹

52 1156 159 1214 uperes
173 1145 201 1196 ct
216 1141 370 1206 latentur3
390 1142 556 1199 medioeres
569 1146 597 1199 et
623 1143 744 1198 horten—
799 1155 889 1194 suum
911 1139 1102 1209 crubescunt,
1128 1143 1250 1215 proprio
1265 1142 1387 1198 nomine
1402 1142 1508 1198 nolunt
1529 1142 1629 1215 appel-

51 1247 79 1299 ³3
106 1230 211 1286 divites
230 1235 258 1286 et
280 1232 492 1287 confortentur.
520 1232 686 1288 Abundans
701 1237 745 1289 est
797 1226 862 1295 lari,
880 1232 983 1285 amant
997 1230 1121 1288 nomina
1133 1231 1323 1302 dignitatum.
1342 1232 1524 1289 Sivocentur
1537 1230 1629 1286 abba-

51 1318 110 1391 igio
126 1319 262 1392 pauperi,
286 1320 430 1376 mediocri
452 1320 612 1389 sufficiens,
639 1322 743 1378 tolera·
799 1320 852 1384 tes,
869 1317 891 1371 si
906 1319 1068 1391 praepositi,
1086 1320 1110 1375 si
1125 1321 1248 1393 priores,
1266 1320 1375 1377 arridet
1383 1318 1628 1389 oculus,hilares

51 1407 92 1478 iti,
108 1408 235 1464 infirmis
263 1407 357 1478 larga,
386 1408 519 1464 delicatis
545 1410 742 1483 compatiens,
799 1403 952 1473 citfacieS,
968 1409 1159 1479 apparentia
1174 1409 1259 1466 vultu
1275 1409 1361 1480 signa
1382 1407 1571 1465 eonscientiae
1600 1410 1629 1463 et

51 1510 87 1551 us
126 1495 291 1566 moderata,
327 1495 539 1568 poenitentibus
563 1495 742 1566 misericors,
799 1493 840 1549 sic
852 1494 971 1551 nuntiat
985 1497 1104 1552 animus
1121 1499 1194 1570 quid
1205 1503 1298 1572 optat.
1316 1496 1495 1569 hujusmodi
1514 1512 1628 1570 paupe-

51 1600 195 1653 ssevera,
211 1585 298 1641 bonis
314 1585 438 1658 optima.
462 1588 528 1641 liceo
544 1589 645 1641 autem
673 1589 744 1641 sunt
799 1581 884 1638 ribus
897 1599 959 1640 non
974 1586 1119 1657 promittit
1147 1587 1280 1644 Christus
1305 1603 1444 1658 regnum,
1465 1586 1517 1642 sed
1541 1585 1627 1641 inler-

51 1672 180 1729 eneficia
195 1673 354 1743 religionis.
373 1678 569 1731 immoremur
590 1674 679 1744 igitur
700 1674 743 1729 di·
757 1693 778 1748 Β
798 1687 883 1729 num.
897 1675 971 1731 Sunt
983 1678 1084 1732 tumen
1094 1674 1144 1731 alii
1157 1676 1210 1749 qui
1224 1693 1261 1732 ex
1272 1681 1447 1750 paupertate
1470 1676 1510 1731 ad
1529 1674 1627 1730 Eccle-

51 1761 98 1818 ;in
113 1761 248 1831 singulis,
266 1768 298 1819 ut
312 1779 349 1819 ex
363 1763 517 1820 benetieiis
534 1763 596 1818 suis
621 1763 742 1821 bonitas
800 1761 875 1818 siam
885 1770 1041 1834 venerunt,
1053 1766 1164 1839 quibus
1173 1765 1198 1821 si
1210 1766 1319 1823 dentur
1328 1766 1507 1835 necessaria,
1525 1780 1562 1820 ex
1575 1764 1630 1819 hu-

52 1854 271 1921 sagnoscatur.
799 1852 922 1909 mihtate
936 1859 1043 1926 putant
1069 1871 1133 1912 esse
1155 1856 1318 1928 superflua,
1336 1856 1431 1911 otium
1458 1854 1517 1910 diei
1538 1853 1627 1910 unius

51 1943 89 1996 [X.
108 1941 192 2008 (iered
206 1941 363 1998 ateriae-ns
377 1944 509 2013 pauperi
522 1945 558 1999 sit
572 1944 688 2014 religio.
798 1947 906 2014 putant
916 1958 980 2000 esse
994 1944 1194 2016 sacrilegium,
1204 1945 1331 2002 saturari
1344 1945 1454 2001 vilibus
1466 1944 1540 2000 cibis
1550 1943 1628 1999 arbi·

51 2029 116 2086 lans
130 2034 183 2098 est,
199 2031 335 2104 iuquam,
352 2032 478 2105 pauperi
487 2033 600 2104 religio,
614 2032 745 2089 audiant
797 2034 914 2088 tuantur
923 2032 1039 2103 vitium,
1050 2033 1124 2090 nulli
1135 2050 1166 2090 se
1175 2034 1306 2107 aquales
1314 2049 1389 2100 esse,
1399 2049 1435 2089 ex
1445 2031 1545 2088 dcbito
1556 2047 1628 2087 cun-

51 2134 165 2192 mperes
180 2125 207 2176 et
225 2120 371 2191 laetentur,
389 2121 513 2178 audiant
538 2126 567 2178 et
591 2122 741 2178 obediant.
798 2121 852 2176 etis
862 2122 971 2179 servire
980 2123 1160 2193 existimant,
1168 2123 1386 2197 aliquantulum
1396 2122 1494 2179 bonas
1504 2120 1627 2177 erubes-

51 2206 98 2264 rtis
114 2212 183 2263 sunt
198 2212 257 2264 tres
274 2209 399 2281 species.
422 2211 497 2266 Sunt
510 2210 590 2267 enim
618 2210 744 2283 quidam
798 2216 870 2267 cunt
884 2216 980 2268 vestes
989 2211 1112 2282 habere,
1126 2217 1155 2270 et
1166 2212 1223 2268 nisi
1233 2212 1368 2269 condiret
1376 2210 1575 2267 humilitatem
1586 2210 1628 2267 di·

53 2292 295 2371 stemperahbus
311 2303 408 2368 egent,
434 2299 487 2354 sed
512 2300 594 2357 inviti
609 2317 615 2356 :
632 2304 661 2356 et
678 2301 743 2356 haec
799 2301 916 2369 seretio,
946 2301 988 2357 uti
1001 2301 1088 2358 licitis
1108 2302 1220 2359 licitum
1247 2319 1311 2359 esse
1335 2301 1516 2357 dubitarent.
1542 2299 1626 2356 Tales

51 2386 104 2444 >let
117 2392 245 2459 egestas.
259 2392 352 2459 Egent
366 2389 447 2445 enim
459 2389 550 2445 rebus
560 2395 588 2447 et
598 2394 685 2461 egent
691 2390 745 2446 bo
799 2394 965 2463 sequuntur
978 2391 1126 2447 Christum
1141 2406 1306 2464 pauperem
1321 2390 1424 2446 itinere
1438 2393 1528 2457 recto,
1556 2390 1628 2461 qma

51 2480 131 2547 rtate,
156 2494 217 2550 qua
241 2478 331 2533 ditius
355 2478 429 2535 nihil
451 2496 516 2535 esse
536 2484 642 2553 potest.
668 2479 744 2535 h'ihil
798 2494 949 2552 pauperes
960 2495 1136 2553 pauperem,
1151 2479 1280 2537 humiles
1290 2479 1435 2535 humilem
1450 2482 1626 2551 sequuntur.

51 2566 98 2622 ius
108 2566 190 2623 bona
200 2567 361 2624 voluntate.
379 2570 454 2626 Sunt
467 2573 496 2625 et
506 2569 554 2625 alii
573 2569 625 2643 qui
651 2569 742 2624 rebus
799 2567 848 2623 llis
862 2568 973 2623 dantur
987 2568 1026 2624 ad
1039 2568 1247 2625 necessitatem
1261 2568 1447 2641 temporalia,
1464 2570 1493 2622 et
1506 2565 1628 2639 promit-

51 2661 81 2725 rt,
95 2663 165 2714 sunt
177 2662 278 2714 tamen
293 2674 441 2732 pauperes
458 2660 573 2732 spiritu,
585 2661 684 2716 ethaeo
699 2664 744 2715 est
799 2662 901 2714 tuntnr
916 2658 955 2715 ad
970 2659 1164 2714 eternitatem
1177 2657 1317 2725 caelestia,
1335 2659 1392 2713 hoc
1405 2660 1449 2712 est
1461 2655 1541 2713 enim
1568 2656 1627 2728 pri·

51 2750 192 2818 rupertas,
208 2746 280 2819 quia
295 2746 363 2802 licet
379 2747 504 2803 allluant
519 2747 638 2818 divitiae,
651 2748 744 2803 corda
797 2764 883 2802 mum
895 2746 1046 2816 religionis
1058 2746 1250 2814 beneficium,
1266 2751 1299 2802 ut
1317 2745 1475 2816 egentibus
1488 2759 1628 2801 necessa-

50 2833 135 2891 olunt
149 2850 312 2907 apponere.
330 2836 398 2891 Haec
413 2836 500 2892 etilla
511 2836 742 2908 periculumha-
797 2836 843 2892 ria
852 2839 983 2909 praestet,
999 2840 1028 2892 et
1042 2835 1116 2891 nulli
1126 2836 1163 2892 sit
1177 2836 1305 2905 ingrata.

51 2925 127 2996 ¹aiens
147 2929 247 2980 autem
263 2925 429 2997 periculum
450 2925 532 2982 ritat.
553 2928 677 2998 Sapiens
691 2943 744 2983 au·
847 2930 914 2982 Car.
933 2928 963 2981 ll.
982 2926 1067 2993 Quod
1080 2926 1234 2995 sufficiens
1249 2925 1288 2979 sit
1306 2923 1450 2979 mediocri
1461 2923 1577 2993 religio.

66 3013 218 3085 Salomon,
229 3015 282 3087 qui
297 3015 387 3071 aliam
403 3021 612 3089 paupertatem
627 3016 744 3072 deside·
761 3049 781 3104 C
836 3012 991 3071 Sufficiens
1020 3016 1064 3068 est
1078 3012 1222 3069 mediocri
1242 3011 1355 3082 religio.
1376 3009 1515 3067 sufficere
1528 3009 1627 3076 debet,

51 3117 109 3158 ram
120 3102 134 3157 ‘l
150 3102 234 3158 illam
253 3120 321 3176 quse
350 3104 434 3160 daret
453 3104 545 3160 victui
563 3105 742 3173 necessaria,
799 3102 871 3176 quia
887 3103 1056 3159 neccssaria
1069 3101 1192 3176 praebet,
1204 3103 1265 3158 Dat
1285 3103 1367 3172 sotis,
1382 3100 1435 3157 dat
1448 3101 1553 3171 gratis.
1571 3099 1629 3156 Sed

52 3190 118 3247 lla?
132 3191 320 3248 mediocritas
331 3194 519 3265 (Proaxxx).
535 3193 743 3250 Estenimhaec
798 3191 873 3248 torte
888 3192 968 3250 dicat
982 3192 1107 3266 aliquis:
1124 3196 1182 3249 Nec
1199 3192 1252 3248 dat
1277 3189 1358 3258 satis,
1374 3205 1429 3247 nce
1457 3190 1510 3246 dat
1524 3188 1626 3260 gratie.

52 3279 520 3356 ecies,lrauevocantphilosophi
531 3283 741 3353 frugalitatem.
798 3286 862 3338 Non
876 3283 937 3351 dat,
956 3282 1063 3355 inquit,
1089 3283 1192 3353 gratis,
1217 3281 1289 3355 quia
1302 3297 1372 3337 eum
1386 3278 1555 3336 necessaria
1567 3278 1625 3334 lar-

51 3384 134 3425 neca.
149 3371 185 3425 ln
199 3371 324 3440 epistota
339 3372 514 3428 adheretum
528 3388 597 3428 cum
608 3372 744 3429 laudaret
799 3372 896 3441 giatur
909 3388 943 3428 ac
957 3372 1124 3445 impendat,
1138 3371 1273 3429 laborem
1289 3369 1388 3440 exigit.
1401 3368 1499 3426 Noluit
1511 3371 1588 3424 bens
1597 3370 1630 3424 ut

51 3461 123 3515 rtem
137 3459 339 3515 voluntariam
353 3460 411 3516 ait:
426 3484 439 3510 a
456 3461 619 3531 Frugalitas
633 3466 677 3517 cst
689 3479 743 3518 vo·
796 3477 851 3534 pro
859 3462 966 3519 labore
981 3461 1090 3517 dentur
1105 3461 1285 3531 necessaria,
1302 3459 1355 3516 scd
1370 3476 1426 3533 pro
1438 3459 1541 3516 labore
1557 3463 1629 3514 tem·

51 3552 242 3621 paupertas»
258 3551 331 3604 Sunt
344 3549 424 3604 enirn
437 3550 562 3623 quidam
573 3550 677 3607 dehoc
691 3567 744 3606 sre—
797 3550 893 3623 porali
902 3551 988 3623 quies
1004 3555 1114 3606 aeterna
1129 3549 1314 3623 promittitur
1328 3551 1358 3603 et
1371 3548 1470 3602 datur.
1481 3549 1535 3602 bat
1544 3546 1627 3615 satis,

51 3637 146 3694 ientes
162 3638 201 3694 ad
213 3638 388 3708 religionem
403 3640 451 3695 rel
461 3640 635 3710 Ecclesiam,
647 3657 745 3713 ‹quo-
797 3646 830 3696 ut
843 3640 985 3696 diximus.
1002 3639 1125 3696 Duobus
1140 3640 1231 3706 enim,
1248 3641 1281 3692 ut
1293 3636 1436 3705 diximus,
1447 3634 1546 3692 modis
1559 3650 1628 3704 ege-

51 3731 170 3801 rpertas‚
184 3727 295 3785 »heato
306 3728 472 3798 Augustino
487 3732 655 3796 attestante,
677 3735 744 3785 «ta-
797 3745 837 3786 na
853 3734 897 3785 est
911 3730 1047 3785 humana
1061 3727 1202 3796 conditio,
1219 3742 1280 3782 uno
1306 3741 1368 3798 quo
1382 3728 1490 3780 natura
1516 3722 1626 3791 deficit,

51 3815 161 3888 [uaudo
171 3816 242 3873 loris
253 3822 346 3873 erant.
364 3817 447 3889 quod
462 3834 515 3873 nec
531 3818 598 3891 ipsa
610 3817 743 3874 invenire
798 3818 889 3874 altero
903 3817 956 3890 qui
968 3822 1107 3873 naturam
1122 3815 1221 3872 afficit.
1237 3818 1325 3870 Fame
1335 3817 1442 3869 natura
1453 3810 1561 3880 deficit,
1577 3810 1628 3866 fri-

51 3945 53 3958 .
67 3905 243 3962 necessaria.
257 3908 392 3972 Quorum
406 3905 526 3962 cellario
539 3922 600 3961 non
619 3906 744 3962 haeredi·
799 3924 854 3978 gus
869 3912 1008 3963 naturam
1022 3905 1122 3972 afficit,
1139 3905 1191 3960 sed
1202 3903 1392 3960 mediocritas
1410 3906 1572 3975 utrumque
1584 3917 1629 3957 re-

51 3993 292 4066 ipatrimonium
308 3996 361 4050 sert
375 4011 523 4050 manuum
539 3995 624 4051 labor
652 4011 745 4052 anno·
797 3995 867 4052 ficit.
898 3999 954 4052 bat
980 3995 1060 4050 enim
1072 4010 1134 4068 quo
1158 3998 1267 4050 natura
1281 3992 1387 4064 caleat,
1401 3997 1430 4048 et
1442 4007 1504 4065 quo
1520 4006 1629 4047 conva-

51 4082 163 4154 rbebat,
178 4085 245 4140 etsi
260 4089 389 4140 cessaret
405 4084 622 4156 manus‚panis
638 4083 743 4140 deiice-
797 4083 1095 4156 leat,ethocsufficit
1110 4087 1234 4140 naturae.
1252 4086 1314 4139 Nou
1337 4082 1418 4138 enim
1448 4081 1568 4138 adhoc
1597 4084 1630 4136 ut

51 4171 332 4248 buspenuria,qure
355 4174 512 4248 nihilpene
523 4174 633 4241 tribuit,
644 4179 742 4230 vestes
799 4174 1078 4232 satisfiathumanee
1090 4177 1215 4240 naturae,
1230 4171 1312 4227 color
1329 4168 1564 4237 sedcalor,non
1578 4166 1628 4222 de-

51 4277 139 4335 mque
154 4263 638 4339 ministrabat.Talesquandoquc
649 4264 745 4320 Eccle-
799 4263 916 4321 lectatio
932 4263 984 4319 sed
999 4262 1173 4318 sustentatio
1184 4264 1298 4316 natura
1313 4259 1464 4332 quaeritur.
1475 4259 1527 4312 bat
1540 4255 1629 4325 igitur

51 4356 174 4423 reiquae
185 4352 276 4423 largis
291 4353 747 4427 abundantpossessionibus,ut
800 4352 991 4409 mediocritas
1004 4350 1085 4413 satis,
1107 4353 1136 4405 et
1162 4348 1214 4404 dat
1240 4346 1343 4417 gratis.
1371 4345 1556 4402 Mediocritas
1583 4346 1629 4398 est

51 4439 88 4496 sia
104 4441 222 4513 possint
235 4441 449 4515 lionorari,qui
461 4444 492 4498 in
501 4460 556 4498 sua
566 4444 658 4499 domo
673 4409 781 4499 non·D
800 4438 888 4515 quasi
901 4439 949 4495 ria
962 4439 1065 4513 plana,
1080 4438 1111 4493 iu
1126 4453 1188 4511 qua
1209 4452 1264 4492 nec
1291 4434 1436 4490 celsitudo
1457 4432 1628 4488 divitiarum

51 4529 221 4602 emptibiles
232 4543 296 4582 esse
316 4533 486 4600 potuerunt.
503 4531 557 4594 Qui
573 4531 597 4586 si
612 4531 685 4587 iorte
700 4547 746 4586 ec·
797 4530 919 4604 lapsum
941 4529 1072 4586 minatur
1101 4525 1332 4584 ascendentibus
1357 4539 1413 4579 nec
1439 4520 1628 4595 profunditas

52 4615 83 4673 in
95 4634 157 4690 qua
169 4621 333 4690 paupertas
349 4622 477 4688 amatur,
489 4619 673 4688 intraverint,
688 4619 744 4675 illi·
799 4619 938 4688 egestatis
953 4616 1131 4675 cadentibus
1149 4612 1329 4685 resurgendi
1343 4628 1429 4685 spem
1446 4613 1545 4680 negat.
1561 4611 1629 4665 llaec

51 4722 153 4762 seessu
166 4707 307 4776 cogitant,
325 4723 432 4762 causas
454 4707 583 4776 tingimt,
608 4707 746 4764 intolera·
799 4713 844 4764 est
858 4708 907 4764 via
921 4707 1013 4777 regia,
1028 4705 1065 4761 de
1081 4721 1142 4777 qua
1157 4703 1228 4759 dicit
1240 4701 1385 4758 Dominus
1398 4699 1437 4755 ad
1450 4702 1580 4770 Moysen,
1597 4702 1630 4755 ut

51 4795 139 4853 tieunt
167 4797 245 4852 illius
273 4796 328 4852 loci
344 4794 602 4863 consuetudinem,
618 4797 744 4852 nimiam
798 4798 950 4855 incederet
958 4795 1007 4851 ria
1017 4795 1108 4863 regia,
1122 4808 1177 4848 uec
1192 4791 1355 4847 declinaret
1380 4805 1398 4845 a
1412 4787 1522 4844 dextris
1537 4787 1597 4844 sive
1611 4804 1629 4845 a

51 4885 307 4941 rumset*eritatem
318 4883 632 4963 praetendunt—aliqua
642 4883 679 4940 de
689 4883 746 4940 fra·
800 4886 924 4944 sinistris
935 4886 1032 4956 (Decet.
1050 4884 1088 4953 r).
1103 4885 1171 4938 lres
1187 4883 1256 4935 sunt
1269 4879 1334 4947 rire,
1359 4882 1386 4934 et
1400 4882 1460 4934 tres
1486 4880 1555 4934 sunt
1577 4877 1629 4949 qui

51 4977 183 5047 pponunt
197 4974 263 5045 sibi,
279 4990 346 5046 quoe
362 4990 432 5029 cum
447 4972 541 5029 nolint
554 4973 627 5046 pati,
643 4973 746 5030 dicunt
800 4974 977 5045 gradiuntur
1004 4987 1058 5044 per
1088 4969 1164 5038 illas,
1192 4972 1320 5039 egestas,
1354 4967 1554 5033 mediocritas,
1583 4965 1628 5021 di-

51 5062 745 5135 ›npossuntcthoctotumeallidemachinan·
798 5063 894 5126 ritioe;
912 5075 1038 5134 pauper,
1071 5057 1231 5114 mediocris
1268 5060 1297 5112 et
1324 5055 1417 5113 diras.
1447 5053 1629 5114 Mediocritas

51 5153 250 5226 ampetentius
266 5153 304 5209 ad
318 5153 454 5209 ditiorem
476 5152 597 5209 valeant
620 5151 745 5209 transire
800 5156 845 5208 est
858 5150 908 5207 via
927 5148 1037 5220 media,
1053 5164 1120 5220 quae
1138 5146 1266 5203 tenenda
1279 5150 1332 5215 est,
1349 5163 1418 5220 quae
1438 5144 1519 5200 ducit
1533 5141 1573 5197 ad
1587 5140 1629 5194 ci-

51 5258 93 5312 m,
108 5243 196 5316 quasi
217 5242 368 5298 humiliter
383 5246 491 5312 regant
510 5259 528 5298 a
543 5241 662 5298 vinculo
678 5257 746 5315 pro·
799 5241 921 5298 vitatem
933 5237 1043 5294 summi
1053 5237 1142 5309 regis,
1159 5253 1177 5292 a
1191 5235 1302 5293 dextris
1314 5252 1384 5292 vero
1392 5238 1420 5289 et
1430 5229 1630 5288 sinistrissunt

51 5348 54 5385 r
82 5331 210 5400 absolvi,
239 5331 397 5386 miscentes
418 5331 537 5386 blandis
552 5347 676 5404 aspera:
690 5331 745 5387 mi·
800 5334 915 5400 egestas
930 5331 959 5384 et
973 5326 1091 5383 divitiae.
1105 5325 1288 5383 Mediocritas
1300 5341 1372 5381 vcro
1384 5321 1473 5396 quasi
1487 5331 1629 5375 mensura

51 5421 122 5478 mim
135 5421 324 5487 scandalum,
334 5421 358 5477 si
369 5420 447 5476 mate
458 5421 646 5477 discesserint
661 5426 689 5477 et
699 5423 746 5492 ju·
800 5419 952 5493 quaedam,
970 5432 1031 5491 qua
1044 5415 1134 5473 totius
1147 5415 1288 5471 bonitatis
1302 5411 1432 5486 spatium
1440 5406 1628 5476 terminatur,

51 5509 105 5566 alia
117 5510 248 5567 Ecclesia
263 5528 293 5567 se
308 5511 415 5584 quietae
423 5510 746 5583 mentisesseposse,in
800 5509 882 5565 verbi
897 5509 1001 5579 gratia,
1018 5523 1088 5563 eum
1104 5505 1212 5579 aliquis
1229 5521 1246 5560 a
1255 5501 1369 5576 justitia
1384 5498 1492 5565 deficit,
1505 5496 1580 5553 sicut
1591 5495 1629 5552 de

51 5614 244 5673 >nunquam
264 5602 292 5658 Si
305 5616 377 5657 roro
397 5599 436 5655 ad
456 5599 594 5655 ultimum
622 5603 746 5670 negetur
801 5597 863 5654 tteli
886 5597 1038 5654 sacerdote
1057 5596 1174 5666 legitur,
1192 5599 1271 5659 tunc,
1292 5595 1325 5646 ut
1339 5590 1380 5645 ita
1408 5588 1518 5657 dicam,
1541 5584 1630 5659 quasi

51 5685 177 5759 istulant,
186 5694 256 5747 tunc
267 5689 387 5748 audires
395 5687 523 5762 qualiter
533 5687 747 5761 eriguutcervi-
801 5686 976 5745 certitudine
990 5685 1126 5759 quadam
1140 5681 1240 5740 deficit
1264 5695 1282 5736 a
1310 5691 1457 5745 mensura
1474 5673 1627 5734 bonitatis·
