3742 6082
141 164 209 223 illi
603 162 773 218 sersaoni
791 163 838 217 ab
858 158 1011 217 uddonis
1035 160 1150 216 OPERA
1167 157 1380 220 pauninus.
1782 158 1836 215 titt

140 289 225 347 niam
239 287 418 346 confortavit
433 302 515 344 seras
530 290 686 359 portarum
699 285 865 359 utriusque.
881 281 969 349 ouid-
986 287 1125 339 beorum
1154 283 1293 357 perdidit,
1314 301 1382 342 cum
1401 300 1454 339 cos
1481 300 1499 338 a
1524 283 1600 337 terra
1620 281 1730 354 procul
1755 281 1838 353 ejecit.

140 378 216 454 quld
230 379 311 435 enim
324 376 361 434 dc
373 377 487 435 Christo
501 375 658 449 prophetia
671 375 859 448 praedixerat,
869 375 969 429 aucto·
1020 374 1183 430 Consilium
1194 391 1299 432 eorum
1315 372 1460 443 contrivit,
1481 372 1555 427 dum
1569 368 1696 427 diversis
1712 370 1840 442 gentibus

141 468 214 527 ritas
234 464 385 538 Evangelii
398 464 508 522 iactum
529 463 618 520 fuisse
639 463 834 520 demonstrat.
856 459 972 517 liabent
1020 463 1170 530 subiectos
1180 463 1378 539 perdiversas
1391 460 1527 533 regiones
1536 460 1684 534 dispersit·
1695 460 1841 517 lioratiter.

143 561 243 616 autem
256 573 329 614 serie
352 558 509 629 portarum
524 553 640 611 clavem
668 558 695 611 et
716 551 883 627 pessulum.
916 548 970 615 Qui
1020 553 1059 607 Et
1074 557 1215 611 contrivit
1236 561 1329 611 trecies
1349 557 1423 623 ej'us.
1439 555 1540 607 v'eclcs
1555 550 1779 622 suntqusedam
1791 550 1844 606 ani

143 649 258 706 clavem
273 643 453 703 custodiunt.
466 642 487 700 li
502 648 572 701 sunt
585 643 637 718 qui
653 643 787 700 Ecclesite
803 657 906 698 curam
923 654 971 710 gc
1021 660 1077 698 mae
1092 643 1224 712 virtrrtes,
1240 660 1308 718 quae
1320 647 1424 717 portas
1440 641 1597 710 sustinent,
1611 657 1650 697 ne
1667 657 1778 697 sensus
1790 658 1844 697 cor·

141 741 221 795 runt.
238 734 331 793 Clavis
342 737 387 791 cst
398 737 528 807 potestas
541 734 678 803 regentis.
696 737 748 789 Per
759 730 913 806 pessulum
924 745 971 785 ac·
1019 733 1129 806 porisa
1145 751 1200 791 sua
1215 733 1374 791 stabilitate
1389 732 1536 789 vacillent.
1553 732 1654 788 vectes
1666 731 1797 804 perdidit
1822 738 1846 788 el

143 826 240 900 cipere
260 838 424 897 possumus
448 822 624 880 obedientior
648 826 842 896 praeceptum.
873 817 969 875 Clavis
1021 822 1166 893 contrivit,
1193 823 1317 897 quarulo
1345 822 1468 879 virtutes
1493 819 1571 878 vitiis
1599 819 1722 876 subluto
1744 821 1844 877 robore

141 914 298 989 pessulum
311 913 445 988 impellit,
462 917 491 969 et
505 913 635 981 retrahit,
652 912 724 986 quia
738 916 871 985 potestas
894 924 970 982 pra·
1020 911 1127 966 mentis
1138 911 1239 968 divina
1254 909 1451 985 permissione
1465 908 1600 981 subjecit.
1619 909 1677 966 Sed
1691 909 1772 965 etde
1786 924 1844 964 vec·

141 1001 271 1062 latorum
298 1002 451 1076 quosdam
479 1001 588 1059 intrare
614 1001 752 1075 prohibet
779 999 927 1067 exclusos,
944 999 971 1052 ct
1020 1000 1099 1056 tibus
1110 999 1180 1057 alibi
1192 1000 1320 1058 dicitur:
1337 1001 1412 1070 (litia
1423 1000 1562 1057 cassiduli
1576 1005 1683 1070 portas
1708 999 1843 1065 semesa

141 1090 293 1168 quosdam
307 1092 386 1148 intus
402 1105 523 1147 manere
538 1089 698 1163 compellit.
729 1093 840 1161 Nempe
856 1086 970 1155 ingres·
1021 1091 1402 1162 uectesscrreoscousregit
1429 1090 1607 1160 (Psct.cv1).
1639 1086 1724 1144 Unde
1740 1086 1844 1144 Cassio

142 1199 241 1240 sosnc
256 1185 364 1238 exeant
389 1179 526 1254 prohibet
550 1197 556 1234 ε
577 1180 714 1235 exclusos
743 1193 780 1234 ne
808 1177 917 1233 intrent
931 1173 970 1229 ab
1019 1178 1111 1235 doms
1138 1195 1229 1253 super
1256 1180 1442 1254 psalterium,
1468 1202 1481 1229 a
1499 1181 1602 1247 Portae,
1619 1175 1727 1250 inquit,
1757 1191 1843 1241 aerea,

141 1273 278 1344 ingressu
296 1275 432 1346 potenter
447 1275 536 1327 arcet.
551 1269 696 1328 ldoraliter
710 1273 810 1325 autem
824 1264 926 1322 auinra
939 1263 970 1319 in
1019 1274 1088 1325 sunt
1101 1269 1260 1326 hominum
1274 1269 1506 1327 consuetudines
1521 1267 1645 1326 vitiosas,
1665 1266 1768 1322 vectes
1781 1280 1843 1320 veru

141 1361 234 1436 portis
246 1377 329 1418 seras
348 1360 449 1432 halset,
465 1360 537 1434 quia
566 1375 673 1416 sensus
699 1356 841 1431 eorporis,
863 1371 901 1411 nc
915 1368 970 1427 pa·
1019 1359 1140 1427 terreos,
1158 1360 1279 1433 spiritus
1292 1358 1467 1416 iininundos
1483 1371 1545 1415 non
1560 1356 1700 1431 improbe
1715 1353 1844 1412 viderim

140 1455 223 1509 teani
233 1450 381 1519 hostibus
398 1449 494 1519 idest,
510 1449 599 1520 vitiiS,
616 1447 734 1506 clausos
749 1451 838 1504 tonet.
860 1443 969 1517 Aperit,
1020 1449 1164 1522 accipere,
1182 1473 1194 1498 s
1211 1449 1279 1506 Haec
1294 1450 1375 1506 enim
1390 1449 1451 1505 duo
1466 1447 1587 1505 metalla
1599 1461 1656 1521 pro
1667 1444 1843 1503 'fortitudine

141 1540 258 1614 quoties
280 1539 409 1598 venienti
432 1538 539 1596 dilecto
561 1537 659 1595 cordis
682 1540 827 1593 secretum
854 1531 969 1607 pandit.
1019 1538 1195 1594 delictorum
1210 1537 1350 1594 videnlur
1363 1536 1506 1594 adhibita.
1525 1537 1579 1594 Sed
1600 1537 1658 1593 ista
1673 1534 1843 1591 viribushc

142 1629 225 1687 tlnde
239 1630 270 1687 in
283 1630 410 1688 Canticis
426 1629 533 1687 dicitur
550 1645 556 1684 :
572 1629 728 1685 Pessutum
742 1625 810 1683 ostii
830 1626 888 1681 mei
903 1639 970 1693 ope·
989 1626 1136 1703 Bminum
1151 1626 1320 1700 desperata,
1337 1626 1430 1682 virtus
1444 1625 1546 1681 diviua
1556 1623 1714 1694 confregit,
1730 1621 1844 1696 quando

141 1721 192 1776 rui
202 1721 309 1778 dilecto
323 1736 397 1776 rues.
408 1720 504 1776 Habet
517 1721 624 1775 ostium
644 1719 699 1775 boc
713 1718 837 1783 clavem,
854 1722 881 1772 et
903 1728 970 1785 pes-
1020 1716 1219 1790 perlclitantes
1232 1717 1380 1772 adventus
1394 1715 1442 1771 sui
1460 1715 1575 1771 lumine
1595 1711 1739 1769 miserata
1754 1726 1843 1784 respe-

141 1810 240 1866 sutum
254 1808 351 1881 (Cant.
364 1809 404 1880 v).
417 1806 538 1866 Clavem
554 1805 665 1863 scilicet
675 1804 894 1873 discretionem,
906 1819 971 1876 pes·
1019 1806 1070 1862 rit.
1087 1808 1187 1862 vectes
1200 1806 1291 1862 etiam
1303 1804 1333 1860 in
1348 1803 1451 1861 divina
1463 1802 1615 1876 Scriptura
1628 1804 1761 1874 possunt
1773 1799 1841 1856 acci·

142 1897 243 1954 sulum
258 1897 444 1955 discretionis
468 1894 605 1954 modum.
622 1894 706 1952 ilatio
733 1898 831 1967 portat
845 1891 968 1950 clavem.
1020 1897 1061 1969 pi,
1075 1894 1187 1969 quibus
1203 1910 1274 1952 arca
1286 1910 1340 1969 per
1354 1908 1490 1950 eremum
1504 1908 1522 1950 a
1536 1892 1604 1948 liliis
1619 1891 1711 1948 lsrael
1740 1890 1843 1947 solebat

141 1991 174 2043 ut
185 1985 269 2060 quod
283 1989 381 2056 nocet,
397 1985 438 2041 ab
461 1985 597 2054 ingressu
620 1983 727 2040 urentis
754 1987 862 2051 arceat,
888 1980 971 2056 quod
1019 1985 1179 2060 deportari.
1197 1985 1310 2055 Facies,
1324 1984 1430 2058 iuquit,
1445 1989 1538 2040 vectes
1551 1983 1588 2039 de
1602 1982 1695 2053 liguis
1710 1982 1804 2049 setim,
1820 1983 1843 2035 et

141 2081 242 2133 autem
254 2075 348 2144 decet,
362 2091 416 2147 per
444 2074 560 2130 clavem
575 2071 759 2129 discretionis
772 2071 880 2128 intrare
902 2088 970 2145 per·
1019 2077 1132 2146 operies
1146 2091 1232 2146 oraro,
1247 2074 1426 2146 inducesque
1435 2089 1492 2144 per
1503 2073 1643 2141 circutos,
1659 2073 1798 2143 quisunt
1817 2071 1843 2124 ia

139 2164 245 2224 mittat.
262 2163 319 2221 Sed
333 2163 518 2237 quandoque
529 2179 601 2219 serae
614 2161 805 2218 inveniuntur
813 2161 968 2228 obseratae,
1020 2167 1164 2223 lareribus
1175 2181 1263 2234 urea,
1277 2169 1454 2236 utportetur
1464 2165 1495 2220 iu
1506 2165 1565 2221 cis:
1576 2163 1630 2234 qui
1639 2175 1759 2232 semper
1765 2162 1843 2218 eruat

140 2259 173 2311 ut
187 2253 211 2311 si
224 2252 350 2310 dilectus
367 2251 520 2310 advenerit
532 2267 727 2326 nequaquam
741 2251 849 2308 intrare
864 2249 967 2324 possit,
1019 2255 1190 2324 incircuitu,
1204 2269 1257 2311 saec
1268 2270 1400 2326 tauquam
1412 2253 1628 2310 abstrahentur
1638 2251 1677 2307 ab
1688 2252 1731 2307 eis
1741 2249 1842 2318 (Esca.

140 2348 168 2400 et
183 2342 207 2400 si
217 2341 292 2399 ratio
308 2357 376 2416 qna
391 2342 505 2399 elavem
529 2341 603 2412 gerit
627 2339 759 2410 accedat,
784 2339 893 2396 intrare
908 2354 969 2394 non
994 2331 996 2333 ’
1018 2347 1098 2417 xxv).
1115 2348 1201 2414 Arca,
1217 2348 1261 2401 est
1277 2343 1422 2400 Ecclesia:
1433 2347 1540 2410 vectes,
1555 2340 1842 2397 Ecclesiaedoetores

139 2431 245 2489 valeat.
261 2434 321 2487 lloc
335 2434 436 2488 autem
451 2430 494 2498 fii,
509 2429 625 2502 quotics
646 2428 765 2485 animus
781 2428 969 2484 discretionis
1019 2437 1058 2490 lle
1068 2433 1156 2503 liguis
1172 2434 1257 2489 setim
1269 2439 1365 2490 vectes
1375 2432 1460 2503 fiunt,
1477 2431 1560 2506 quod
1573 2446 1669 2502 genus
1682 2428 1761 2500 ligni
1774 2429 1843 2485 alba

140 2520 267 2577 modum
280 2519 404 2577 excedit.
422 2519 479 2576 Sed
495 2518 599 2576 tandiu
611 2517 686 2574 ratio
714 2517 786 2574 loris
806 2521 967 2592 exspectat,
1018 2523 1112 2597 spinae
1126 2523 1221 2580 simile
1236 2539 1300 2578 esse
1315 2521 1429 2578 dicunt.
1444 2523 1483 2577 lle
1496 2521 1585 2592 lignis
1600 2519 1694 2590 igitur
1719 2517 1844 2593 imputri-

139 2608 245 2678 donec,
261 2607 286 2665 si
300 2608 364 2665 fieri
378 2608 481 2683 possit,
498 2607 655 2680 pessidum
668 2605 811 2663 tantando
826 2607 967 2662 retrahat.
1016 2611 1127 2668 bilibus
1139 2614 1239 2667 vectes
1252 2610 1339 2677 fiitrrt,
1356 2609 1386 2666 id
1401 2613 1454 2679 est,
1471 2608 1586 2665 deliris
1601 2607 1654 2680 qui
1665 2603 1843 2679 corruptioni

140 2698 260 2756 Clavem
275 2696 460 2754 discretionis
476 2695 611 2771 apponit,
625 2694 777 2752 monendo
794 2694 890 2763 vertit,
913 2712 968 2751 nec
1017 2715 1078 2757 nou
1094 2700 1305 2756 succumbunt.
1321 2704 1400 2754 Auro
1413 2701 1512 2754 vectes
1527 2696 1634 2771 operit,
1648 2694 1843 2769 quivirtutem

139 2793 240 2845 tamen
256 2788 392 2845 animum
408 2785 559 2844 convertit.
574 2788 648 2843 Cum
663 2788 762 2843 autem
778 2784 886 2843 intrare
907 2801 968 2841 uon
1019 2788 1089 2845 boni
1099 2789 1200 2862 operia
1214 2787 1323 2844 certius
1335 2803 1389 2860 per
1405 2786 1577 2859 exemplum
1587 2784 1739 2859 proximis
1749 2787 1844 2839 osten-

138 2875 228 2948 valet,
244 2876 297 2951 qui
310 2875 424 2934 clavem
438 2879 547 2950 portat,
564 2889 685 2931 neccsse
701 2879 745 2930 cst
763 2877 795 2929 ut
813 2873 968 2947 pessulum
1016 2875 1068 2932 dit.
1081 2879 1183 2932 vectes
1198 2891 1252 2949 per
1264 2876 1392 2931 circulos
1404 2873 1528 2941 inducit,
1544 2873 1597 2946 qui
1611 2877 1745 2945 quatuor
1754 2874 1846 2928 Evan-

139 2966 356 3035 obstinationis,
373 2965 538 3040 disciplinas
554 2961 665 3021 securis
678 2964 797 3034 frangat
811 2982 817 3032 3
839 2967 871 3020 ut
884 2960 967 3037 quod
1017 2966 1163 3036 galiorum
1177 2965 1275 3021 verbis
1289 2969 1422 3021 meatem
1433 2963 1575 3021 attentius
1590 2961 1730 3035 apponit.
1745 2960 1845 3018 accat)

138 3054 355 3113 monitionibus
367 3054 431 3111 fleri
445 3070 506 3111 non
520 3056 647 3127 poterat,
666 3051 779 3108 nribus
802 3050 967 3125 discipline
1016 3055 1057 3110 eis
1071 3068 1207 3128 unquam
1223 3053 1397 3120 extrahitur,
1411 3051 1463 3108 sed
1488 3054 1518 3107 iu
1538 3053 1600 3122 lege
1615 3051 1741 3106 Domini
1754 3051 1801 3105 die
1812 3062 1844 3105 oc

138 3145 343 3219 postmodum
358 3145 420 3200 fiat.
446 3143 595 3215 Contingit
609 3143 698 3199 etiam
722 3141 917 3216 quandoque,
934 3143 967 3197 ut
1015 3149 1099 3200 nocte
1115 3143 1278 3200 mevtttatur
1292 3142 1384 3212 (Psat.
1403 3140 1432 3212 r).

138 3235 191 3308 qui
206 3235 321 3291 clavam
336 3238 455 3307 portare
470 3232 582 3301 debuit,
597 3231 712 3289 clavem
723 3229 847 3305 perdere
855 3232 965 3304 saepius
1183 3235 1249 3290 Cir.
1263 3234 1328 3287 l'lll.
1343 3233 1387 3286 lle
1401 3231 1472 3286 evitis
1488 3230 1679 3286 Hierusalem

138 3323 335 3379 consueverit.
350 3325 471 3395 Oportet
484 3321 574 3392 igitur
587 3327 620 3377 ut
633 3321 678 3390 iis,
708 3321 761 3394 qui
774 3320 891 3378 clavem
905 3320 966 3376 dis·
1051 3325 1152 3379 Fertur
1166 3322 1277 3379 liebere
1292 3321 1436 3394 praedicta
1448 3319 1552 3376 civitas
1564 3318 1648 3374 vicos
1662 3321 1694 3374 et
1719 3316 1838 3392 plateas.

137 3409 276 3467 cretionis
293 3408 402 3483 sepius
416 3409 556 3465 amittunt
571 3410 651 3482 (qiua
670 3426 774 3466 curam
799 3408 845 3465 sui
864 3424 965 3480 gerere
1015 3410 1075 3466 ilci
1090 3415 1159 3466 srmt
1171 3410 1201 3465 in
1216 3409 1347 3465 Ecclesia
1361 3408 1547 3466 continentes
1562 3412 1590 3463 et
1610 3405 1777 3477 coniugati.
1805 3402 1840 3459 si·

136 3498 283 3573 nesciunt)
295 3497 402 3572 aliquis
415 3497 559 3555 discretus
573 3497 740 3571 provideat,
755 3499 807 3571 qui
823 3498 861 3555 de
872 3515 966 3556 secrc-
1015 3506 1065 3556 cut
1091 3500 1172 3555 enim
1200 3498 1230 3554 iu
1259 3497 1403 3554 materiali
1439 3497 1505 3553 vico
1530 3495 1591 3552 duo
1628 3499 1701 3551 sunt
1727 3492 1838 3550 ordines

137 3587 301 3659 tiseomm,
318 3605 388 3645 cum
403 3592 521 3661 tempus
534 3586 695 3658 advenerit,
712 3603 817 3643 curam
834 3592 927 3658 gerat.
1015 3589 1185 3657 atomorum,
1202 3589 1287 3645 sicin
1302 3589 1368 3644 vieo
1394 3587 1529 3644 Ecclesiae
1544 3585 1690 3642 suntduo
1714 3584 1836 3649 omines,

190 3677 692 3749 Car.XltDcveetibusporturum
705 3677 910 3735 Hierusalem.
1014 3678 1149 3734 videlicet
1163 3677 1378 3733 continentium
1394 3675 1674 3746 etoonjugatorum.
1705 3677 1738 3729 ln
1766 3671 1835 3728 libro

173 3769 252 3827 Sicut
267 3766 403 3842 superius
419 3766 562 3841 diximus,
578 3770 670 3841 poue
697 3772 766 3823 sunt
789 3767 965 3824 exhortatio·
1015 3768 1115 3823 Esdree
1129 3765 1275 3840 scriptum
1283 3768 1389 3839 reperi,
1406 3765 1489 3838 quod
1499 3760 1727 3821 llelcbiaslilius
1741 3762 1835 3818 lieren

134 3875 188 3917 nes
202 3862 376 3916 sanctorum
389 3860 508 3914 Panum
524 3857 667 3915 discretae.
683 3859 785 3914 Vestes
796 3862 963 3930 portarum,
1014 3856 1172 3913 edidmus
1203 3856 1235 3912 in
1264 3853 1459 3911 Hierusalem
1475 3852 1608 3909 mediam
1636 3855 1755 3925 partem
1785 3847 1834 3904 viel

49 3991 55 3997 .
135 3950 245 4002 statuta
260 3962 374 4003 eorum.
388 3947 489 4001 vectes
505 3945 917 4019 sunt,quiaportasvebunt.
932 3948 963 4001 ln
1014 3945 1220 4017 (ildariam).
1252 3949 1283 4001 lu
1304 3944 1468 4001 Jerusalem
1490 3942 1625 3999 mediam
1643 3945 1761 4014 partem
1784 3936 1831 3994 vici

134 4033 269 4090 vectibus
298 4037 392 4107 portas
416 4033 556 4106 pendent,
585 4049 640 4089 nec
674 4035 714 4090 sic
747 4038 858 4102 tamen,
889 4032 963 4107 quin
1013 4037 1151 4107 aedillcat,
1166 4035 1218 4109 qui
1230 4037 1462 4108 conjugatorum
1486 4033 1617 4104 legitime
1630 4033 1702 4104 jura
1725 4044 1833 4088 consu·

133 4123 248 4181 moveri
274 4122 400 4198 possint,
423 4121 558 4179 vectibus
584 4121 738 4180 inhaerent.
764 4128 796 4179 ln
826 4124 962 4180 vectibus
1011 4128 1069 4181 vat.
1085 4123 1215 4182 alteram
1232 4129 1430 4198 veropartem
1444 4123 1582 4196 ejusdem
1608 4120 1727 4178 viciills
1747 4117 1833 4176 edili·
1861 4118 1864 4197 t

131 4216 225 4288 porte
253 4216 422 4280 moventur,
451 4215 483 4269 ut
509 4210 620 4268 clausae
644 4215 821 4283 teneantur,
855 4213 902 4269 vel
930 4215 961 4270 ut
1011 4231 1079 4272 carc
1092 4215 1309 4289 dicitur,aquo
1325 4214 1473 4271 munditia
1486 4210 1706 4269 continentium
1714 4222 1834 4285 perom-

132 4303 312 4377 aperiantur.
338 4300 477 4359 Similiter
502 4305 611 4359 statuta
635 4303 767 4368 Petrum,
797 4302 960 4377 aliqnando
1010 4305 1060 4361 nia
1074 4304 1248 4361 custoditur.
1279 4309 1357 4360 luter
1381 4304 1437 4359 lros
1461 4301 1583 4359 ordines
1610 4301 1775 4357 domorum
1797 4300 1834 4353 est
1861 4304 1864 4311 ’

130 4391 228 4448 stricte
248 4396 416 4463 servantur,
442 4389 606 4464 aliquando
629 4406 684 4464 per
704 4389 959 4464 dispensationem
975 4363 1097 4467 nquasi
1109 4393 1158 4450 via
1171 4393 1280 4462 media,
1296 4394 1393 4450 activa
1406 4393 1475 4449 vita.
1493 4394 1546 4448 Per
1566 4391 1648 4446 hanc
1675 4388 1766 4461 igitur
1780 4402 1836 4444 am·

109 4482 293 4551 temperate
308 4478 457 4535 laxantur.
471 4482 545 4534 Nota
557 4479 657 4547 edam,
673 4479 757 4551 quod
779 4494 852 4535 screa
865 4480 958 4553 portis
1008 4482 1122 4552 balant,
1135 4483 1189 4558 qui
1199 4483 1238 4540 ad
1252 4484 1402 4540 coelcstem
1417 4479 1601 4539 Hierusalem
1617 4478 1776 4554 pertenue
1788 4478 1837 4534 les·

129 4579 249 4637 semper
257 4564 402 4623 inhaerent
414 4585 420 4635 ;
433 4571 526 4639 porte
540 4582 612 4623 vcro
625 4566 703 4623 circa
718 4571 816 4624 vectes
838 4568 957 4626 mobili·
1008 4573 1111 4630 tinam.
1126 4573 1201 4630 Sunt
1216 4577 1316 4631 autem
1345 4573 1376 4629 in
1392 4570 1575 4629 Hierusalem
1593 4570 1731 4641 majores
1743 4567 1836 4625 etmi-

129 4656 220 4710 latcm
236 4657 345 4711 tenent.
361 4652 407 4711 Sic
422 4652 613 4710 auctoritates
635 4657 808 4713 sanctorum
835 4658 956 4714 Patriam
1006 4676 1095 4718 nores
1110 4661 1177 4719 vici.
1192 4663 1316 4734 Maiores
1331 4661 1388 4719 vici
1404 4666 1475 4717 sunt
1488 4658 1574 4717 activi
1586 4664 1615 4714 ct
1628 4655 1836 4732 contemplati·

127 4741 297 4801 immobiles
309 4742 515 4812 essedebent3
530 4747 720 4802 statutavero
733 4761 788 4820 pro
808 4753 954 4822 tempore,
1005 4750 1045 4807 vi.
1062 4750 1187 4809 Minores
1215 4766 1287 4808 vero
1306 4751 1346 4808 ad
1375 4750 1440 4806 illos
1464 4748 1623 4824 pertinent,
1650 4745 1760 4820 quiex
1786 4745 1834 4802 illis

127 4836 156 4889 ct
169 4832 245 4902 loco,
262 4838 290 4890 et
304 4850 434 4907 persona
446 4833 596 4891 interdum
618 4836 728 4894 mutari
757 4836 861 4895 solent.
890 4841 956 4895 Pos·
1005 4839 1188 4908 derivantur,
1198 4838 1325 4912 velipsis
1333 4838 1488 4895 inhaerent.
1499 4839 1572 4895 Sunt
1580 4838 1609 4892 et
1617 4834 1649 4891 in
1660 4833 1834 4908 animaqu-

125 4938 233 4978 minus
259 4923 348 4980 etiam
377 4940 433 4997 per
467 4929 564 4982 metes
601 4930 757 4999 portarum
792 4926 954 4997 inlelligere
1004 4928 1077 4984 dam
1087 4928 1142 4983 vici
1152 4927 1292 4996 morales,
1315 4927 1441 4983 diversae
1458 4924 1594 4982 videlicet
1604 4923 1756 4981 virtutum
1778 4937 1832 4997 spe

125 5011 248 5069 consilia
275 5013 447 5070 ludaeorum
477 5014 516 5070 de
541 5014 655 5088 quibus
690 5033 744 5088 per
774 5018 953 5090 prophetam
1004 5016 1072 5072 cies.
1086 5015 1166 5073 Sicut
1175 5017 1257 5073 enim
1272 5014 1457 5072 iumatcriali
1466 5013 1610 5071 vicosunt
1619 5012 1737 5069 diversi
1760 5010 1830 5070 ordi-

123 5099 252 5158 dicitur:
269 5102 405 5158 Perdidit
420 5108 448 5159 et
462 5103 604 5160 contrivit
623 5110 717 5160 vectes
736 5107 802 5174 ejas
832 5106 950 5177 (Tttrers.
1002 5105 1235 5177 uesbominum,
1251 5106 1293 5162 sic
1311 5105 1342 5162 in
1352 5103 1425 5162 vicis
1435 5103 1544 5161 animae
1562 5104 1634 5159 sunt
1648 5101 1830 5160 diversitates

122 5191 162 5261 rr).
189 5191 290 5246 vectes
302 5189 368 5261 eius
382 5190 512 5262 perdidit
524 5194 556 5246 et
568 5191 716 5258 munivit,
739 5193 864 5266 quando
879 5209 951 5249 coa·
1001 5209 1131 5250 morum.
1140 5193 1555 5252 llabetautemauimavicum
1563 5191 1692 5260 timoris,
1701 5191 1829 5249 etvisun

122 5277 187 5335 eilia
201 5294 307 5336 eorum
318 5277 357 5335 ad
370 5279 510 5336 effectam
522 5279 624 5336 venire
637 5295 699 5338 non
714 5281 858 5353 permisit
884 5285 952 5339 Erat
1001 5283 1122 5340 amoris.
1137 5285 1223 5340 Vicus
1232 5282 1512 5342 timorisdescendit
1521 5273 1829 5355 adportamvallis‚id

119 5381 226 5424 eorum
241 5368 411 5436 consilium,
428 5372 461 5424 ut
474 5369 644 5426 occiderent
657 5369 818 5426 curuum.
848 5371 950 5427 ccnsl-
1000 5377 1056 5440 est,
1070 5371 1256 5430 humilitatis.
1268 5374 1355 5429 Vicus
1367 5372 1478 5430 amoris
1486 5371 1569 5427 ducit
1579 5371 1618 5427 sd
1628 5376 1828 5445 portampos·

119 5453 309 5513 liumeorum
317 5456 446 5530 perdidit
460 5457 643 5525 eteontrivit,
662 5457 735 5529 quia
758 5458 949 5531 quodtaccre
999 5463 1046 5531 tie,
1058 5463 1089 5518 id
1099 5467 1152 5532 est,
1162 5463 1200 5520 ad
1209 5464 1493 5537 contemplationem
1502 5461 1609 5516 tumre
1618 5460 1826 5518 retributionis

119 5546 333 5617 cog'taverant
343 5545 383 5602 ad
394 5545 520 5602 nibilum
529 5544 651 5616 redegit.
675 5545 854 5604 ansuinum
865 5550 948 5606 rede·
999 5556 1032 5607 ln
1046 5551 1113 5608 vico
1127 5552 1388 5609 timorisbabitant
1401 5551 1478 5607 servi
1493 5549 1826 5607 ermescenanirnsiu

119 5634 172 5703 git,
188 5634 261 5706 quis
277 5635 413 5694 Christus
430 5651 449 5694 a
476 5637 572 5694 morte
586 5634 755 5693 resurrexit.
784 5639 946 5696 Consilium
998 5656 1068 5699 vero
1083 5641 1248 5699 dilectionis
1264 5642 1411 5712 habitant,
1440 5640 1492 5714 qui
1504 5643 1628 5698 Petrum
1642 5639 1827 5700 haereditata
