3742 6082
123 142 189 223 :⁹⁸7
548 135 675 193 uotonis
695 135 741 192 DE
762 135 792 193 S.
810 134 958 190 VICTORE
979 134 1054 189 OPP.
1074 135 1162 193 PARS
1182 138 1226 189 lll.
1244 164 1278 176 -
1293 135 1451 192 alsuca.
1795 137 1839 190 aa

137 270 236 344 ipsam
255 264 451 322 tentationum
460 263 632 318 nostrarum
642 256 886 315 molestiamcum
897 271 969 330 qua·
987 261 1010 314 Α
1025 256 1135 313 allecta
1152 256 1182 312 in
1198 257 1338 314 allectum
1350 256 1464 325 transit,
1475 255 1558 313 verbi
1572 255 1686 327 gratim
1703 256 1743 312 la
1758 271 1844 329 ongu-

123 333 209 414 'dam
222 354 426 426 indignatione
445 349 601 421 arguimus
612 345 745 402 dicentes
759 363 765 401 :
792 346 890 414 Quare
902 347 965 416 fre·
1019 348 1084 403 aliis
1096 349 1274 405 constitutus
1286 347 1382 418 (Psoi.
1396 346 1447 418 1rr);
1462 349 1613 419 quantum
1625 361 1748 419 semper
1763 344 1794 401 in
1806 345 1846 403 uei

124 436 276 525 ssrqueremt
299 448 421 516 pentes?
443 443 477 496 Et
498 443 542 494 est
556 452 678 493 summa
698 435 788 493 totius
803 435 912 509 psalmi
926 435 965 492 ad
1020 435 1225 493 misericordia
1239 435 1431 494 confidebam
1446 434 1577 508 cogitare
1591 433 1715 509 incipio,
1728 434 1804 508 quie
1814 440 1849 492 ta·

121 521 193 609 {hoc
204 537 339 603 tendens,
353 538 386 589 nt
398 528 512 606 perlici
525 526 690 601 potentiam
705 525 874 583 confirmati
888 525 967 581 inso
1020 542 1090 582 men
1104 524 1334 600 quodammodo
1349 541 1398 582 me
1413 525 1452 581 ab
1468 523 1690 581 eoderelictum
1700 523 1803 591 video,
1818 541 1848 581 er

120 626 236 693 ,lentes
245 621 439 680 adversitates
453 621 695 687 contemnamus,
710 620 740 672 et
750 620 831 672 tanto
843 631 900 673 nos
915 614 966 671 ad·
1020 617 1129 672 ellectu
1148 616 1259 674 doloris
1274 616 1305 672 in
1324 616 1388 672 baec
1407 614 1500 672 verba
1519 627 1699 689 prorumpo.
1715 616 1849 683 Domine,

136 713 272 773 versariis
298 709 407 767 nostris
423 706 571 775 tortiores,
591 707 705 779 quanto
729 707 790 760 lleo
808 703 965 760 viciniores
1020 707 1093 778 qaid
1107 708 1304 777 multiplicati
1317 713 1388 763 sunt
1401 707 1454 778 qui
1464 706 1612 762 tribulant
1624 707 1691 762 mel
1706 706 1800 761 multi
1812 706 1851 761 in-

137 821 255 877 sumus,
270 812 502 876 praesumamus.
525 792 812 850 lllorum‘interitum
824 792 965 849 festinum
1019 802 1147 865 surgant
1161 797 1320 853 adeersum
1329 812 1375 852 me
1387 796 1680 868 (ilicitltursumque
1695 810 1732 851 ex
1744 794 1852 852 affectu

136 894 339 952 attendamus.
372 888 423 944 liei
450 883 708 956 magnificentiam
732 886 835 940 contra
860 899 965 941 eorum
1019 882 1130 942 doloris
1145 885 1328 943 inatleotum
1342 885 1429 943 bona
1442 883 1851 958 praesumptionisrecurrens

136 983 312 1057 superbiam
336 974 536 1047 frangendam
560 989 764 1048 opponamus,
786 989 857 1029 curn
882 972 965 1028 omni
1019 973 1085 1031 aio:
1107 976 1150 1030 Tu
1164 981 1273 1042 aetem,
1289 975 1423 1042 Domine,
1437 979 1591 1045 susceptor
1610 990 1736 1031 meuses
1758 973 1851 1044 (ibid.)

120 1050 302 1131 ..reverantia
328 1067 465 1123 animum
479 1067 615 1120 nostrum
637 1063 676 1119 ad
695 1061 873 1135 obsequium
886 1061 965 1118 illius
1020 1065 1055 1119 Ut
1067 1067 1096 1119 ct
1115 1079 1276 1120 moerorcm
1290 1079 1344 1137 per
1356 1063 1499 1119 fiduciam
1509 1062 1648 1131 relevem,
1663 1066 1693 1119 ct
1706 1062 1849 1120 fiduciam

137 1161 332 1234 subjiciamus
344 1171 462 1228 semper
476 1170 568 1227 supra
578 1169 634 1211 nos
647 1152 830 1209 admirantes
840 1152 905 1223 ejus
915 1168 965 1225 po
1019 1169 1073 1226 per
1096 1168 1257 1209 moerorem
1279 1152 1432 1224 castigem.
1457 1155 1491 1209 Et
1511 1151 1580 1226 quis
1599 1168 1707 1209 omnes
1728 1150 1848 1209 uirtutes

137 1247 352 1319 tentiam,intra
366 1262 422 1301 nos
436 1243 634 1317 despicientes
643 1257 748 1299 eorum
762 1239 963 1297 insolentiam.
1019 1241 1218 1314 psalmorum,
1232 1240 1301 1314 quis
1316 1240 1382 1298 illas
1396 1240 1507 1313 ignitas
1523 1239 1774 1314 compunctiones
1786 1256 1848 1298 san·

119 1341 188 1399 vllic
213 1344 258 1397 est
271 1338 395 1394 allectus
419 1333 625 1391 admirationis
647 1331 846 1403 indignationi
860 1331 965 1387 mistus
1020 1334 1137 1387 olorum
1158 1331 1321 1388 affectuum
1346 1346 1523 1388 enumerare
1547 1329 1704 1404 loquendo
1726 1332 1847 1404 potestt

137 1447 175 1487 ex
186 1427 359 1486 laudatione
368 1422 664 1496 surgenssequcntis
676 1418 789 1496 psalmi
802 1418 893 1476 series
903 1435 965 1475 non
1019 1419 1130 1492 quibus
1145 1436 1231 1476 mens
1256 1419 1286 1476 in
1311 1420 1444 1478 oratione
1469 1419 1651 1487 accenditur,
1675 1424 1706 1475 et
1721 1419 1846 1491 gratim

131 1518 306 1578 seeundum
331 1531 427 1572 unum
449 1513 589 1570 affectum
614 1510 732 1579 texitur,
753 1508 807 1566 sed
834 1524 913 1583 saepe
928 1509 965 1564 de
1019 1526 1108 1566 mum·
1120 1513 1179 1566 lleo
1194 1510 1376 1567 sacrificium
1391 1511 1423 1566 in
1437 1526 1489 1568 ara
1502 1509 1601 1568 cordis
1617 1507 1767 1566 adoletur.

136 1701 1837 1744 &aa

375 1954 473 2073 DE
517 1948 772 2071 AMORE
814 1948 1062 2072 SPONSI
1114 1949 1213 2068 AD
1257 1947 1607 2073 SPONSAM.

174 2493 310 2549 lbomtln'
318 2491 359 2548 od
373 2495 498 2545 errantem
510 2486 646 2557 Merrae
656 2485 734 2544 etad
746 2486 836 2542 eolles
849 2485 966 2557 libeat,
986 2487 1007 2542 B
1019 2483 1141 2558 pertalis
1158 2484 1285 2555 frangat.
1298 2485 1393 2541 arrha
1407 2490 1451 2542 cst
1465 2486 1591 2559 pauperi
1603 2492 1768 2560 paupertas
1781 2504 1838 2553 sue,

137 2589 165 2640 et
182 2583 412 2655 teqnorsponsa’
424 2592 495 2633 eriere
506 2576 605 2647 (Cant.
621 2575 668 2648 rr).
690 2575 825 2648 Sponsus
840 2573 966 2648 quidam
1020 2591 1088 2647 qnae
1110 2573 1281 2643 castigatur,
1297 2591 1334 2630 nc
1349 2574 1510 2631 abundans
1523 2592 1577 2649 per
1599 2576 1840 2634 incontinentiam

136 2671 184 2728 hic
197 2670 338 2742 loquitur,
347 2667 398 2741 qui
411 2680 555 2739 sponsam
565 2663 667 2732 habet,
680 2667 709 2720 et
716 2663 845 2737 spondet
854 2678 885 2719 se
895 2663 964 2719 risi·
1019 2662 1368 2720 ditlluat.llrrhaestlorti
1380 2664 1520 2720 tortitudo
1530 2681 1595 2727 sua,
1604 2680 1666 2738 qua
1677 2665 1840 2733 roboratur,

140 2752 688 2826 tatn1¹rrnrram.Notaergoquodnon
702 2768 822 2827 semper
831 2752 966 2809 domicst
1019 2757 1051 2808 ut
1061 2752 1100 2809 ad
1110 2753 1225 2808 bonum
1239 2753 1522 2825 opusconralescat.
1536 2753 1631 2810 nrrha
1641 2758 1687 2812 cst
1699 2754 1789 2811 debili
1798 2754 1842 2811 de

136 2864 266 2923 sponsus
290 2848 356 2912 istc,
381 2849 465 2902 caret
479 2843 560 2900 enim
582 2843 656 2900 torte
676 2858 714 2900 ne
734 2842 858 2900 vilescat
878 2857 964 2900 amor
1017 2841 1117 2898 bilitas
1129 2858 1257 2915 suaque
1272 2841 1593 2913 trangiternemalum
1606 2843 1843 2916 perficiatrtrrha

135 2955 218 3009 suus,
235 2941 263 2994 et
287 2936 357 3008 qnia
372 2934 458 2989 citius
473 2932 503 2989 in
529 2931 652 2988 taedium
665 2931 780 2990 renuet
804 2932 830 2987 si
845 2946 964 3004 semper
1017 2935 1061 2987 cst
1074 2930 1224 3004 insipienti
1244 2930 1419 3004 simplicitas
1434 2948 1500 3002 sua,
1522 2947 1585 3004 qua
1608 2932 1794 2997 humiliatur,
1808 2947 1841 2988 ne

129 3040 266 3100 praesens
286 3028 372 3095 esset,
398 3023 465 3078 ideo
487 3021 650 3095 aliquando
675 3035 706 3077 se
728 3019 885 3089 subtrahit,
908 3019 979 3075 ali·¹
1017 3020 1180 3093 superbiat.
1193 3019 1360 3076 Etomnino
1369 3020 1517 3093 quidquid
1529 3019 1559 3076 in
1569 3021 1628 3076 hac
1640 3021 1703 3077 vita
1711 3021 1841 3078 humana

122 3115 258 3189 quando
274 3113 313 3170 ad
330 3119 448 3186 tempus
463 3110 583 3181 recedit,
600 3115 632 3167 ut
643 3111 718 3167 dum
732 3110 901 3183 requiratur
911 3108 962 3166 ab·
1015 3108 1159 3179 fragilitas
1170 3109 1284 3175 tolerat,
1296 3111 1353 3166 lroo
1365 3109 1431 3182 pius
1442 3108 1584 3167 Conditor
1593 3116 1743 3183 qnantum
1753 3112 1783 3167 in
1793 3126 1841 3167 sua

131 3221 212 3272 sens,
229 3203 357 3260 strictius
372 3206 508 3259 tencatur
523 3217 667 3275 prresens.
677 3203 710 3256 Et
723 3204 794 3256 tune
804 3199 878 3256 torte
892 3199 961 3256 abe-
1014 3198 1147 3255 bonitate
1160 3204 1213 3268 est,
1224 3198 1270 3254 rol
1285 3199 1325 3255 ad
1340 3199 1554 3255 correctionem
1569 3199 1737 3272 pravitatis,
1751 3200 1841 3259 velud

129 3298 187 3359 rat,
200 3293 325 3366 quando
342 3292 406 3347 haee
429 3288 556 3346 dicebat.
580 3288 637 3346 Sed
651 3303 688 3344 ne
707 3304 828 3344 rursum
842 3288 960 3360 longior
1013 3287 1182 3360 profectum
1195 3286 1310 3343 virtutis
1323 3286 1488 3360 dispensat.
1506 3287 1841 3360 ldeoinomnibusgra·

129 3397 216 3438 mora
226 3381 415 3455 aliquatenus
431 3377 614 3434 oblivionem
629 3377 774 3446 gigneret,
789 3377 885 3434 redire
898 3376 958 3432 dis·
1013 3376 1068 3433 tias
1079 3377 1445 3448 ageredebemus,utdum
1456 3377 1569 3450 ubique
1577 3377 1671 3450 ipsius
1681 3378 1841 3436 misericor·

127 3470 270 3542 ponebat,
294 3473 323 3522 et
337 3468 397 3522 ait:
420 3467 472 3522 loo
490 3465 574 3520 midi.
594 3467 703 3522 Secum
718 3464 850 3538 loquitur
875 3466 958 3538 quod
1012 3465 1838 3540 ‹liamagnoscimussemperincjusamoreproticiamus.

127 3558 261 3616 tacturus
276 3560 328 3623 cst,
355 3555 427 3629 quia
442 3555 482 3611 ad
504 3553 668 3611 dicendum
694 3553 781 3611 dulce
802 3559 847 3611 est
875 3557 956 3628 quod
1046 3557 1110 3620 Ibo,
1119 3555 1307 3628 inepritmilei
1316 3557 1491 3613 astruentem
1502 3558 1838 3630 recrearemur-rma,

127 3648 214 3706 dulce
227 3652 272 3703 cst
286 3646 324 3703 ad
340 3645 522 3716 laciendum,
538 3648 568 3701 et
579 3643 680 3701 nescio
696 3659 757 3718 quo
771 3650 861 3718 pacto
872 3646 956 3720 quod
1010 3661 1079 3719 quae
1095 3661 1200 3701 amara
1215 3645 1307 3701 estad
1321 3646 1516 3715 gustandum,
1531 3650 1560 3703 et
1575 3662 1703 3719 corpora
1711 3652 1839 3704 mortuo

125 3741 254 3797 multum
268 3737 416 3811 cupimus,
428 3752 588 3811 nunquam
608 3734 690 3810 loqui
700 3736 879 3794 fastidimus.
892 3739 954 3809 Ibo,
1010 3751 1078 3791 rum
1094 3750 1111 3790 a
1128 3733 1284 3808 putredine
1301 3740 1400 3791 servat
1419 3734 1567 3804 significat
1580 3735 1838 3816 moru'ticationem

124 3826 232 3902 inquit,
248 3828 332 3883 milri.
344 3826 402 3882 Sibi
416 3825 583 3898 radit‚quia
599 3825 759 3897 singularis
773 3841 859 3884 amor
869 3828 958 3901 parti·
976 3824 1119 3901 Ccarnis.
1134 3823 1274 3891 Libanus,
1291 3824 1493 3897 quodnomen
1508 3823 1719 3899 interpretatur
1733 3825 1838 3882 ‹leena-

122 3916 223 3990 ,cipem
235 3915 337 3970 secreti
352 3929 412 3968 non
428 3914 541 3986 recipit.
550 3913 612 3970 Sibi
625 3915 718 3983 vadit,
732 3915 804 3989 quia
818 3932 880 3972 non
890 3915 954 3973 vult
1008 3915 1135 3984 didatio,
1151 3913 1301 3984 significat
1313 3912 1493 3970 munditiam
1509 3913 1617 3971 earnis.
1629 3917 1696 3970 llaec
1712 3931 1784 3986 ergo
1798 3919 1838 3974 est

125 4001 262 4057 sodalem
275 4000 452 4073 itincr·is,qui
463 4017 525 4056 non
535 4001 951 4074 patitureonsortemamoris.
1008 4005 1066 4071 via,
1083 4019 1136 4076 per
1149 4020 1243 4070 quam
1258 4005 1392 4077 Sponsus
1419 4003 1457 4059 ad
1479 4019 1627 4076 sponsam
1642 4004 1734 4076 venit,
1751 4021 1837 4060 mons

124 4089 183 4147 Sed
198 4087 307 4162 qnaeris
319 4087 460 4160 quisnam
477 4089 515 4145 sit
535 4089 590 4145 iste
606 4089 672 4147 tulis
687 4107 827 4166 sponsus,
843 4097 871 4149 et
885 4108 953 4164 quae
1007 4093 1143 4164 Myrrhae,
1158 4098 1186 4148 et
1201 4092 1291 4149 colles
1306 4093 1420 4160 Libani,
1437 4093 1509 4166 quia
1523 4093 1655 4167 primum
1669 4110 1725 4165 per
1747 4094 1837 4151 atesti-

123 4192 238 4251 sponsa
249 4177 335 4257 ejus?
349 4180 484 4252 Sponsus
496 4184 540 4235 est
550 4181 627 4235 lleus
639 4198 646 4249 ;
658 4194 771 4253 sponsa
782 4183 826 4235 cst
840 4180 951 4237 anima.
1007 4182 1140 4239 nentiam
1146 4182 1422 4255 concupiscentiam
1434 4183 1532 4239 carnis
1543 4180 1777 4253 occidit,deinde
1788 4200 1837 4256 per

121 4268 203 4325 Tunc
218 4273 319 4325 autem
332 4284 461 4341 sponsus
481 4267 563 4324 ‹lomi
579 4273 632 4339 est,
647 4267 772 4342 quando
795 4282 849 4341 per
863 4267 953 4325 inter·
1007 4271 1496 4343 munditiamcordisignorantiam
1503 4271 1837 4344 mentisabsrergitros

121 4372 195 4415 num
208 4359 354 4429 gaudium
363 4366 491 4416 urentem
504 4359 607 4432 replet3
617 4364 687 4414 tunc
697 4358 817 4426 recedit,
829 4359 953 4431 quando
965 4388 987 4439 ,3
1006 4363 1101 4416 uerno
1111 4359 1199 4432 quasi
1211 4358 1295 4415 tertio
1318 4360 1367 4417 die
1378 4361 1418 4418 ad
1438 4360 1623 4435 colloquium
1638 4376 1771 4436 sponsus
1789 4378 1835 4418 ve·

121 4446 313 4502 dnlcedinem
339 4447 600 4518 contemplationis
624 4446 781 4501 subtrabit.
810 4446 866 4503 Sed
890 4463 952 4520 qua
1006 4448 1092 4504 niens
1101 4448 1249 4504 desiderio
1265 4449 1311 4506 sui
1327 4451 1463 4507 animam
1478 4451 1624 4519 accendit,
1637 4450 1706 4508 ideo
1728 4468 1835 4509 conre-

121 4533 314 4588 similitudine
325 4535 427 4589 anima
438 4549 550 4606 sponsa
562 4534 611 4588 nei
619 4533 740 4590 dicitur?
748 4535 817 4591 ldeo
828 4552 949 4609 sponsa,
1005 4536 1121 4593 nientcr
1129 4536 1204 4593 dixit
1216 4544 1344 4596 montem
1355 4540 1503 4613 Myrrhae,
1518 4555 1580 4595 non
1602 4539 1686 4596 collis
1701 4541 1834 4613 Myrrha,

120 4621 194 4694 quia
221 4620 320 4690 (lonis,
337 4621 502 4692 gratiarum
516 4614 720 4679 ‘subarrata
737 4623 806 4681 ldeo
826 4642 949 4700 sponsa,
1005 4630 1033 4683 et
1043 4628 1132 4684 eolles
1143 4643 1204 4684 non
1220 4634 1353 4685 montem
1367 4630 1485 4698 Libom‘,
1494 4629 1566 4704 quia
1577 4629 1608 4685 in
1617 4628 1780 4688 afflictione
1790 4630 1835 4688 de

121 4710 193 4784 quia
204 4715 287 4768 casto
300 4711 451 4768 amoreilli
466 4711 588 4769 sociata.
603 4711 670 4768 ldco
682 4728 803 4785 sponsa,
815 4716 886 4788 quia
898 4732 951 4789 per
1003 4713 1185 4773 bemusesse
1201 4722 1412 4785 constantcs‚et
1425 4719 1456 4776 in
1470 4736 1609 4776 successu
1625 4718 1772 4777 virtutum
1785 4721 1835 4776 bu·

121 4800 335 4874 aspirationem
352 4800 478 4874 Spiritus
490 4802 585 4858 saneti
597 4802 680 4875 prole
694 4803 837 4861 virtutum
850 4805 951 4862 seeun—
1004 4807 1099 4863 miles.
1112 4807 1243 4864 Altitudo
1256 4808 1335 4864 enim
1351 4810 1462 4866 montis
1478 4809 1673 4868 eminentiam
1687 4811 1834 4882 significat

118 4889 232 4946 danda.
248 4890 332 4947 Nulla
344 4896 388 4947 est
403 4891 515 4962 anima,
530 4908 597 4964 quae
610 4892 701 4963 hujus
712 4894 814 4966 sponsi
827 4896 948 4952 arrham
1003 4896 1302 4968 magnanimitatis,et
1312 4899 1502 4957 mediocritas
1512 4899 1595 4956 collis
1604 4900 1833 4973 temperantiam

119 4993 181 5035 non
197 4979 355 5050 acceperit.
374 4980 428 5036 Sed
445 4986 486 5035 est
501 4982 642 5053 quadarn
661 4983 750 5038 arrlra
766 4984 948 5048 eommunis,
1003 4986 1187 5043 humilitatis.
1203 4987 1274 5043 ltem
1288 4990 1371 5060 quod
1393 4995 1528 5047 montem
1545 4989 1693 5059 singulari
1707 5006 1832 5047 numero

117 5067 258 5142 quadarn
275 5068 421 5142 specialis.
440 5071 614 5127 Communis
627 5072 716 5127 arrha
731 5074 871 5145 estquod
887 5074 949 5129 nati
1003 5076 1114 5148 posuit,
1127 5081 1154 5132 et
1167 5076 1257 5132 eolles
1269 5077 1388 5150 plurali,
1404 5079 1553 5152 significat
1566 5081 1651 5153 quod
1663 5080 1695 5138 in
1710 5079 1831 5138 mortifi-

118 5157 321 5231 sumus‚quod
336 5159 579 5232 sentimusquod
590 5161 825 5234 captiuosque]
835 5163 945 5219 ‹liscar-
966 5201 987 5254 D
1003 5165 1119 5222 catione
1127 5165 1279 5222 exterioris
1290 5167 1494 5226 delectationis
1503 5185 1612 5243 parum
1622 5170 1761 5244 estquod
1771 5185 1832 5245 per·

114 5248 228 5307 nimus.
244 5248 385 5321 specialis
395 5250 546 5317 arrlraest,
558 5251 640 5322 quod
653 5251 817 5319 regenerati
830 5269 945 5319 sumus,
1002 5252 1117 5320 dimus;
1133 5258 1162 5311 et
1175 5254 1204 5310 in
1221 5255 1438 5315 illuminatione
1447 5257 1746 5316 mentisintrinseeus
1761 5257 1831 5317 mul-

114 5337 201 5410 quod
216 5338 424 5393 remissionem
450 5343 640 5410 peccatorum
660 5340 809 5395 errnseenti
831 5357 946 5402 snmus,
1002 5341 1091 5415 tiplex
1124 5348 1168 5399 est
1202 5344 1328 5415 bonurn,
1352 5348 1436 5420 qnod
1465 5348 1644 5404 invenimus.
1671 5353 1705 5406 ln
1732 5351 1829 5406 monte

118 5426 202 5498 quod
227 5427 409 5482 charismata
435 5427 576 5482 virtutum
602 5427 783 5499 accepimus.
805 5430 838 5482 Et
863 5428 944 5500 quod
1000 5432 1123 5503 Myrrhae
1139 5434 1303 5506 accipimus
1317 5436 1522 5493 tortitudinem
1539 5439 1753 5497 contracaruis
1763 5453 1829 5496 eon·

118 5514 250 5586 quisque
261 5514 419 5583 habet,hoc
431 5514 539 5585 rurique
550 5514 639 5568 arrha
648 5515 798 5570 estatrrha
808 5520 852 5571 est
862 5516 944 5573 diviti
1000 5521 1225 5594 cupiscentiam.
1243 5528 1273 5580 ln
1286 5525 1412 5581 collibus
1424 5526 1527 5583 libani
1542 5527 1711 5599 accipimus
1725 5526 1828 5585 illumi·

60 5684 66 5699 ι
119 5601 943 5681 divitiaesuae,quibusloretur‚necummolestiapau-
998 5609 1150 5669 nationem
1163 5613 1271 5670 mentis
1287 5618 1390 5672 eontra
1405 5614 1617 5688 ignorantiam.
1631 5620 1664 5673 ln
1678 5615 1828 5694 colloquio
