3742 6082
122 186 175 243 sta
484 180 637 238 nunonis
657 181 702 235 DE
722 172 1016 250 artemetoris.
1035 171 1126 227 PARS
1146 174 1178 227 ll.
1204 201 1238 213 -
1258 171 1470 229 nonnanes.
1784 171 1834 231 876,

122 309 181 364 tato
192 303 316 365 rationis
337 307 366 364 et
377 304 489 367 viribus
508 303 642 378 eorporis
657 319 747 376 super
772 299 948 359 excelleret:
969 296 1033 357 itin
1049 300 1236 353 sacramento
1253 296 1383 366 coniugii
1399 299 1478 352 caste
1494 297 1615 350 sanetus
1628 308 1715 351 amor
1728 291 1785 349 riri
1799 293 1835 349 ad

121 395 192 454 huic
206 394 380 456 ordinatum
393 399 439 453 est
455 397 489 451 ut
512 409 574 451 non
590 393 689 451 solum
704 390 884 460 ohedientia,
899 388 952 445 sed
1003 384 1158 452 seminam,
1170 385 1227 441 hoc
1242 389 1286 441 est
1299 384 1330 440 in
1346 387 1534 440 sacramento
1548 381 1619 438 fidei
1631 398 1718 438 amor
1731 381 1837 439 Christi

123 490 153 545 et
164 489 274 545 natura
292 483 437 543 subesset.
461 483 557 541 Voluit
586 500 656 555 ergo
679 483 767 551 Deus,
783 481 860 539 utin
874 479 951 539 illius
1005 475 1044 532 ad
1060 475 1219 533 Ecclesiam
1235 494 1242 544 ;
1257 476 1315 532 hoo
1334 473 1418 548 quod
1431 477 1476 529 est
1491 473 1523 529 in
1546 471 1753 529 incarnatione
1769 474 1836 528 Ver-

122 574 295 635 iortitudiue
308 573 535 648 etprovidentia
549 574 613 632 haeo
627 573 801 647 (quasisuae
814 569 952 642 fragilita·
1003 565 1048 636 bi,
1069 581 1155 622 amor
1183 564 1234 624 Dei
1265 564 1304 622 ad
1329 564 1496 620 humanam
1531 566 1682 619 naturam.
1712 563 1838 635 Propter

121 663 330 735 hsoonsortia)
344 662 543 736 requiesceret
557 680 564 732 ;
579 666 608 720 et
621 662 695 721 utin
706 661 757 718 illo
764 662 855 734 hujus
868 660 952 717 intir-
1004 657 1062 713 hoo
1073 655 1106 712 in
1118 654 1234 713 cantico
1264 653 1375 711 amoris
1402 670 1471 709 cum
1497 652 1547 708 illa
1571 656 1682 708 aemrna
1705 651 1837 708 charitas

121 754 210 813 mitae
224 753 365 828 pictatem
394 751 545 826 excitaret,
573 756 722 826 quatenus
738 755 767 809 et
789 751 834 807 vir
848 750 952 807 mulie·
1006 751 1034 802 et
1061 761 1147 802 amor
1182 742 1341 801 ineffabilis
1369 743 1429 800 sive
1458 743 1509 799 Dei
1535 743 1575 799 ad
1599 742 1744 807 animam,
1776 740 1838 797 sire

93 906 96 912 ,
122 859 186 901 rem
200 841 430 916 quodammodo
443 858 481 899 ex
495 842 603 917 pietate
628 841 771 912 diligeret,
797 844 825 897 et
845 839 952 896 mulier
1007 834 1111 891 Christi
1125 834 1164 890 ad
1179 832 1340 891 Ecclesiam
1352 851 1359 901 3
1375 848 1436 888 non
1450 831 1548 906 qualis
1563 830 1627 899 tuit,
1641 830 1695 887 sed
1709 827 1839 903 qualiter

119 931 219 989 virum
230 923 336 1003 'magis
350 948 387 991 ex
401 931 709 990 necessitateamaret.
722 929 808 998 Quod
822 945 894 1000 ergo
908 927 952 985 vir
1006 923 1112 998 potuit,
1125 923 1224 980 verbis
1240 922 1524 997 promidehuisset;
1553 920 1627 978 nihil
1641 920 1671 976 in
1691 920 1784 976 rebus
1796 920 1837 974 ri·

119 1020 277 1079 mulierem
308 1021 413 1092 diligit,
438 1020 667 1094 quodammodo
696 1019 877 1077 heneficium
896 1023 949 1091 est,
1006 1013 1141 1073 sihilibus
1156 1017 1208 1069 aut
1231 1013 1263 1069 in
1288 1011 1430 1069 humanis
1455 1011 1611 1069 ailcctihus
1641 1009 1769 1066 similius
1793 1009 1836 1065 in·

120 1112 193 1185 quia
207 1110 506 1184 pietatevinoitur,ne
519 1110 723 1169 inlirnu'tatem
736 1108 951 1170 deseratQuod
1004 1103 1098 1160 veniri
1121 1107 1248 1176 poterat,
1275 1118 1367 1175 quani
1398 1117 1483 1158 amor
1508 1100 1610 1175 sponsi
1636 1103 1665 1156 ct
1695 1115 1835 1173 sponsae;

15 1266 18 1272 ,
120 1203 222 1258 autem
241 1199 349 1259 mulier
369 1200 469 1259 virum
497 1199 603 1270 diligit.
631 1199 728 1270 magis
744 1198 879 1257 debitum
894 1202 949 1262 est,
1005 1197 1057 1249 ant
1080 1209 1142 1250 non
1157 1192 1277 1248 aliunde
1297 1207 1390 1265 quam
1420 1207 1473 1265 per
1499 1208 1588 1246 suum
1613 1193 1836 1247 sacramentum

119 1289 193 1362 quia
207 1288 337 1345 naturali
351 1289 525 1347 necessitate
552 1288 748 1362 compellitur,
764 1293 797 1344 ut
822 1288 950 1360 patroci-
1005 1281 1160 1340 inuisibilis
1181 1282 1231 1338 illa
1254 1287 1283 1337 et
1304 1281 1464 1354 spiritualis
1487 1280 1605 1338 dilectio
1619 1278 1835 1349 ostenderetur,

120 1377 205 1435 nium
217 1379 361 1452 requirat,
387 1384 477 1452 atque
491 1378 531 1437 ita
544 1378 773 1452 quodammodo
788 1383 848 1434 tota
862 1377 951 1434 dilee-
1005 1378 1037 1429 ut
1051 1371 1125 1429 dum
1145 1371 1175 1426 id
1201 1370 1285 1444 quod
1308 1370 1461 1426 humanus
1484 1370 1606 1427 atl'ectus
1623 1371 1760 1437 noverat,
1788 1383 1837 1423 au·

120 1466 210 1524 tionis
220 1467 331 1525 utilitas
345 1468 386 1524 ad
412 1467 568 1525 mulierem
594 1468 718 1525 retertur
732 1485 739 1534 ;
755 1466 869 1540 quiain
884 1467 950 1539 ipsa
1004 1462 1082 1518 ditus
1096 1477 1149 1534 per
1167 1460 1296 1517 l'erbum
1322 1460 1489 1533 acciperct;
1508 1459 1540 1515 id
1562 1460 1645 1533 quod
1672 1475 1735 1514 non
1749 1473 1836 1515 nove-

121 1570 215 1613 causa
230 1559 283 1624 cst,
295 1571 352 1628 pro
378 1571 440 1629 qua
459 1554 504 1611 vel
531 1555 598 1629 ipsa
624 1555 723 1612 virum
742 1554 845 1627 diligit,
870 1554 917 1611 rel
932 1570 950 1611 a
1004 1557 1058 1621 rat,
1070 1567 1122 1607 cor
1136 1550 1259 1606 interius
1276 1566 1329 1623 per
1342 1566 1477 1607 amorem
1492 1553 1633 1620 gustaret.
1650 1552 1725 1605 Nam
1739 1548 1837 1622 ipsam

98 1636 100 1641 ’
119 1642 185 1698 viro
198 1642 268 1716 ipsa
281 1643 423 1714 diligitur.
437 1643 619 1701 Patefactum
641 1647 684 1699 cst
699 1642 789 1712 igitur
817 1643 949 1699 dilectio·
968 1641 1115 1717 pihidem
1134 1644 1246 1696 mutuae
1259 1639 1411 1696 charitatis
1439 1639 1685 1709 vicissitudinem,
1699 1653 1762 1712 qua
1778 1653 1837 1693 una

119 1731 167 1788 nis
183 1735 415 1789 sacramentum.
429 1732 655 1791 Sacramentum
671 1731 799 1800 dilectio,
820 1737 848 1789 et
862 1732 951 1789 dilcc·
1004 1731 1055 1786 uni
1071 1729 1192 1797 sociata,
1219 1745 1273 1784 nec
1302 1728 1461 1786 dissidium
1491 1729 1520 1785 in
1542 1745 1596 1784 suo
1625 1728 1760 1802 suscipit,
1782 1744 1836 1783 nco

120 1819 210 1879 tionis
239 1825 461 1879 sacramentum
487 1820 615 1879 dilectio.
642 1825 699 1879 Nec
726 1838 803 1894 opus
814 1823 880 1893 jam
907 1828 951 1879 cst
1003 1818 1187 1876 consortium
1201 1819 1232 1875 in
1257 1818 1355 1875 alieno
1373 1818 1503 1876 admittit
1526 1833 1639 1891 sponsa
1667 1815 1836 1887 significare

119 1907 212 1978 longa
221 1909 415 1982 expositione,
432 1914 464 1966 ut
477 1911 661 1978 ostendatur,
677 1911 805 1983 qualiter
813 1911 844 1967 in
859 1912 950 1983 hujus
1002 1910 1129 1975 volebat,
1147 1926 1216 1965 cum
1238 1909 1370 1967 diceret:
1398 1911 1532 1966 Dilectus
1542 1924 1622 1967 cacus
1641 1909 1727 1976 criti,
1742 1914 1769 1964 et
1783 1923 1835 1978 epo

120 1996 299 2055 sacramenti
312 1996 410 2067 ligura
432 1997 478 2056 vir
490 1999 591 2068 imago
607 1999 657 2055 Dei
671 1998 718 2064 sit,
731 2004 759 2055 et
778 2000 889 2056 femina
903 2016 950 2057 ra·
1003 2001 1060 2067 itti,
1076 2002 1128 2071 qui
1139 2001 1275 2069 pascitur
1289 2001 1369 2056 inter
1383 2001 1449 2056 titio
1481 1999 1579 2069 (Cant.
1596 2002 1637 2069 rr),
1653 2000 1747 2056 donec
1760 1999 1836 2069 aspi-

119 2086 239 2144 tionalis
258 2086 368 2144 animm
383 2090 490 2160 typum
505 2087 536 2145 in
553 2104 585 2144 se
605 2087 796 2162 formamque
810 2090 949 2148 demons-
1003 2095 1049 2146 ret
1061 2090 1122 2145 dics
1137 2094 1164 2145 et
1179 2090 1365 2145 inclinentur
1386 2089 1498 2147 ambra
1525 2090 1626 2161 (Caret.
1642 2092 1702 2159 ru).
1727 2091 1762 2145 Et
1774 2105 1836 2144 rur·

119 2178 183 2233 iret.
197 2174 384 2236 Manifestum
398 2180 442 2234 est
451 2175 543 2247 enim,
565 2177 649 2250 quod
659 2178 735 2235 sicut
746 2180 801 2237 viri
810 2195 897 2237 amor
910 2181 949 2236 ad
1003 2196 1094 2236 sum:
1127 2180 1191 2251 ligo
1216 2179 1323 2236 dilecto
1351 2195 1425 2244 mcc,
1456 2180 1497 2236 cd
1521 2195 1567 2236 ine
1592 2181 1746 2237 correersio
1774 2182 1836 2251 eius

119 2264 277 2323 mulierem
289 2265 397 2338 pietate
407 2266 542 2340 quadarn
553 2271 582 2325 et
597 2271 806 2341 compassione
822 2270 950 2328 naturali
1004 2266 1102 2338 (Cant.
1119 2267 1169 2338 vr).
1183 2267 1317 2340 Sponsus
1329 2283 1451 2341 quoque
1466 2268 1530 2340 ipse
1543 2266 1615 2322 uniti
1635 2266 1749 2328 amoris
1764 2280 1836 2339 pra-

120 2353 289 2423 inolinatur,
304 2354 348 2412 vir
363 2360 497 2414 autema
515 2357 639 2415 muliere
653 2358 750 2429 magis
776 2360 950 2418 necessitate
1005 2355 1173 2427 rogativam
1194 2356 1421 2414 commendans.
1446 2359 1623 2428 serapiaca,
1635 2355 1745 2431 inquit,
1768 2359 1836 2410 sarit

121 2443 301 2502 conditionis
314 2444 464 2515 diligitur3
480 2445 522 2504 ita
538 2449 616 2504 Deus
626 2447 760 2505 animam
775 2449 952 2507 rationalem
1005 2448 1116 2517 regnac
1127 2452 1155 2502 et
1167 2448 1319 2518 octoginta
1343 2448 1524 2515 cornutium
1553 2453 1580 2504 et
1596 2445 1835 2504 ᾱᾶθῑθδθθηίῑῑίθ·

120 2531 204 2604 prius
217 2532 347 2603 gratuita
361 2533 470 2606 pietate
492 2533 597 2606 diligit,
614 2540 642 2592 et
664 2553 732 2597 cam
754 2539 951 2610 postmodum
1004 2551 1072 2592 rum
1088 2550 1147 2591 oca
1162 2541 1205 2593 est
1217 2552 1368 2592 cruciarus.
1389 2539 1454 2594 Una
1474 2544 1514 2594 est
1531 2536 1668 2594 columbo
1682 2551 1761 2605 mea,
1771 2550 1836 2605 per·

120 2621 160 2679 ed
186 2638 321 2681 amorem
351 2623 397 2681 sui
420 2623 554 2697 quadarn
579 2626 747 2685 rationabili
775 2628 952 2687 necessitate
1004 2625 1083 2694 secta
1113 2639 1188 2683 mec.
1219 2626 1283 2682 Uno
1310 2627 1403 2683 matri
1423 2642 1495 2696 sirac,
1513 2627 1605 2682 electa
1619 2625 1764 2697 genitrici
1777 2639 1836 2679 saae

120 2715 319 2784 spontaneam
333 2717 436 2771 nmen
451 2717 479 2771 et
502 2714 652 2773 volentem
669 2716 822 2774 convertit.
855 2717 952 2788 Diligit
1005 2714 1105 2784 (Cant.
1121 2713 1170 2785 rr).
1184 2714 1307 2787 Propter
1326 2720 1549 2772 sacramentum
1577 2729 1648 2785 ergo
1670 2713 1836 2771 dilectionis

118 2798 167 2861 ille
179 2800 262 2873 prior
275 2801 367 2872 gratis
376 2817 444 2869 nos,
471 2807 504 2859 ut
517 2804 714 2877 postmodum
728 2805 884 2876 diligentes
911 2807 951 2865 ad
1005 2807 1122 2858 aetcrnae
1150 2805 1227 2858 lteus
1254 2804 1430 2874 conjugium
1459 2804 1574 2861 sancire
1597 2801 1690 2860 soluit
1713 2807 1836 2876 propter

119 2887 292 2960 diligentem
307 2896 504 2951 seconvertet
526 2907 594 2961 nos,
619 2892 732 2966 fiatque
747 2911 807 2955 una
821 2896 951 2955 dheodo-
1004 2890 1160 2948 utilitatem
1192 2892 1418 2966 propagationis
1452 2894 1594 2951 humanae
1627 2908 1734 2948 sexum
1755 2907 1836 2947 crea-

118 2977 165 3035 nis
185 2977 321 3046 societas,
349 2983 379 3035 et
392 2985 514 3054 propter
528 2997 595 3050 nos,
622 2983 694 3056 quia
710 2983 797 3043 nobis
812 3001 949 3043 necessa·
970 2981 1046 3072 crit
1062 3000 1068 3049 ;
1084 2985 1222 3039 ettamen
1235 2998 1321 3039 amor
1335 2983 1502 3055 conjugalis
1516 2999 1577 3040 non
1590 2988 1712 3055 propter
1727 2998 1833 3038 sexum

118 3064 228 3124 riazet
236 3072 360 3141 propter
373 3069 458 3127 illum
471 3070 544 3143 quin
557 3071 588 3127 in
601 3071 651 3129 illo
664 3073 763 3131 beata.
779 3077 811 3131 ln
822 3075 880 3131 hac
895 3091 948 3133 au·
1002 3070 1177 3128 dissimilem
1214 3079 1435 3129 sacramentum
1465 3078 1520 3142 est,
1547 3072 1600 3130 scd
1627 3076 1750 3146 propter
1782 3088 1832 3128 na-

117 3156 178 3211 tem
191 3155 328 3226 jucunda
353 3157 519 3219 dilectionis
543 3165 771 3221 conversatione
797 3180 883 3221 amor
898 3166 948 3223 liei
1001 3165 1101 3217 turam
1136 3160 1331 3221 differentem.
1366 3166 1430 3218 Non
1467 3162 1547 3219 enim
1573 3178 1669 3232 secus,
1698 3161 1752 3219 sed
1778 3177 1831 3217 na·

117 3242 345 3314 quodammodo
358 3252 515 3321 caputest,
531 3249 603 3322 quia
618 3250 656 3308 ab
680 3251 729 3311 illo
748 3253 778 3310 in
799 3256 947 3328 nosprius
1001 3252 1070 3305 tura
1095 3248 1248 3322 disparem
1274 3250 1305 3306 in
1331 3250 1506 3310 alterutrum
1532 3251 1708 3309 charitatem
1735 3249 1830 3307 amori

117 3330 236 3390 dilectio
252 3334 369 3405 oritur;
393 3341 421 3395 et
435 3336 475 3395 ad
490 3337 575 3397 ilium
596 3341 716 3397 anobis
741 3342 858 3403 dilectio
877 3362 947 3402 con·
1003 3338 1112 3408 tribuit,
1143 3343 1172 3396 et
1202 3344 1302 3396 tamen
1338 3358 1426 3397 sexus
1452 3341 1686 3415 inequalitatem
1714 3346 1828 3397 natura

115 3431 204 3476 versa
218 3419 352 3479 refertur.
374 3420 466 3479 Simili
488 3437 609 3494 quoquo
631 3427 790 3485 rationein
815 3429 946 3501 coniugii
1000 3428 1150 3484 discernit.
1168 3431 1254 3486 Casta
1269 3429 1349 3487 enim
1373 3430 1490 3488 dilectio
1503 3448 1564 3488 non
1577 3448 1612 3488 cx
1629 3430 1680 3487 tali
1691 3447 1768 3487 sexu
1782 3429 1830 3487 ali-

116 3505 268 3578 oharitate,
284 3524 353 3582 quae
367 3509 458 3580 huius
473 3509 639 3569 dilectionis
658 3519 701 3569 eet
712 3523 944 3585 sacramentum,
1000 3521 1043 3573 tcr
1057 3516 1194 3589 afficitur,
1211 3519 1307 3577 sedin
1323 3521 1373 3578 tali
1387 3538 1460 3577 seru
1485 3538 1521 3578 cx
1537 3521 1586 3579 tali
1607 3526 1725 3579 natura.
1744 3524 1829 3594 Prop

114 3597 455 3672 emorviricaputest3
484 3599 556 3673 quia
583 3602 665 3675 prior
688 3604 733 3663 vir
751 3606 868 3665 mulieri
892 3625 945 3682 per
999 3608 1174 3679 tercaquod
1199 3615 1282 3666 extra
1309 3611 1397 3667 talem
1426 3611 1649 3671 seaumPtaliter
1668 3609 1748 3667 affici
1768 3626 1827 3667 non

115 3687 358 3761 compassionem
373 3689 490 3765 pictatis
506 3689 536 3749 in
553 3707 655 3751 amore
671 3710 703 3750 se
719 3696 821 3765 sociat,
835 3702 868 3753 ut
881 3714 945 3757 mu·
999 3702 1104 3770 potest,
1120 3698 1192 3771 quia
1204 3704 1287 3757 extra
1302 3700 1392 3757 talem
1404 3718 1510 3759 sexum
1523 3717 1585 3757 non
1597 3700 1750 3758 invenitor
1762 3700 1826 3759 talis

113 3771 193 3835 lieris
208 3774 327 3834 dilectio
342 3793 396 3850 per
410 3777 609 3838 eruditionem
624 3782 663 3839 ad
682 3783 778 3841 virum
789 3801 942 3856 conversa,
997 3791 1118 3859 natura,
1144 3787 1276 3845 Sufficiat
1296 3790 1353 3845 hoc
1381 3791 1434 3861 cis,
1451 3791 1503 3865 qui
1514 3794 1653 3867 querunt
1671 3789 1827 3867 quomodo

114 3866 144 3958 et
156 3878 211 3935 per
234 3869 433 3936 spontaneam
452 3868 667 3938 benignitatem
683 3879 821 3947 suscepta
843 3875 873 3933 in
900 3892 945 3934 so-
997 3891 1083 3932 amor
1093 3876 1260 3948 conjugalis
1285 3879 1344 3949 (cui
1359 3880 1456 3937 carnis
1480 3881 1694 3938 commercium
1718 3879 1828 3953 excipi-

113 3952 218 4011 astate
231 3951 383 4008 citaritatis
399 3969 494 4012 unum
507 3957 570 4013 liat.
582 3961 739 4032 Propterea
754 3963 824 4020 dicit
846 3971 943 4039 Apos·
997 3966 1053 4038 tur)
1067 3966 1099 4025 in
1115 3968 1222 4025 eodem
1234 3985 1355 4043 quoque
1384 3987 1457 4029 sexu
1481 3971 1640 4046 utrobique
1651 3986 1712 4027 non
1736 3970 1827 4028 simili

113 4035 217 4097 tolus:
243 4039 341 4110 caput
362 4044 497 4102 muteris
523 4048 578 4116 cir,
603 4056 694 4119 caput
721 4053 780 4108 utri
793 4054 941 4122 caristus,
995 4055 1115 4112 veritate
1130 4058 1288 4118 sanciatur.

113 4133 205 4198 caput
218 4128 333 4191 careri·
345 4132 424 4191 Deua
450 4140 493 4193 est
515 4137 544 4204 (I
558 4138 626 4195 Cor.
654 4138 693 4210 ιι).
714 4143 789 4199 Nam
801 4141 884 4214 quod
899 4147 943 4199 cst

113 4251 1819 4309 ww

312 4367 411 4486 DE
462 4368 663 4493 ithDO
712 4375 1016 4496 DlCEll'Dl
1069 4381 1158 4499 ET
1200 4384 1617 4514 llEDlTrlNDl

808 4578 1123 4694 niratica

211 4736 263 4810 (Ex
273 4753 330 4797 ms.
346 4740 375 4800 S.
390 4741 527 4802 audoeni
538 4746 785 4822 Rothomagensis
796 4750 889 4807 edidit
900 4751 973 4808 dom
987 4755 1119 4813 Maerens
1136 4756 1282 4816 Thesauri
1295 4762 1430 4819 anecdot.
1445 4766 1515 4821 tom.
1529 4765 1561 4833 r,
1574 4762 1630 4820 col.
1643 4766 1719 4838 883.)

808 5035 1117 5126 rillMONlTltl

144 5203 235 5263 Hunc
255 5206 390 5267 libellam
404 5209 540 5295 extricat
555 5216 637 5272 cotie
652 5232 707 5273 ms.
721 5218 815 5275 codex
827 5219 1046 5276 monasteriis.
1063 5222 1202 5280 audoeni
1214 5225 1458 5298 Itotltcmcpeasr's
1474 5236 1544 5286 crite
1558 5245 1653 5288 aanor
1673 5233 1815 5306 cicactric-

107 5281 212 5347 centos
226 5286 383 5351 exaratas,
399 5288 489 5366 atque
502 5290 545 5344 tta
561 5287 724 5356 inscriptus
739 5288 825 5357 Hugo
851 5290 1021 5370 tfarisiensis
1033 5291 1070 5348 de
1087 5294 1177 5350 modo
1188 5294 1306 5353 dicendi
1317 5302 1345 5354 et
1364 5299 1538 5358 meditandi.
1552 5302 1675 5374 Stptrcn
1695 5303 1813 5362 Victori-

108 5361 180 5432 acm
195 5349 351 5435 Hisponem
365 5367 485 5411 omnino
500 5362 704 5438 repraesentat,
730 5373 829 5429 paeni,
844 5361 911 5416 ticet
929 5363 1048 5419 rectione
1068 5366 1206 5434 chcrisis
1219 5370 1414 5439 calciaretur,
1428 5373 1493 5428 ideo
1508 5374 1709 5432 Parisienscm
1726 5378 1814 5448 fuisse

107 5416 220 5475 dictrrm
236 5421 393 5505 credimus,
407 5425 488 5510 quod
512 5442 672 5508 cononicus
687 5429 837 5497 regularia
854 5431 884 5484 in
900 5433 1065 5490 Parr'sicasi
1091 5438 1122 5491 S.
1150 5439 1273 5494 Victoris
1299 5445 1487 5512 iniraasterio,
1516 5446 1625 5501 eriserit
1661 5448 1813 5518 scripserit

107 5492 325 5615 atqoucotterit.
352 5495 413 5550 Sed
427 5495 497 5551 trum
512 5496 613 5552 libello
629 5497 713 5552 haud
733 5501 789 5554 erit
818 5502 870 5557 cos
885 5518 918 5558 re
940 5510 1126 5573 proerriittere
1150 5512 1332 5578 praeturam
1347 5514 1384 5569 de
1410 5515 1492 5571 obitu
1517 5490 1648 5587 ejusdem
1676 5520 1811 5591 Hugorni

108 5557 160 5685 gru
160 5567 265 5707 vegam
237 5564 392 5706 aarum?
397 5566 742 5718 &gwffio‘m
751 5585 795 5704 eEcD
796 5589 876 5705 1pars.
902 5576 1107 5636 Prutttocensr'
1129 5583 1271 5640 carmus.
1290 5583 1412 5654 (Exstat
1426 5589 1506 5645 inter
1532 5590 1752 5661 Protcgomeac
1776 5588 1811 5649 cd
1870 5592 1871 5600 ’
