3742 6082
74 198 130 257 235
574 199 628 255 ΒΕ
646 196 934 257 SAGRAMENTIS.
955 195 1064 256 LIBRI
1082 200 1096 257 I
1115 201 1216 262 PARS
1234 203 1285 262 1v.
1725 212 1780 273 Μ

157 324 231 381 Car.
243 324 395 382 XXXVII.
407 329 450 381 De
462 342 520 383 see
535 331 639 383 modis
655 331 823 398 operareris.
912 321 939 377 A
953 327 1153 384 consistentia
1165 344 1234 400 quae
1254 345 1352 386 unum
1366 331 1491 402 quidem
1503 346 1569 411 esse
1584 333 1710 404 habent3
1727 336 1781 393 sed

958 429 994 470 ex
1010 432 1072 472 uno
1087 432 1148 473 non
1163 417 1279 475 habent
1306 419 1380 490 quia
1408 425 1550 477 constant
1576 422 1779 494 expluribus.

114 502 193 557 Sane
208 518 262 558 sex
273 506 346 558 sunt
360 519 452 575 opera
461 505 575 576 quibus
586 507 767 578 ornniaquae
776 505 856 560 fiunt
866 504 904 559 ad
958 503 1028 559 Alia
1039 506 1190 561 unitatem
1205 521 1293 562 suam
1305 522 1344 562 ex
1357 523 1419 563 uno
1433 508 1595 578 habent,et
1608 510 1641 565 in
1655 526 1718 566 uno
1728 511 1782 567 ha·

79 591 220 648 effectum
235 592 453 664 perducuntur.
466 594 603 649 Primum
617 610 695 666 opus
705 598 752 649 est
761 595 797 650 de
808 593 904 649 nihilo
958 590 1043 660 heut3
1054 594 1232 664 quiaunum
1246 600 1275 651 θῖ
1284 595 1365 651 idern
1373 601 1419 652 θεῖ
1433 598 1536 669 ipsum
1546 613 1584 654 ex
1594 614 1657 669 quo
1669 601 1783 655 suntet

80 679 198 752 aliquid
206 681 490 737 iacere.Secuudum
500 698 577 754 opus
591 687 636 738 est
643 682 680 738 de
688 683 791 754 aliquo
802 682 906 752 aliqua
959 680 1061 750 ipsum
1076 682 1158 753 quod
1169 687 1252 752 sunt,
1268 683 1373 754 qualia
1387 689 1461 741 sunt
1475 686 1626 758 simplicia
1639 686 1744 743 omnia
1753 689 1784 742 θῖ

81 770 180 826 iacere
199 770 367 826 secundum
384 772 590 828 substantiam
606 776 636 827 et
657 771 858 843 quantilatem
874 771 905 825 in
960 782 998 822 ex
1023 770 1164 840 partibus
1192 787 1254 826 non
1278 773 1487 829 consistentia.
1499 774 1684 847 Compositis
1712 790 1784 846 ergo

81 861 192 932 majus.
206 859 344 916 Tertium
360 876 437 932 opus
453 864 499 915 est
513 860 550 916 de
562 860 718 933 aliquibus
731 860 848 932 aliquid
862 859 905 913 fa·
960 871 1058 912 unrun
1071 858 1305 928 esse‚aliudnon
1318 864 1365 916 est
1375 877 1468 933 quam
1483 863 1571 918 unita
1583 879 1659 930 esse3
1671 866 1701 920 at
1715 863 1783 920 ideo
1833 874 1843 887 ‘

82 964 147 1005 cere
176 948 345 1005 secundum
360 949 565 1004 substantiam
596 954 626 1005 et
650 950 855 1022 quantitatem
874 948 907 1003 in
961 960 1140 1002 versunum
1151 951 1784 1021 essenonest‚quiaexmultisatinmultis

81 1039 195 1093 minus.
206 1036 356 1102 Quartum
371 1052 449 1109 opus
461 1041 508 1092 est
520 1037 557 1093 de
569 1038 673 1110 aliquo
684 1037 788 1109 aliqua
797 1036 906 1103 iacere,
962 1037 1017 1088 θεῖ.
1030 1034 1147 1099 Quibus
1156 1037 1394 1109 autemsimplex
1405 1043 1525 1094 estesse
1533 1055 1603 1096 vere
1611 1056 1708 1097 unum
1719 1055 1784 1097 esse

82 1142 144 1182 non
155 1130 259 1181 tamen
271 1125 438 1181 secuudum
449 1125 655 1181 substantiam
663 1131 693 1181 et
703 1126 908 1197 quantitatem
963 1128 1019 1192 ast,
1030 1125 1104 1196 quia
1128 1141 1225 1180 uuum
1240 1130 1287 1181 est
1302 1130 1400 1181 totum
1416 1130 1446 1182 et
1467 1128 1549 1199 quod
1563 1133 1619 1197 est,
1631 1132 1661 1185 et
1673 1144 1710 1185 ex
1723 1143 1785 1200 quo

82 1216 113 1270 in
128 1215 243 1287 maJus.
253 1214 402 1279 Quintum
415 1230 492 1286 opus
510 1219 556 1270 est
569 1214 606 1269 de
621 1214 777 1286 aliquibus
791 1212 909 1285 aliquid
964 1215 1019 1267 cst.
1036 1212 1094 1268 Sed
1104 1229 1141 1268 er
1151 1213 1200 1269 his
1208 1229 1330 1269 rursum
1346 1230 1415 1286 qnae
1428 1230 1465 1270 ex
1479 1215 1674 1287 simplicitate
1688 1231 1785 1271 unum

82 1305 191 1372 lacere,
200 1319 261 1359 non
273 1308 373 1358 tamen
384 1303 550 1358 secundum
561 1302 767 1358 substantiam
777 1307 806 1358 at
816 1318 910 1374 quan·
964 1305 1047 1370 sunt,
1059 1301 1119 1356 alia
1133 1302 1284 1357 unitatem
1298 1319 1386 1358 suam
1401 1319 1437 1360 ex
1452 1302 1629 1359 multisnon
1639 1292 1787 1375 colliquut

83 1393 204 1446 litatem
215 1393 248 1447 in
263 1392 374 1446 minus.
387 1392 513 1446 Sextum
527 1407 604 1462 opus
612 1395 658 1446 θεῖ
669 1390 705 1445 do
716 1391 820 1462 aliquo
830 1390 909 1445 nihil
964 1389 1037 1459 quia
1052 1403 1114 1444 non
1129 1393 1203 1446 sunt
1217 1391 1395 1463 composita3
1412 1407 1466 1447 nec
1488 1393 1638 1448 unitatem
1652 1408 1740 1448 suam
1754 1393 1788 1447 in

84 1480 192 1536 iacere.
205 1480 251 1533 lix
265 1479 314 1534 his
329 1495 382 1534 sex
395 1480 538 1550 operibus
550 1483 684 1550 quatuor
695 1478 752 1534 soli
763 1478 827 1534 Deo
842 1493 910 1549 pos·
963 1477 1062 1532 multa
1076 1478 1248 1547 effundunt,
1264 1480 1338 1550 quia
1354 1479 1553 1551 multiplicari
1569 1495 1631 1536 non
1646 1484 1787 1552 possunt,

85 1567 188 1623 sibilia
203 1567 353 1635 sunt3duo
360 1568 477 1638 reliqua
490 1571 611 1622 tautum
623 1568 769 1622 creaturas
780 1565 909 1637 possibi·
964 1568 1280 1636 nequeesscmateria.
1290 1567 1401 1632 Quales
1407 1569 1654 1640 suntincorporei
1660 1568 1788 1640 spiritus

84 1655 164 1710 htati
180 1655 376 1709 conveniunt.
392 1655 435 1708 De
455 1654 551 1709 nihilo
571 1655 653 1709 enim
668 1653 783 1726 aliquid
798 1654 907 1722 iacere,
924 1656 949 1712 B
965 1654 1018 1724 qui
1033 1670 1131 1726 nequo
1146 1671 1184 1712 ex
1205 1657 1334 1710 materia
1349 1659 1432 1725 sunt,
1447 1657 1521 1728 quia
1535 1656 1689 1729 simplices
1703 1659 1786 1723 suut,

86 1748 113 1798 et
125 1742 163 1797 de
172 1742 277 1814 aliquo
289 1742 392 1814 aliqua
402 1743 499 1797 iacere
509 1743 541 1798 in
552 1743 663 1812 majus,
671 1747 700 1798 θῖ
708 1742 744 1796 ds
754 1741 910 1813 aliquibus
964 1757 1063 1813 neque
1088 1743 1216 1798 materia
1245 1757 1310 1799 esse
1338 1748 1478 1815 possunt,
1495 1745 1569 1817 quia
1587 1760 1714 1817 corpora
1726 1759 1788 1799 uon

86 1830 204 1901 aliquid
216 1830 248 1885 in
265 1831 367 1885 minus
383 1831 446 1884 sive
461 1831 497 1884 de
514 1831 617 1900 aliquo
632 1829 811 1899 nihil,solus
826 1829 909 1884 Deus
964 1836 1046 1886 sunt.
1058 1830 1128 1886 Alia
1141 1831 1423 1903 quidemunitatem
1435 1848 1522 1888 suam
1535 1832 1789 1889 simulexmultis

86 1922 195 1990 potest.
208 1917 278 1973 Duo
289 1918 415 1989 reliqua,
430 1917 462 1972 id
473 1922 519 1972 θεῖ
530 1916 566 1971 de
577 1917 680 1988 aliquo
691 1918 795 1988 aliqua
806 1933 867 1972 non
877 1918 910 1971 in
964 1934 1026 1973 non
1041 1918 1199 1988 colligunt,
1215 1920 1289 1990 quia
1315 1926 1388 1976 sunt
1415 1921 1567 1993 simplicia
1579 1938 1587 1991 3
1604 1922 1656 1977 sed
1684 1925 1789 1977 tamen

86 2008 198 2079 majus,
211 2008 290 2061 sicut
301 2022 370 2062 cum
385 2010 484 2061 totum
495 2007 526 2060 in
538 2009 641 2076 partes
651 2004 864 2073 dividitur‚vel
875 2003 910 2059 de
965 2007 1116 2061 unitatem
1138 2021 1225 2061 suam
1240 2007 1273 2061 in
1287 2008 1386 2063 mults
1400 2009 1572 2078 effundunt,
1588 2011 1662 2081 quia
1685 2009 1787 2065 multi·

87 2095 244 2166 aliquibus
264 2095 380 2166 aliquid
402 2095 513 2149 nonin
534 2094 637 2148 minus
653 2093 910 2164 quemadmodum
964 2092 1119 2165 plicantur
1139 2097 1169 2149 et
1193 2094 1272 2149 liunt
1293 2096 1431 2151 materia.
1443 2095 1552 2161 Qualia
1572 2101 1646 2153 sunt
1659 2111 1786 2168 corpora

87 2198 156 2238 cum
169 2187 275 2255 partes
286 2183 318 2237 in
333 2185 397 2238 toto
412 2182 572 2250 uniuntur,
589 2185 729 2237 creatura
744 2182 843 2237 iacere
856 2196 909 2253 po·
966 2181 1126 2254 simplicia,
1142 2198 1210 2253 quaa
1235 2186 1353 2239 atomos
1381 2183 1497 2253 dicunt3
1514 2201 1583 2256 quae
1607 2184 1732 2257 quidem
1752 2199 1790 2239 er

87 2274 156 2326 test.
169 2270 266 2343 Cujus
277 2286 353 2343 opus
365 2274 445 2325 recte
456 2273 615 2342 propterea
625 2269 703 2325 nihil
715 2284 780 2324 esse
788 2268 910 2337 dicitur,
965 2270 1095 2325 materia
1110 2285 1171 2325 non
1185 2275 1267 2339 sunt,
1278 2272 1352 2343 quia
1363 2271 1514 2345 simplicia
1526 2277 1609 2341 sunt3
1626 2273 1678 2329 sed
1687 2277 1790 2328 tamen

90 2361 161 2430 quia
176 2375 231 2433 per
243 2361 309 2431 ejus
322 2375 399 2430 opus
412 2358 552 2415 essentiis
560 2374 661 2413 rerum
676 2358 739 2413 sive
749 2358 914 2429 inconjun·
965 2358 1197 2427 materialium,
1213 2360 1287 2430 quia
1306 2360 1338 2415 iu
1354 2361 1526 2432 semetipsis
1546 2360 1791 2433 multiplicantur

89 2448 188 2518 gendo
203 2448 312 2517 divisa,
329 2449 393 2504 sive
416 2447 449 2502 in
477 2446 640 2502 dividendo
655 2447 818 2518 conjuncta
834 2446 912 2501 nihil
966 2447 1238 2516 etinaugmentum
1249 2448 1649 2520 excrescuntouandoergo
1660 2446 1790 2520 simplex

90 2535 208 2591 tollitur
218 2536 267 2591 vel
278 2535 441 2592 confertur.
455 2533 515 2591 Ubi
526 2538 629 2590 autem
639 2534 676 2590 de
688 2535 785 2590 nihilo
795 2534 912 2607 aliquid
966 2536 1096 2591 materia
1107 2536 1171 2591 sive
1186 2539 1308 2591 atomus
1320 2536 1450 2608 simplex
1463 2536 1563 2593 iactus
1575 2541 1631 2606 θεῖ,
1643 2536 1680 2593 de
1692 2534 1789 2593 nihilo

89 2624 122 2679 iit
132 2625 252 2698 aliquid
266 2625 301 2681 iit
309 2641 318 2693 3
333 2624 475 2696 quiahoc
488 2623 590 2695 ipsum
606 2623 724 2695 aliquid
732 2627 766 2678 ut
780 2624 819 2678 sit
834 2623 867 2676 in
879 2637 913 2676 eo
967 2623 1084 2694 aliquid
1098 2624 1277 2680 factumest.
1290 2623 1418 2689 Quando
1429 2640 1500 2681 vero
1511 2625 1646 2697 idipsum
1661 2623 1790 2696 simplex

90 2713 134 2784 tit,
144 2715 229 2787 quod
240 2715 299 2770 uisi
313 2713 398 2768 lieret
412 2712 546 2783 idipsum
562 2711 645 2783 quod
656 2716 712 2780 θεῖ,
724 2710 841 2783 aliquid
851 2724 913 2765 non
968 2725 1077 2783 corpus
1098 2713 1131 2767 in
1147 2712 1311 2784 semetipso
1336 2712 1559 2785 multiplicatur
1582 2717 1612 2769 et
1628 2711 1790 2784 multiplex

90 2807 179 2859 θεεθῖ.
193 2802 329 2861 Rursum
344 2816 413 2856 eum
425 2799 462 2855 de
479 2799 583 2871 aliquo
598 2799 669 2871 plus
681 2799 725 2868 fit,
737 2797 856 2869 aliquid
868 2797 913 2865 iit,
968 2794 1123 2870 excrescit,
1138 2801 1173 2856 fit
1196 2800 1313 2872 aliquid
1326 2801 1364 2856 de
1389 2801 1505 2874 aliquid
1529 2801 1562 2856 in
1576 2801 1686 2873 majus.
1703 2800 1791 2868 Quod

91 2893 163 2964 quia
179 2892 242 2947 nisi
256 2891 332 2946 ineo
342 2888 425 2961 quod
432 2889 496 2960 jam
507 2887 624 2958 aliquid
635 2891 681 2942 est
691 2886 809 2958 aliquid
821 2886 912 2941 tieret:
967 2888 1038 2943 licet
1052 2888 1191 2944 mirabile
1204 2889 1354 2959 videatur,
1365 2890 1466 2961 majus
1479 2894 1582 2946 tamen
1592 2893 1638 2945 est
1648 2889 1684 2946 de
1694 2889 1792 2946 nihilo

90 2981 192 3054 ipsum
203 2979 287 3051 quod
297 2976 478 3050 posteaplus
488 2975 532 3030 ibi
542 2977 667 3043 estnon
679 2978 769 3030 esset.
779 2974 913 3030 Rursum
935 2976 1086 3054 Caliquid
1101 2976 1198 3031 iacere
1214 2991 1307 3047 quam
1327 2975 1363 3031 de
1391 2977 1494 3049 aliquo
1516 2976 1587 3049 plus
1602 2976 1710 3034 iacere.
1727 2976 1793 3032 Hoc

91 3085 160 3125 cum
174 3067 213 3123 de
225 3066 383 3138 aliquibus
395 3063 512 3136 aliquid
526 3063 560 3118 fit
578 3063 652 3134 quia
666 3063 726 3118 nisi
743 3062 820 3117 illud
835 3059 917 3132 quod
971 3063 1060 3119 modo
1072 3063 1218 3135 operandi
1242 3062 1278 3118 de
1303 3064 1478 3121 substantia
1491 3067 1583 3121 costae
1594 3064 1628 3120 in
1642 3080 1675 3121 se
1688 3064 1795 3121 divina

90 3157 177 3229 prius
190 3155 235 3210 ibi
245 3154 316 3226 plus
326 3153 386 3208 luit
397 3151 514 3223 aliquid
525 3152 641 3206 iactum
652 3153 732 3206 θεεθῖ
741 3151 774 3205 iu
789 3164 824 3205 eo
835 3148 917 3220 quod
970 3152 1085 3207 virtute
1099 3152 1214 3224 absque
1230 3152 1401 3208 extrinseco
1416 3152 1632 3210 additameudo
1646 3152 1793 3225 multipli-

93 3246 198 3300 minus
212 3241 304 3299 modo
319 3243 375 3309 θεῖ,
390 3239 467 3295 illud
491 3239 615 3294 omnino
631 3253 692 3293 non
709 3240 797 3293 θεεθῖ.
812 3236 856 3291 De
871 3234 916 3289 ni·
972 3239 1684 3316 cata‚eorpusmulierisfactumest.Nequeenim
1691 3256 1796 3297 conve·

92 3333 153 3389 hilo
161 3329 281 3403 aliquid
290 3330 408 3385 iactum
418 3330 473 3397 θεῖ,
481 3326 644 3399 quandoid
652 3326 734 3398 quod
744 3325 830 3399 prius
840 3321 919 3379 nihil
972 3328 1019 3383 nit
1040 3331 1074 3384 ut
1098 3315 1214 3384 costar'n
1237 3328 1321 3384 illam
1346 3328 1535 3386 extrinsecus
1550 3312 1820 3386 additamentum‘

92 3417 325 3491 eretutaliquid
337 3417 538 3473 essetiactum
547 3420 603 3472 est.
612 3416 689 3472 Cum
698 3420 801 3471 autem
811 3417 918 3488 postea
971 3416 1121 3488 accepisse
1135 3416 1273 3472 dicamus
1285 3418 1438 3488 quatenus
1458 3418 1492 3473 in
1506 3433 1573 3473 eam
1589 3417 1793 3490 quantitatem

91 3510 121 3567 id
134 3508 217 3582 quod
232 3508 320 3581 prius
332 3521 461 3578 parvum
477 3505 592 3560 iactum
607 3509 673 3560 erat
686 3504 786 3575 majus
800 3504 918 3559 iactum
971 3508 1165 3574 excresceret,
1181 3521 1249 3577 quaa
1263 3505 1398 3577 corporis
1410 3491 1549 3562 mulieris
1563 3504 1725 3561 formando
1735 3503 1796 3560 sni·

93 3603 147 3666 est,
157 3597 197 3653 de
212 3596 317 3669 aliquo
341 3592 459 3665 aliquid
472 3593 506 3649 in
520 3593 620 3664 majus
642 3593 825 3648 factumest.
840 3591 917 3647 Curn
971 3591 1058 3648 ficere
1071 3591 1232 3665 potuisset3
1245 3592 1392 3663 quoniam
1408 3593 1434 3646 si
1448 3592 1505 3648 hoc
1517 3608 1624 3648 verum
1639 3595 1794 3660 esset,non

93 3701 163 3742 vero
178 3684 263 3757 quod
275 3698 422 3753 magnum
438 3682 553 3736 factum
566 3684 622 3751 est,
633 3681 737 3736 minus
752 3678 917 3751 aliquando
971 3679 1008 3735 de
1021 3685 1104 3736 costa
1119 3679 1253 3751 quidem,
1268 3678 1321 3734 sed
1333 3679 1370 3734 de
1389 3679 1442 3735 illo
1457 3679 1539 3750 quod
1553 3683 1664 3751 praetar
1675 3681 1793 3735 costam

93 3775 136 3842 nt,
143 3774 180 3829 do
190 3773 297 3844 aliquo
303 3769 459 3843 aliquidiu
467 3769 571 3824 minus
583 3770 627 3824 tit.
641 3768 779 3826 Primum
787 3771 833 3822 est
840 3782 918 3838 opus
972 3767 1110 3823 additum
1126 3764 1173 3821 est
1183 3765 1794 3838 (quodutiquemultomajusfuitlcorpus

94 3861 259 3917 creationis
263 3876 273 3928 3
288 3858 455 3914 secundum
470 3861 516 3912 θεῖ
530 3872 608 3929 opus
632 3855 917 3928 multiplicationis3
972 3856 1110 3912 mulieris
1120 3854 1548 3911 factumesseeonvenientius
1557 3854 1617 3911 dici
1627 3855 1792 3911 debuisset.

95 3951 219 4005 tertium
227 3951 275 4003 est
284 3962 361 4019 opus
370 3945 493 4000 unionis
502 3945 565 4000 sive
575 3943 810 4000 collectionis.ln
818 3943 918 4015 primo
971 3945 1038 4000 Hoc
1052 3942 1203 4014 siquidem
1217 3943 1250 3998 iu
1266 3943 1395 3999 materia
1416 3943 1517 4012 majus
1542 3947 1572 3997 et
1594 3942 1795 4015 principalius

96 4052 182 4109 opere
195 4037 232 4092 fit
245 4033 364 4106 aliquid
378 4038 408 4089 θῖ
423 4032 459 4089 de
470 4031 576 4087 nihilo.
590 4031 626 4087 Iu
641 4031 773 4087 secundo
786 4045 875 4105 opere
886 4030 919 4085 iit
973 4032 1082 4088 fuisset
1088 4030 1435 4103 etprincipalismateria
1447 4031 1550 4086 vocari
1557 4031 1795 4087 debuissetNon

97 4125 212 4199 aliquid
226 4129 258 4180 et
273 4124 311 4179 de
325 4123 428 4194 aliquo
437 4138 445 4191 3
467 4122 500 4175 in
524 4122 613 4176 tertio
637 4136 726 4193 opera
752 4120 787 4175 fit
802 4117 919 4190 aliquid
972 4121 1077 4191 itaque
1091 4123 1182 4174 costes
1197 4118 1242 4174 illi
1255 4117 1372 4189 aliquid
1382 4117 1571 4174 extrinsecus
1586 4122 1633 4174 est
1645 4119 1795 4188 additum,

98 4213 218 4285 quidem
241 4211 370 4266 sednon
390 4209 426 4264 de
450 4207 558 4278 nihilo,
580 4208 655 4279 quia
668 4207 751 4279 quod
774 4208 808 4262 tit
826 4205 920 4261 habet
973 4207 1026 4263 sed
1047 4207 1115 4278 ipsa
1129 4221 1167 4261 ex
1180 4206 1343 4276 semetipsa
1357 4205 1463 4260 divina
1484 4205 1598 4261 virtute
1617 4210 1798 4278 cooperante

97 4301 256 4357 materiam
271 4313 369 4370 neque
384 4296 420 4352 de
435 4295 538 4368 aliquo
548 4312 557 4364 3
583 4296 741 4366 quiscum
767 4295 801 4350 iit
815 4295 918 4366 ipsum
934 4335 962 4390 D
973 4293 1177 4366 multiplicata
1189 4296 1245 4361 est,
1261 4291 1518 4364 quemadmodum
1533 4296 1640 4364 postea
1654 4296 1797 4349 naturam

99 4388 188 4445 habet
199 4389 233 4444 in
244 4385 373 4443 materia
383 4385 525 4452 tonnam,
535 4382 587 4438 sed
597 4398 666 4438 eum
676 4382 737 4438 duo
751 4383 813 4438 sint
823 4395 919 4436 unum
973 4383 1143 4439 burnaham
1158 4380 1297 4453 oprimis
1311 4380 1493 4452 parentibus
1509 4380 1542 4435 in
1558 4380 1796 4452 subsequentem

90 4476 131 4532 ht
144 4476 230 4534 aliud
244 4480 276 4531 et
291 4475 402 4530 transit
416 4473 448 4527 in
460 4471 538 4527 illud
553 4474 588 4526 ut
602 4471 642 4526 sit
656 4470 744 4539 illud,
765 4473 795 4527 et
808 4468 922 4526 desinit
975 4470 1201 4542 generationem
1212 4469 1394 4525 seminatam
1403 4485 1421 4522 a
1430 4468 1549 4524 modico
1556 4468 1621 4540 jam
1631 4469 1665 4525 in
1676 4473 1800 4526 tanturn

101 4565 222 4636 quidem
237 4561 398 4634 essequod
412 4565 468 4629 est3
481 4565 511 4616 et
526 4563 627 4615 tamen
643 4574 704 4615 non
719 4559 831 4615 desinit
845 4571 921 4625 csse,
976 4557 1209 4630 multiplicatam
1217 4555 1693 4626 cernimus‚utmultahominum
1701 4557 1800 4614 millia

102 4654 172 4724 quis
179 4652 291 4724 incipit
298 4664 364 4705 esse
372 4647 454 4720 quod
460 4663 521 4703 non
529 4651 584 4703 θεῖ.
592 4646 707 4702 Etcum
715 4647 750 4702 iit
757 4646 834 4703 illud
840 4644 923 4717 quod
976 4661 1014 4701 ex
1028 4661 1064 4701 ea
1074 4647 1139 4718 jam
1153 4645 1321 4700 excrevisse
1334 4644 1504 4700 videamus.
1518 4644 1557 4700 Et
1572 4645 1629 4701 hoc
1645 4648 1744 4701 totum
1762 4647 1801 4703 ad

104 4755 165 4797 esse
175 4740 287 4813 incipit
299 4736 418 4809 aliquid
430 4737 475 4804 iit,
486 4734 644 4808 quiaillud
654 4734 771 4807 aliquid
781 4739 827 4790 est
841 4730 924 4806 quod
978 4733 1145 4790 secundum
1166 4749 1244 4804 opus
1262 4733 1395 4805 pertinet
1408 4731 1531 4804 quando
1545 4732 1582 4788 de
1597 4732 1700 4806 aliquo
1722 4734 1803 4791 tlunt

103 4843 164 4885 esee
177 4827 299 4900 incipit,
315 4828 346 4881 et
360 4823 442 4896 quod
454 4823 507 4892 iit3
528 4828 559 4878 et
572 4826 675 4879 tamen
702 4839 763 4879 uon
776 4822 813 4878 de
828 4822 924 4878 nihilo
978 4822 1082 4894 aliqua
1096 4821 1128 4876 in
1142 4820 1252 4892 majus.
1266 4821 1343 4876 Cum
1359 4822 1461 4876 autem
1476 4836 1529 4892 por
1543 4819 1752 4878 collectionem
1772 4826 1803 4879 θῖ

103 4916 175 4973 illud
186 4913 314 4989 litquod
323 4914 368 4982 fit,
376 4914 450 4985 quia
460 4912 703 4985 priusquamhoc
711 4913 796 4968 lieret
807 4911 925 4983 aliquid
977 4912 1122 4966 unionem
1142 4907 1241 4964 multa
1258 4908 1291 4964 in
1306 4907 1475 4980 simplicem
1489 4909 1654 4965 essentiam
1674 4911 1804 4991 redeuru

103 5004 169 5075 init,
179 5019 236 5060 nec
249 5016 375 5059 rursum
390 5000 427 5056 de
441 5001 545 5072 aliquo
565 5000 643 5056 illud
657 5001 693 5056 fit
706 5000 788 5073 quod
802 5000 837 5056 iit
851 5000 925 5072 quia
979 4997 1070 5068 (sicut
1083 4996 1169 5068 prius
1181 4995 1341 5051 crescendo
1349 4995 1696 5068 permultiplioationem
1707 5013 1726 5052 a
1736 4999 1805 5054 siru-

102 5091 211 5149 desinit
225 5088 389 5162 essequod
402 5089 489 5161 prius
512 5088 581 5157 fuit,
591 5088 714 5161 quando
739 5103 803 5143 θεεθ
816 5086 925 5159 incipit
978 5085 1050 5158 plici
1058 5083 1191 5139 essentia
1199 5083 1509 5154 plurimaexivorunt)
1526 5086 1649 5140 tertium
1660 5100 1737 5158 opus
1746 5091 1803 5154 est,

103 5178 243 5253 hocquod
249 5179 337 5252 prius
346 5174 711 5240 nonfuitouoddicimus
720 5191 775 5247 pro
786 5175 924 5248 exemplo
979 5172 1062 5245 quod
1076 5175 1180 5227 utrum
1194 5170 1227 5225 in
1242 5169 1360 5226 occulto
1375 5174 1495 5227 naturas
1506 5172 1577 5228 sinu
1589 5173 1670 5228 circa
1684 5173 1805 5245 aliquas

102 5267 132 5324 in
144 5268 250 5341 aliquo
263 5267 480 5339 exprimamus.
492 5265 589 5322 Omne
603 5265 685 5338 quod
700 5271 746 5321 est
770 5281 867 5320 unum
895 5268 925 5320 et
979 5259 1129 5317 essentias
1146 5258 1252 5314 diviua
1266 5258 1405 5331 potentia
1422 5263 1614 5331 operatur‚ut
1624 5259 1738 5316 scilicet
1751 5258 1804 5314 ali·

103 5370 188 5413 omne
202 5355 288 5429 quod
311 5370 408 5410 unum
432 5369 497 5409 esse
519 5354 631 5410 desinit
645 5354 678 5408 in
697 5353 754 5409 hoc
767 5353 835 5426 ipso
861 5368 926 5408 esse
980 5345 1805 5421 quaamulticiplitatesdsimplieitatsmreducatqnae

103 5445 192 5501 etiam
212 5442 329 5499 desinit
347 5441 430 5514 quod
445 5457 541 5497 unum
566 5456 631 5496 esse
655 5440 837 5497 desinitlta
862 5441 927 5496 sine
980 5433 1602 5508 priusasimplicitateadmultiplicitstem
1609 5432 1805 5505 produxerat,

103 5533 219 5588 unitate
231 5529 312 5587 nihil
323 5530 475 5585 sustinere
491 5533 600 5602 potest.
615 5528 728 5585 Verum
743 5544 782 5584 ex
795 5529 928 5600 hisquae
981 5525 1060 5580 sicut
1075 5524 1151 5580 scire
1166 5537 1228 5577 non
1241 5537 1417 5594 possumus,
1429 5522 1475 5577 ita
1497 5525 1590 5578 etism
1609 5521 1807 5592 pertinaciter

105 5623 214 5676 suntet
224 5634 323 5677 unum
339 5621 423 5686 sunt,
436 5616 497 5672 alia
507 5616 657 5673 unitatem
669 5631 757 5671 suam
772 5631 809 5670 ex
822 5614 928 5671 multis
981 5627 1092 5683 negare
1103 5626 1165 5667 non
1179 5610 1409 5667 debemus.Hoc
1419 5612 1541 5665 tantum
1551 5607 1806 5669 considerandum

105 5706 262 5779 redigunt,
277 5704 384 5780 qualia
406 5708 480 5761 sunt
502 5703 670 5776 composita
693 5707 723 5760 et
737 5702 928 5776 expertibus
982 5698 1120 5772 estquod
1131 5694 1572 5769 aliudopusestcumsimplcx
1583 5698 1814 5754 essentiam·
