3742 6082
71 150 125 208 775
388 151 567 212 HUGONIS
583 152 638 212 Du
654 152 685 210 S.
706 151 876 211 werona
895 151 979 210 OPP.
1000 152 1100 212 PARS
1119 153 1158 210 11.
1172 181 1208 197 -
1230 153 1472 213 DOGMATIGA.
1726 153 1778 211 tro

73 297 138 338 esse
162 284 192 338 et
215 283 407 350 mansuetus,
423 279 535 335 scuris
549 279 697 335 inanibus
712 283 742 334 et
754 277 892 350 volupta·
906 275 934 332 A
947 275 1025 332 mori
1040 280 1184 345 cerneret,
1199 275 1314 333 dixisse
1328 277 1424 332 fertur
1440 293 1446 331 ε
1464 291 1554 332 ‹sese
1570 275 1674 334 dolere
1694 278 1777 350 quod

72 374 139 426 tum
151 368 434 440 illecebrisprorsus
444 366 706 438 alienus,diligens
722 370 751 421 et
762 365 897 435 sedulus,
951 365 1145 436 egrederetur
1165 365 1202 421 de
1219 366 1285 421 vita
1306 365 1428 437 quando
1451 380 1555 438 sapere
1581 365 1734 437 coepisset.
1763 389 1773 415 ι

74 462 109 513 ut
137 458 177 513 ob
204 457 348 513 omnibus
375 456 505 511 libenter
533 454 645 524 discat,
675 469 834 526 nunquam
861 453 898 510 de
952 452 1040 509 Plato
1051 455 1205 524 octoginta
1219 455 1312 509 unius
1326 469 1477 509 annorum
1488 453 1623 510 scribens
1637 457 1780 510 mortuus

74 544 202 602 scientia
217 560 273 599 sua
286 545 463 615 praesumat,
476 543 611 614 perversi
624 542 777 614 dogmatis
800 545 900 598 aucto·
953 544 1008 596 est.
1025 540 1163 597 Socrates
1178 542 1347 612 nonaginta
1360 557 1470 597 novem
1483 557 1581 597 annos
1596 541 1628 597 in
1654 541 1783 598 docendi

75 647 123 688 res
138 632 227 704 quasi
242 646 359 687 venena
382 629 493 700 fugiat,
509 630 562 686 diu
577 647 640 686 rem
654 634 837 702 pertrectare
850 645 900 684 an·
954 629 1167 700 scribendique
1179 628 1342 701 doloreque
1363 629 1467 685 labore
1495 629 1669 701 complevit.
1684 631 1783 687 Taceo

76 724 200 793 tequam
212 719 327 791 judicet
342 717 450 788 discat,
467 734 528 774 non
541 719 637 773 videri
653 718 770 785 doctus,
788 717 840 772 sed
856 733 901 772 es·
954 720 1078 772 caeteros
1092 717 1301 789 philosophos,
1318 719 1537 790 Pythagoram,
1560 718 1782 788 Democritum,

77 824 109 864 se
120 808 218 863 discat
230 805 278 861 vel
293 808 420 876 quaerat,
447 805 528 860 dicta
547 806 732 877 sapientium
747 804 901 860 intellecta
954 804 1166 872 Xenocratem,
1183 806 1344 874 Zenonem,
1359 809 1390 862 et
1403 805 1551 874 Eleatem,
1564 807 1621 877 qui
1636 807 1704 876 jam
1712 809 1782 862 aeta-

78 896 195 966 diligat,
222 898 252 950 et
279 909 315 949 ea
334 908 452 965 semper
471 909 571 949 coram
588 894 683 949 oculis
696 895 786 966 quasi
801 909 902 966 specu·
955 895 985 947 te
997 891 1134 962 longeva
1147 893 1179 948 in
1195 894 1352 965 sapientiae
1368 893 1480 948 studiis
1494 893 1674 949 floruerunt.

78 984 143 1041 lum
157 983 263 1040 vultus
279 983 328 1038 sui
340 985 441 1037 tenere
455 981 586 1037 studeat.
602 982 641 1037 Et
656 983 682 1038 si
695 998 757 1053 qua
768 982 903 1038 forteoh
990 979 1038 1035 Ad
1053 985 1158 1053 poetas
1172 982 1262 1037 venio
1283 981 1462 1051 Homerum,
1482 982 1662 1050 Hesiodum,
1685 981 1783 1039 Simo-

80 1072 216 1130 scuriora
230 1070 417 1127 intellectum
431 1069 497 1141 ejus
509 1085 571 1125 non
582 1070 837 1140 admiserint,ncn
846 1074 903 1126 sta·
956 1068 1069 1139 nidem,
1082 1069 1303 1140 Tersilochum,
1317 1070 1370 1142 qui
1381 1069 1512 1141 grandes
1537 1073 1614 1126 natu
1626 1083 1784 1142 cycnaeum

79 1162 136 1219 tim
156 1162 190 1216 in
212 1159 399 1230 vituperium
419 1162 607 1231 prorumpat,
624 1163 659 1214 ut
687 1159 766 1214 nihil
785 1160 902 1214 bonum
956 1158 1058 1213 nescio
1074 1157 1149 1230 quid
1163 1161 1193 1214 et
1207 1158 1298 1214 solito
1309 1158 1429 1214 dulcius
1444 1158 1546 1214 vicina
1560 1161 1659 1214 morte
1675 1159 1785 1215 cecina·

79 1264 145 1306 esse
159 1246 260 1304 credat
273 1248 334 1303 nisi
348 1246 430 1319 quod
444 1247 509 1318 ipse
521 1246 691 1317 intelligere
704 1246 815 1320 potuit.
830 1247 903 1303 Haec
957 1250 1039 1302 runt.
1053 1246 1217 1319 Sophocles
1232 1263 1300 1303 cum
1316 1251 1385 1319 post
1397 1247 1525 1302 nimiam
1541 1249 1742 1316 senectutem,
1757 1251 1785 1303 et

78 1341 126 1394 est
135 1335 295 1393 humilitas
309 1335 478 1408 disciplinae
492 1335 670 1406 legentium.
958 1335 1001 1390 rei
1027 1335 1189 1391 familiaris
1214 1336 1430 1408 negligentiam
1457 1350 1475 1389 a
1502 1334 1567 1391 suis
1589 1337 1786 1390 accusaretur

219 1423 293 1481 Gna.
309 1422 374 1479 XV.
396 1427 439 1479 De
453 1426 564 1479 stadio
577 1425 758 1493 quarendi.
958 1423 1099 1479 amentiae
1112 1440 1122 1492 3
1138 1424 1266 1496 Oedippi
1278 1423 1415 1479 fabulam
1429 1439 1522 1496 quam
1546 1437 1646 1496 nuper
1658 1424 1785 1495 scripse·

113 1512 256 1571 Studium
277 1512 433 1584 quaerendi
461 1512 500 1568 ad
520 1512 699 1568 exercitium
713 1512 919 1584 pertinet,·in·
958 1515 1016 1582 rat,
1030 1513 1170 1568 recitavit
1181 1511 1288 1584 judici,
1305 1517 1334 1568 et
1348 1516 1469 1568 tantum
1484 1511 1645 1584 sapientire
1664 1512 1698 1567 in
1712 1515 1784 1568 aeta·

77 1616 139 1675 quo
153 1601 365 1657 exhortatione
379 1600 478 1671 magis
493 1615 585 1671 quam
601 1599 741 1655 doctrina
753 1599 848 1656 lector
861 1600 904 1654 in·
919 1595 944 1651 B
960 1604 988 1656 te
1000 1601 1065 1672 jam
1078 1600 1175 1656 fracta
1190 1601 1342 1674 specimen
1357 1600 1450 1670 dedit,
1471 1604 1506 1656 ut
1521 1601 1717 1656 severitatem
1733 1600 1784 1655 tri·

78 1689 170 1760 diget.
185 1688 244 1753 Qui
254 1689 336 1743 enim
344 1687 505 1759 diligenter
516 1688 665 1761 inspicere
680 1687 900 1759 voluerit,quid
958 1687 1121 1743 bunalium
1148 1689 1182 1743 in
1207 1689 1344 1745 favorem
1370 1689 1482 1744 theatri
1508 1692 1709 1744 converteret.
1724 1688 1786 1744 Nec

80 1776 201 1848 antiqui
228 1780 351 1848 propter
375 1791 509 1832 amorem
535 1777 692 1849 sapientia
710 1776 902 1848 pertulerint,
959 1777 1071 1833 mirum
1085 1793 1155 1833 cum
1170 1779 1262 1833 etiam
1277 1778 1352 1835 Cato
1374 1779 1530 1835 censorius
1541 1781 1571 1834 et
1591 1778 1725 1835 Romani
1739 1793 1786 1850 ge-

81 1881 174 1939 quam
199 1865 397 1921 memoranda
422 1865 553 1937 posteris
583 1865 709 1920 virtutis
732 1881 796 1920 ause
811 1865 906 1922 moni·
959 1866 1041 1921 neris
1055 1866 1279 1922 disertissimus
1290 1868 1355 1939 jam
1371 1866 1787 1937 senexgraecaslitterasdis·

81 1959 185 2012 menta
203 1955 391 2027 reliquerint,
415 1954 585 2026 quamlibet
599 1970 687 2009 suam
713 1954 903 2026 diligentiam
959 1969 1034 2021 cere,
1057 1969 1112 2009 nec
1128 1954 1294 2022 erubuerit,
1306 1970 1361 2010 nec
1382 1954 1597 2026 desperaverit.
1613 1954 1703 2012 Certe
1728 1955 1786 2010 Ho-

22 2035 24 2038 ’
79 2043 255 2101 inferiorem
278 2058 342 2099 esse
363 2043 488 2099 videbit.
517 2043 578 2099 Alii
605 2043 799 2099 calcaverunt
814 2044 906 2100 hono·
959 2057 1061 2099 merus
1075 2042 1167 2097 refert
1182 2042 1312 2114 quodde
1338 2042 1445 2113 hugus
1468 2042 1681 2115 Nestorisjam
1693 2043 1788 2100 vetuli

80 2131 194 2202 res,alii
209 2131 401 2203 projecerunt
414 2130 549 2200 divitias,
565 2131 617 2186 alii
632 2132 763 2203 acceptis
781 2132 905 2203 injuriis
960 2132 989 2185 et
1004 2144 1080 2201 pene
1095 2129 1240 2203 decrepiti
1253 2129 1370 2186 dulcior
1384 2131 1481 2185 oratio
1494 2130 1628 2185 fluxerit.
1644 2131 1790 2187 Animad-

80 2218 320 2290 gaudehant,alii
330 2234 434 2291 paenas
444 2219 692 2291 spreverunt,alii
704 2221 906 2276 contubernia
960 2220 1043 2274 verte
1056 2219 1310 2290 igiturquantum
1325 2219 1496 2274 amaverint
1511 2219 1788 2290 sapientiam,quos

80 2307 242 2363 hominum
261 2307 433 2362 deserentes
455 2310 484 2362 et
506 2307 632 2363 intimos
653 2323 790 2363 recessus
809 2310 839 2364 et
860 2324 904 2365 se·
960 2322 1015 2361 nec
1029 2306 1182 2378 decrepita
1197 2310 1272 2363 aetas
1285 2307 1323 2361 ab
1336 2307 1403 2379 ejus
1416 2306 1618 2378 inquisitione
1631 2323 1785 2366 revocare.

81 2398 163 2450 creta
177 2394 270 2450 eremi
288 2397 492 2465 penetrantes,
508 2394 565 2449 soli
580 2409 611 2450 se
630 2394 833 2468 philosophiae
855 2397 904 2452 de·
960 2394 1021 2450 Iste
1034 2394 1131 2465 igitur
1143 2398 1249 2450 tantus
1262 2410 1348 2450 amor
1362 2395 1531 2467 sapientise,
1549 2398 1638 2450 tanta
1661 2396 1695 2450 in
1711 2398 1788 2452 seni-

82 2481 271 2550 dicaverunt,
291 2483 380 2537 uteo
401 2481 651 2553 contemplationi
666 2487 811 2540 vacarent
831 2484 905 2541 libe·
960 2482 1370 2555 husahundantiacongrue
1389 2484 1535 2540 etiamen
1558 2484 1658 2555 ipsius
1683 2500 1790 2560 supra·

82 2571 158 2641 rius,
184 2568 267 2641 quod
294 2568 389 2625 nullis
413 2584 482 2641 quae
515 2570 641 2626 virtutis
672 2572 730 2628 iter
759 2572 907 2644 impedire
960 2569 1034 2625 dicti
1046 2570 1181 2626 nominis
1190 2571 1442 2644 interpretatione
1454 2571 1617 2643 colligitur.
1635 2572 1789 2646 Interpre-

84 2658 183 2715 sclent
206 2657 437 2731 cupiditatibus,
455 2658 594 2714 animum
613 2659 822 2731 subjecissent.
839 2661 907 2716 Par·
961 2662 1046 2714 tatur
1071 2660 1152 2714 enim
1180 2659 1297 2731 Abisag
1319 2666 1416 2730 pater
1430 2676 1521 2716 meus
1540 2661 1730 2730 superfluus
1744 2662 1792 2719 vel

84 2746 221 2803 menides
249 2745 451 2819 philosophus
475 2745 648 2818 quindecim
673 2749 764 2803 annis
793 2749 826 2804 in
856 2765 907 2805 ru·
957 2749 1148 2817 patriciaci
1176 2751 1331 2819 rupitne,
1358 2764 1472 2820 exquo
1496 2748 1670 2805 ostenditur
1693 2750 1790 2807 abun-

85 2850 123 2908 pe
145 2835 291 2908 AEgyptia
311 2833 483 2890 consedisse
506 2834 628 2906 legitur.
654 2836 693 2891 Et
708 2835 908 2894 Prometheus
963 2835 1191 2905 dantissimum,
1205 2840 1235 2892 et
1250 2836 1333 2892 ultra
1347 2836 1515 2893 humanam
1531 2838 1679 2894 vocemin
1694 2840 1790 2895 sensi·

86 2927 125 2983 oh
151 2924 346 2981 immodicam
360 2923 529 2979 meditandi
543 2938 648 2980 curam
660 2925 694 2980 in
710 2931 814 2982 monte
830 2929 944 2992 Gau-G
961 2924 1021 2980 bus
1040 2924 1136 2980 divini
1147 2925 1297 2981 sermonis
1312 2927 1485 2982 tonitruum
1497 2928 1690 2983 commorari.
1716 2929 1789 2984 Ver·

87 3029 156 3070 caso
177 3012 293 3070 vulturi
317 3012 474 3085 expositus
495 3016 691 3068 memoratur.
721 3013 799 3078 Quia
829 3021 910 3076 enim
964 3014 1038 3068 hum
1053 3029 1186 3086 namque
1209 3015 1398 3086 superfluum
1412 3015 1445 3070 in
1460 3014 1518 3070 hoc
1540 3013 1606 3071 loco
1624 3014 1790 3087 plenitudi-

88 3102 224 3158 sciehant
246 3116 353 3156 verum
372 3101 488 3156 bonum
509 3117 570 3156 non
591 3101 624 3156 in
646 3103 911 3165 aestimationeho
965 3117 1034 3158 nem
1050 3118 1112 3158 non
1134 3102 1369 3159 redundantiam
1396 3103 1556 3173 significat.
1586 3104 1681 3160 Porro
1694 3104 1791 3161 Suna-

86 3192 206 3246 minum
225 3189 278 3244 sed
301 3190 334 3244 in
356 3204 435 3261 pura
457 3189 644 3245 conscientia
666 3206 733 3247 esse
757 3195 912 3253 aharondi-
965 3192 1049 3246 mitis
1063 3191 1096 3246 in
1111 3190 1218 3261 lingua
1231 3196 1336 3248 nostra
1351 3193 1490 3248 coccinea
1505 3192 1627 3262 dicitur,
1645 3193 1728 3266 quod
1744 3209 1791 3250 sa·

88 3281 154 3334 tum
167 3293 177 3347 ;
193 3280 223 3332 et
234 3292 285 3332 eos
296 3277 360 3347 jam
373 3291 435 3331 non
449 3276 589 3331 homines
603 3292 679 3348 esse,
691 3281 745 3351 qui
760 3283 852 3338 rebus
864 3300 911 3357 pe
966 3280 1006 3335 tis
1020 3280 1236 3336 convenienter
1261 3280 1412 3336 fervorem
1434 3280 1593 3354 sapientise
1618 3281 1793 3353 significare

86 3366 193 3422 rituris
216 3364 400 3420 inhaerentes
422 3364 538 3419 bonum
560 3379 651 3420 suum
681 3382 743 3423 non
771 3386 912 3441 agnosce·
966 3371 1075 3439 potest.

87 3457 166 3522 rent,
176 3453 244 3508 ideo
254 3454 405 3523 quantum
417 3455 518 3507 mente
533 3455 563 3507 et
577 3452 781 3524 intelligentia
794 3474 813 3512 a
824 3465 910 3516 caete-
1002 3455 1075 3511 Car.
1090 3454 1171 3511 XVI.
1190 3457 1233 3510 De
1255 3461 1400 3525 quatuor
1413 3460 1553 3528 reliquis
1572 3461 1757 3528 praeceptis.

89 3543 132 3599 ris
145 3541 311 3611 differrent,
324 3541 393 3613 ipsa
414 3541 550 3597 locorum
571 3541 915 3603 distantiademonstra·
1002 3542 1215 3615 Quetucrquae
1229 3548 1402 3616 sequuntur
1415 3545 1459 3602 sic
1473 3544 1648 3602 alternatim
1663 3546 1794 3619 disposi-

89 3632 175 3700 bsnt‚
191 3645 229 3686 ne
247 3646 310 3687 uns
326 3633 441 3687 teneret
455 3630 617 3700 hahitatio,
637 3647 715 3704 quos
730 3650 793 3691 non
808 3637 913 3694 eadam
968 3637 1001 3688 ta
1010 3635 1092 3702 sunt,
1107 3635 1143 3688 ut
1154 3632 1283 3689 alterum
1296 3649 1415 3706 semper
1428 3634 1466 3690 ad
1491 3633 1699 3706 disciplinam,
1717 3636 1791 3693 alte·

91 3721 379 3778 sociabatintentio.
395 3719 525 3786 Quidam
538 3719 720 3793 philosopho
735 3725 856 3781 cuidam
871 3743 916 3784 re·
968 3736 1037 3777 rum
1052 3720 1091 3776 ud
1104 3722 1282 3778 exercitium
1296 3726 1420 3795 spectet.
1463 3756 1467 3763 ·

91 3810 320 3868 ferebatdicens
336 3825 342 3864 ε
358 3830 369 3858 ι
385 3807 535 3881 Nunquid
550 3825 611 3865 non
620 3810 708 3867 vides
728 3813 810 3884 quod
825 3818 854 3871 te
869 3817 915 3873 da
1187 3811 1261 3866 Gne.
1283 3810 1378 3866 XVll.
1398 3814 1442 3867 De
1454 3812 1570 3880 quiete.

92 3901 193 3965 rident
206 3899 354 3955 homines.
368 3918 382 3948 ι
395 3899 434 3953 Et
446 3898 516 3953 ille:
534 3899 617 3969 ‹Ipsi
627 3914 685 3968 me,
700 3923 710 3950 ι
727 3903 856 3974 inquit„
869 3907 916 3961 de.
1004 3899 1081 3955 Vitae
1094 3900 1191 3971 quies,
1206 3900 1270 3956 sive
1291 3899 1429 3969 interior,
1452 3903 1487 3955 ut
1500 3914 1586 3955 mens
1600 3904 1655 3971 per
1682 3900 1793 3957 illicita

94 3988 204 4055 rident,
219 3988 249 4041 et
263 4001 314 4041 eos
329 3985 418 4039 asini.
438 4006 449 4033 »
466 3985 573 4056 Cogita
588 3987 614 4041 si
629 3992 716 4058 potes
731 3994 840 4060 quanti
858 4010 913 4050 aes·
969 3987 1120 4043 desideria
1134 4003 1196 4043 non
1208 3987 1360 4043 discurrat
1374 4003 1383 4056 3
1400 3988 1464 4042 sive
1477 3988 1619 4056 exterior,
1635 3991 1669 4043 ut
1693 3989 1796 4046 otium

93 4073 248 4133 rimaverit
260 4072 380 4128 laudari
390 4073 429 4127 ab
444 4073 488 4128 eis
502 4089 520 4127 a
535 4074 648 4144 quibus
668 4092 722 4131 nec
744 4079 913 4157 vitupepari
969 4079 999 4131 et
1013 4077 1227 4149 opportunitas
1247 4077 1386 4132 honestis
1400 4079 1429 4131 et
1443 4075 1573 4131 utilibus
1588 4075 1698 4131 studiis
1722 4093 1796 4150 sup·

94 4165 207 4222 timuit.
223 4164 268 4219 De
280 4163 340 4219 alio
355 4178 475 4218 rursum
493 4162 615 4233 legitur,
630 4165 712 4235 quod
728 4171 797 4238 post
811 4172 915 4226 omnia
969 4167 1053 4236 petat
1064 4181 1072 4233 ;
1084 4167 1216 4236 utraque
1230 4164 1269 4220 ad
1279 4165 1473 4237 disciplinam
1488 4165 1632 4237 pertinet.

93 4253 323 4327 disciplinarum
339 4252 440 4308 studia
454 4256 484 4309 et
499 4253 612 4308 artium
627 4256 769 4310 acumina
784 4258 822 4313 ad
836 4275 913 4332 opus
928 4272 957 4330 D
1145 4255 1218 4311 Car».
1239 4253 1350 4311 XVIII.
1376 4258 1419 4311 Dc
1443 4257 1614 4310 scrutinio.

93 4342 180 4414 figuli
193 4342 381 4399 descenderit
395 4344 425 4396 et
451 4341 577 4397 alterius
591 4343 749 4414 cujusdam
774 4346 916 4420 discipuli
1005 4342 1192 4398 Scrutinium
1207 4345 1320 4411 autern,
1335 4341 1367 4396 id
1392 4346 1439 4397 est
1459 4342 1618 4398 meditatio
1632 4359 1641 4411 ;
1655 4343 1695 4399 ad
1710 4358 1794 4402 exer·

94 4448 163 4487 cum
190 4432 335 4487 laudibus
357 4430 539 4500 magistrum
561 4445 652 4485 suum
670 4432 822 4504 efferrent,
837 4437 917 4494 inter
971 4431 1088 4499 citium,
1104 4432 1229 4501 spectat.
1254 4431 1382 4487 Videtur
1406 4434 1508 4486 autern
1539 4431 1723 4488 scrutinium
1739 4436 1798 4491 sub

96 4525 214 4589 cetera,
253 4534 308 4574 nec
324 4518 447 4573 sutoria
462 4518 572 4588 peritia
595 4533 665 4574 enm
684 4535 785 4578 carere
797 4523 919 4594 gloriati
971 4521 1073 4576 studio
1091 4520 1248 4592 quarendi
1269 4521 1426 4576 contineri.
1450 4520 1537 4586 Quod
1564 4522 1590 4576 si
1616 4537 1722 4577 verum
1749 4529 1796 4580 est

97 4612 178 4664 sunt.
193 4607 281 4662 Hanc
296 4605 392 4676 igitur
405 4604 595 4676 diligentiam
611 4608 643 4662 in
663 4612 777 4667 nostris
805 4613 919 4671 lectori·
972 4611 1124 4684 superfluo
1138 4613 1295 4683 repetitur,
1320 4628 1388 4667 cum
1403 4613 1436 4668 in
1459 4613 1607 4684 superiori
1630 4617 1718 4685 parte
1742 4631 1796 4672 an·

98 4699 155 4753 bus
169 4711 235 4751 esse
259 4694 379 4762 vellem,
408 4696 443 4748 ut
469 4709 630 4766 nunquam
644 4696 734 4754 ineis
750 4707 919 4760 senesceret
971 4703 1166 4755 numeratum
1182 4700 1231 4755 sit.
1247 4699 1305 4755 Sed
1320 4700 1477 4756 sciendum
1493 4705 1539 4756 est
1551 4700 1799 4761 hancinterhaec

98 4784 257 4856 sapientia.
278 4782 350 4839 Sola-
363 4781 479 4855 Abisag
504 4782 672 4841 Sunamitis
688 4803 789 4844 senem
818 4791 918 4847 David
973 4788 1032 4844 duc
1054 4804 1119 4844 esse
1136 4789 1349 4858 differentiam,
1374 4788 1456 4852 quod
1480 4790 1617 4844 studium
1640 4793 1799 4860 quaerendi

98 4873 232 4930 calefecit
245 4872 310 4942 (ΙΙΙ
322 4874 393 4941 Reg.
405 4871 440 4941 1),
454 4872 528 4942 quia
544 4888 630 4929 amor
653 4876 811 4947 sapientia
826 4880 918 4934 etiam
971 4877 1153 4932 instantiam
1170 4877 1322 4947 significat
1335 4878 1447 4949 operis,
1463 4878 1647 4932 scrutinium
1665 4893 1740 4934 vero
1755 4880 1799 4936 di-

98 4964 301 5018 marcescente
321 4974 445 5031 corpore
460 4959 634 5018 dilectorem
657 4965 705 5019 sui
719 4981 780 5020 non
796 4966 916 5024 deserit.
971 4965 1130 5036 ligantiam
1155 4966 1372 5021 meditationis.
1398 4967 1482 5038 Opus
1498 4969 1649 5037 peragunt
1668 4967 1759 5026 labor
1771 4973 1800 5026 et

97 5053 209 5109 Omnes
223 5064 300 5122 pene
314 5049 444 5104 virtutes
458 5052 592 5122 corporis
607 5057 769 5108 mutantur
791 5055 824 5110 in
840 5057 918 5112 seni·
973 5069 1068 5122 amor,
1084 5053 1244 5108 consilium
1256 5054 1382 5126 pariunt
1392 5070 1465 5110 cura
1475 5058 1505 5109 et
1516 5055 1632 5125 vigilia.
1647 5055 1683 5110 ln
1694 5056 1799 5112 labore

97 5141 165 5209 bus,
181 5142 211 5194 et
222 5140 374 5198 crescente
388 5137 452 5194 sola
463 5140 615 5211 supientia
640 5141 816 5198 decrescunt
831 5148 916 5200 caete·
973 5145 1063 5198 estut
1077 5157 1150 5211 agas
1165 5156 1173 5209 ;
1189 5142 1222 5196 in
1245 5157 1348 5197 amore
1372 5146 1407 5197 ut
1427 5141 1565 5214 perficias
1580 5159 1588 5210 3
1604 5143 1637 5197 in
1652 5159 1727 5199 cura
1742 5148 1799 5215 est,

26 5256 29 5260 ·
97 5245 140 5286 ra.
164 5229 308 5284 Senectus
324 5227 405 5282 enirn
433 5226 555 5283 illorurn
588 5229 641 5299 qui
673 5229 919 5287 adolescientiam
973 5236 1009 5286 ut
1022 5231 1205 5302 provideas,
1228 5232 1260 5286 in
1274 5231 1391 5301 vigilia,
1421 5235 1455 5286 ut
1479 5232 1629 5287 attendas.
1652 5233 1708 5290 Isti
1727 5239 1801 5292 sunt

97 5334 185 5374 auam
200 5317 337 5372 honestis
350 5316 468 5371 artibus
484 5314 540 5388 [al.
558 5315 688 5387 actibus]
704 5317 918 5388 instruxerint,
974 5322 1106 5390 quatuor
1114 5319 1288 5391 pedissequi
1300 5320 1354 5391 qui
1369 5323 1493 5392 portant
1508 5319 1645 5376 lecticam
1669 5323 1799 5393 philolo·

98 5411 186 5462 aetate
197 5406 232 5460 fit
246 5404 372 5473 doctior,
386 5419 444 5459 usu
469 5403 579 5472 tritior,
603 5419 745 5475 processu
774 5408 920 5477 temporis
974 5408 1040 5478 gisa,
1056 5408 1130 5479 quia
1143 5412 1275 5464 mentem
1296 5411 1446 5477 exercent,
1463 5409 1512 5464 cui
1528 5409 1679 5480 sapientia
1694 5414 1800 5483 praesi-

99 5495 450 5566 sapientior,atveterum
462 5491 633 5546 studiorum
642 5491 835 5548 dulcissimos
845 5495 922 5551 fruc·
973 5497 1033 5553 det.
1051 5498 1199 5554 Cathcdra
1214 5497 1327 5570 quippe
1335 5498 1509 5569 philologiae
1525 5498 1610 5554 sedes
1624 5503 1671 5554 est
1684 5503 1801 5574 sapien·

100 5582 260 5636 tuametit.
280 5581 366 5636 Unde
381 5585 411 5635 et
434 5579 555 5650 sapiens
570 5578 621 5633 ille
636 5580 683 5634 vir
697 5579 820 5637 Graeciae
843 5583 919 5640 The·
974 5586 1035 5655 tiae,
1050 5602 1118 5657 quse
1133 5586 1182 5641 his
1194 5586 1363 5657 suppositis
1384 5587 1497 5655 gestari
1513 5587 1634 5656 dicitur,
1650 5591 1800 5660 quoniam

100 5668 253 5725 mistoclcs
271 5684 340 5726 curn
364 5668 487 5740 repletis
508 5669 626 5724 centem
652 5673 768 5741 septem
784 5672 875 5729 annis
889 5689 921 5730 se
974 5673 1068 5729 inhis
1091 5689 1123 5729 se
1146 5673 1311 5731 exercendo
1337 5678 1544 5745 promovetur.
1572 5675 1659 5733 Unde
1671 5678 1800 5750 pulchra
