3742 6082
57 150 112 213 sss
615 160 793 219 arrosmo
812 164 847 219 ru
865 158 945 221 nnc.
968 164 995 222 s.
1016 125 1213 228 imaum.
1715 182 1771 251 ess

58 283 179 338 (soumis
188 288 236 349 ,et
247 285 342 339 uiuri
352 286 491 360 seruiens,
504 287 611 344 utteris
620 288 891 347 otluttoaesusten-
905 293 928 346 A
945 289 1019 347 dum
1034 293 1171 367 estquod
1187 290 1274 351 multi
1286 304 1412 371 corpore
1426 298 1570 373 indigent
1581 316 1642 362 non
1655 307 1769 367 anino.

59 378 126 428 tur:
140 371 251 428 tuberis
266 375 375 430 uictum
392 381 419 431 ct
435 378 583 447 uestitum,
601 377 646 434 tis
659 386 813 436 contentus
828 395 888 437 ero.
946 381 1003 437 Sed
1018 382 1069 455 qui
1092 384 1269 457 semetipsos
1291 386 1444 459 abnegant
1466 395 1588 465 propter
1609 394 1769 468 Christum,

59 495 95 502 —
107 463 196 519 Beati
209 465 286 518 euim
301 480 451 535 pauperes
469 469 588 537 spiritu,
603 471 743 541 puoru’am
758 472 889 540 ipsorum
944 471 1036 526 animi
1051 472 1156 530 virtute
1171 473 1269 547 ipsam
1292 482 1437 549 superant
1449 484 1598 539 naturam.
1614 483 1666 540 noi
1683 498 1770 543 nam·

58 559 102 609 est
118 567 244 623 reguum
267 554 410 610 cetorum
428 557 548 625 (inutili.
564 560 604 628 v).
622 560 655 614 Et
669 561 741 631 quia
753 559 889 632 quandlu
943 574 1001 632 que
1026 559 1230 637 dilectioque
1255 563 1338 621 tortis
1361 570 1405 623 est
1429 571 1461 624 ut
1485 584 1579 639 mors,
1594 573 1770 633 nouaclum

57 642 106 697 hic
122 641 261 707 sivimus,
276 644 425 715 corporali
438 644 611 701 necessitate
624 645 889 716 indigemus,reote
942 650 1043 706 illicita
1057 649 1214 721 desideria,
1230 666 1336 711 venum
1350 657 1441 714 etiam
1458 658 1542 730 ipsos
1556 663 1728 736 corporales
1739 669 1771 724 et

59 730 262 802 subjungitur.
942 739 1093 797 naturales
1106 743 1269 814 exstinguit
1283 744 1415 802 allectus.
1439 751 1470 803 ln
1486 749 1637 821 primitiva
1657 754 1770 829 quiippe

94 821 134 874 Et
148 821 352 876 distribuatur
371 824 531 895 urtieuipue
552 830 680 882 cestrum
698 829 888 899 supraposito
942 828 1072 885 Ecclesia
1099 835 1183 889 tanta
1195 839 1258 889 erat
1277 835 1378 905 gratim
1393 836 1552 910 spiritualis
1570 839 1768 916 abnndantia,

58 914 155 966 uestro
172 910 266 965 uictus
281 916 307 966 et
320 914 535 970 restitutorium.
941 923 975 974 ut
990 933 1052 975 non
1080 920 1176 976 solum
1206 921 1326 979 modico
1355 927 1484 983 contenti
1499 934 1609 1000 essent,
1634 931 1688 989 sed
1710 931 1768 992 hoe

95 999 142 1056 Sic
153 997 233 1054 enim
242 1000 387 1056 Dominus
398 1001 491 1058 soluit
501 1004 633 1062 ordinari
648 1007 793 1065 Ecclesias
804 1025 886 1081 suas,
940 1006 1041 1079 ipsum
1058 1003 1141 1081 quod
1168 1008 1241 1065 nihil
1255 1009 1419 1084 habebant,
1438 1030 1493 1086 pro
1515 1014 1642 1075 summis
1655 1018 1769 1079 (laidis

58 1092 90 1143 ut
103 1086 152 1144 alii
175 1093 316 1145 vacarent
343 1090 558 1161 spiritualibus,
583 1093 632 1150 alii
656 1095 696 1151 eis
711 1097 888 1170 temporalia
941 1097 1128 1169 deputarent.
1147 1099 1229 1154 Unde
1251 1100 1411 1172 Apostolus
1426 1102 1466 1158 ait
1479 1105 1564 1160 Nitii
1578 1108 1719 1168 babentes
1739 1116 1768 1168 et

56 1176 273 1233 ministrarent.
290 1180 323 1233 ut
340 1177 407 1234 idco
424 1178 497 1236 alios
513 1181 606 1239 voluit
619 1199 683 1240 esse
699 1187 885 1258 prepositos,
941 1188 1040 1242 omnio
1057 1187 1237 1257 possidentes
1254 1191 1298 1258 (ii
1307 1190 1375 1247 Gor.
1389 1193 1439 1263 vr).
1456 1191 1527 1248 lllnc
1541 1193 1630 1250 etlam
1640 1190 1769 1268 quidam

56 1266 133 1323 alios
147 1265 292 1322 subditos.
309 1269 538 1340 rrrepositorum
553 1271 686 1328 cilicium
697 1280 740 1330 est
760 1275 886 1332 subditis
940 1273 983 1328 tir
995 1280 1116 1331 sanetus
1133 1277 1187 1333 ait:
1201 1279 1376 1348 Suslimcbut
1387 1281 1470 1337 notis
1477 1288 1643 1352 paupertas
1651 1289 1767 1356 muta,

57 1357 227 1429 corporalia
242 1356 419 1415 ministrare.
429 1360 622 1417 Subditorum
637 1365 832 1422 ministerium
843 1372 887 1423 est
939 1370 983 1434 ut¹
1006 1363 1114 1420 diviliae
1149 1372 1406 1425 commutarentur
1436 1370 1517 1441 (roi.
1551 1371 1591 1444 v).
1617 1376 1690 1431 ltam
1724 1373 1767 1432 aa

57 1445 263 1518 spiritualibus
286 1446 389 1503 studiis
413 1448 569 1505 insistere:
594 1451 722 1521 lectioni,
748 1455 884 1524 orationi,
939 1453 1123 1525 Apostolus:
1153 1456 1293 1528 Magnus,
1318 1459 1424 1533 inquit,
1449 1468 1578 1533 questas
1602 1469 1646 1520 est
1671 1465 1767 1536 pietas

56 1534 301 1609 contemplationi
317 1554 432 1605 vacare,
456 1538 485 1593 in
500 1541 625 1614 psalmis
639 1542 761 1615 hynmis
776 1551 804 1602 ot
818 1561 886 1601 can·
940 1559 1006 1599 rum
1021 1545 1205 1614 srrsficieutiu
1214 1560 1226 1617 ;
1251 1547 1401 1620 temutes,
1416 1549 1646 1624 inquitatatem
1660 1559 1689 1610 et
1703 1568 1767 1611 ues-

57 1625 124 1681 ticis
141 1625 346 1698 spiritualibus
362 1626 472 1684 celesti
484 1630 609 1687 Domino
622 1632 779 1691 deservire.
792 1636 884 1691 Tanto
898 1650 920 1705 g
939 1634 1025 1689 titium
1040 1633 1330 1693 trecentensimus
1347 1638 1375 1709 (l
1391 1640 1463 1696 Tim.
1481 1642 1530 1713 vr).
1546 1646 1578 1698 ln
1591 1642 1768 1714 husjusmodi

57 1733 130 1787 crgo
146 1732 223 1789 opus
240 1721 284 1773 est
299 1722 330 1774 ut
345 1717 423 1774 circa
444 1735 475 1774 se
489 1719 630 1778 sollicitus
643 1723 755 1795 visunt,
770 1731 884 1799 quanto
938 1738 1009 1792 ergo
1031 1738 1093 1780 non
1115 1723 1260 1782 debemus
1276 1728 1426 1785 attendere
1448 1729 1634 1787 voluntatem
1656 1733 1766 1803 earnis,

56 1823 108 1862 cos
128 1805 226 1862 aliena
250 1823 321 1863 eura
340 1825 400 1864 non
425 1808 567 1881 implicat.
588 1813 784 1871 constitutum
810 1821 885 1874 esta
939 1810 991 1868 sed
1031 1811 1234 1870 valetudinem
1268 1820 1391 1873 naturae.
1429 1817 1497 1874 Plus
1532 1819 1615 1876 enim
1654 1821 1768 1895 apponi

58 1895 195 1964 Domino,
219 1900 252 1952 ut
265 1896 318 1969 qui
332 1896 417 1953 altari
432 1899 573 1968 serviunt,
600 1900 636 1957 de
654 1901 738 1959 altari
761 1905 883 1963 uiuant:
939 1901 1066 1957 earnalis
1086 1901 1225 1959 Voluntas
1244 1919 1338 1977 quam
1364 1906 1536 1964 necessitas·
1563 1909 1767 1974 Quamobrem

56 1985 174 2057 Dignus
187 1991 229 2041 est
248 1988 414 2056 operarius,
431 1988 584 2062 sicutipse
600 1991 650 2058 ait,
673 1995 805 2052 raercede
830 2011 885 2052 suu
937 1991 968 2047 in
995 2008 1030 2048 eo
1059 1992 1143 2066 quod
1164 1992 1280 2062 dicitur,
1305 1995 1389 2068 quod
1403 1995 1564 2069 unicuique
1589 1998 1675 2070 quod
1687 2010 1766 2072 optas

57 2076 141 2143 (Luc.
160 2080 199 2134 sl.
216 2077 249 2131 ut
269 2075 336 2132 ideo
349 2076 373 2131 si
386 2076 513 2132 vivimus
530 2076 567 2134 de
582 2096 702 2138 annona
718 2083 832 2155 Christi,
858 2089 886 2141 et
939 2086 982 2137 est
996 2081 1154 2149 tribuatur,
1178 2082 1232 2139 iste
1247 2080 1356 2140 modus
1370 2084 1537 2141 mrvaudus
1556 2090 1602 2142 est
1614 2090 1765 2160 quaetenus

53 2164 170 2234 justum
196 2168 292 2221 estut
314 2165 488 2222 laboremus
511 2168 675 2226 inscruitio
704 2172 827 2230 Christi:
858 2180 886 2231 et
939 2170 981 2226 Sic
995 2169 1143 2226 nutriatur
1165 2186 1236 2228 caro
1251 2176 1284 2229 ut
1309 2172 1648 2242 serviatotitoninsio
1669 2174 1765 2248 ¹095·

56 2257 129 2309 tunc
153 2250 242 2325 digne
267 2254 439 2310 mercedem
459 2256 633 2330 accipimus,
660 2260 685 2316 si
706 2261 789 2334 prius
812 2262 885 2319 boni
938 2266 1037 2316 matur
1068 2265 1188 2318 utnon
1215 2262 1391 2335 superbiat3
1436 2263 1480 2320 sio
1505 2267 1638 2322 servetur
1663 2276 1766 2322 meae
1851 2302 1853 2308 ·

56 2343 184 2416 operarii
208 2343 361 2400 fuerimus.
378 2344 451 2401 llicit
476 2346 556 2402 enim
576 2350 729 2421 apostolus
752 2352 882 2409 Paulus:
938 2350 1008 2407 sitas
1030 2355 1156 2421 notura,
1184 2355 1217 2408 ut
1229 2351 1426 2409 abscindatur
1445 2352 1635 2426 superdtntes
1655 2366 1767 2410 mucu-

58 2431 116 2499 Oui
130 2449 190 2488 noa
206 2434 271 2488 recti
285 2435 414 2503 operari,
430 2451 489 2491 nort
504 2438 663 2495 reunducet
673 2439 720 2511 (ll
734 2440 830 2498 Thess.
844 2443 882 2513 r).
938 2439 1099 2512 piscentiae.

57 2523 132 2587 Quia
156 2523 180 2578 si
203 2540 264 2579 non
287 2523 464 2581 laboramus
489 2530 517 2582 et
540 2528 771 2599 manducamus,
803 2537 884 2589 tanto
975 2529 1033 2596 Orci
1056 2536 1156 2586 craten
1172 2529 1289 2602 aliquid
1304 2529 1453 2587 latebunt
1474 2532 1506 2586 ta
1522 2529 1766 2605 sescismundo

56 2612 181 2683 majoris
201 2612 333 2668 oriminis
349 2613 496 2671 efficimur
517 2617 569 2685 rei,
594 2623 707 2691 quanto
731 2621 783 2677 Dei
796 2622 885 2678 bene·
938 2618 1065 2689 inpressi
1076 2618 1194 2689 fuerint
1207 2619 1433 2686 monasterum,
1446 2619 1674 2677 susteatet
1685 2619 1767 2678 aaa

56 2702 125 2758 ficia
140 2703 321 2775 suscipimus
335 2703 582 2779 indigni.0portel
591 2723 662 2779 ergo
673 2714 705 2765 ut
720 2710 885 2768 serviamus
938 2722 998 2764 esse
1011 2723 1173 2765 commuue.

55 2792 116 2848 eia
141 2809 201 2866 quo
228 2793 392 2865 pascimur,
419 2795 442 2850 si
468 2797 531 2852 sine
557 2797 688 2869 periculo
713 2799 820 2857 anima
835 2819 885 2859 so
974 2795 1346 2870 Hocfecerunlpt‘imifivae
1359 2794 1496 2852 Eoclesioe
1505 2795 1765 2868 fraires-Diffssffi

55 2880 157 2937 lamus
184 2898 303 2939 sumere
328 2883 387 2939 hoc
417 2885 500 2958 quod
522 2884 715 2955 distribuitur,
746 2894 774 2946 et
802 2896 884 2948 tanto
938 2886 1017 2943 enim
1032 2886 1074 2942 eis
1089 2886 1256 2957 videbatur,
1285 2885 1383 2958 utqui
1404 2901 1597 2942 communem
1612 2885 1767 2944 hubobtnl

55 2970 125 3044 plus
140 2971 285 3028 debemus
299 2989 364 3029 csse
380 2973 494 3030 solliciti
511 2975 540 3030 in
555 2975 636 3032 bono
655 2994 755 3050 opere,
770 2985 884 3052 qrranto
900 3010 920 3066 C
939 2976 1067 3047 gratiam
1087 2991 1280 3032 communem
1295 2975 1484 3032 haberentet
1499 2975 1700 3033 substantiam
1715 2993 1723 3045 ;
1736 2979 1766 3033 et

55 3078 93 3117 ea
118 3061 299 3134 percipimus
337 3063 400 3119 sine
433 3081 546 3134 magno
569 3066 681 3124 labore.
713 3070 884 3143 Numquid
938 3065 1048 3138 quibus
1062 3080 1141 3121 unus
1156 3069 1219 3120 erat
1234 3064 1460 3138 spiritus‚unus
1481 3069 1559 3122 esset
1572 3069 1601 3121 et
1614 3068 1763 3138 sumptus.

55 3152 177 3219 mirum,
195 3152 219 3207 si
233 3153 274 3220 hi,
290 3153 343 3226 qui
357 3154 572 3227 temporalibus
587 3160 885 3230 occupantur,1ninus
940 3157 1015 3210 Bene
1038 3158 1138 3209 aulem
1165 3152 1302 3209 additum
1325 3156 1371 3209 esi
1393 3153 1451 3210 hoe
1474 3153 1602 3210 verbum
1627 3153 1764 3223 liberm,

55 3240 188 3297 studiose
212 3246 240 3297 et
260 3241 396 3313 religiose
411 3243 523 3312 vivunt,
540 3244 563 3300 si
579 3246 748 3320 frequenter
762 3248 792 3305 in
808 3250 885 3319 cogi·
938 3243 1010 3316 quia
1030 3244 1157 3300 ditarem
1181 3243 1315 3300 datorem
1338 3243 1440 3315 dilicit
1462 3245 1541 3300 Deus
1566 3244 1614 3315 (Π
1624 3243 1694 3301 0⁰?-
1712 3243 1765 3310 ul·

57 3330 220 3387 talionibus
244 3335 273 3388 et
299 3333 488 3390 sermonibus
512 3340 601 3408 atque
627 3336 793 3395 actionibus
822 3340 883 3395 suis
939 3331 1234 3388 bibenterdebemus
1254 3331 1465 3400 ternnadaro,
1487 3332 1686 3406 mpossimus
1703 3346 1766 3390 cot-

55 3420 241 3478 otlentlimt?
262 3425 337 3478 Usus
353 3423 432 3478 enim
453 3424 553 3480 sectili
575 3425 713 3484 homines
728 3428 767 3485 ad
779 3446 885 3503 pecca-
938 3421 1022 3477 lesit&
1036 3436 1221 3494 COmllffl'filfl·
1243 3423 1381 3493 Regnum
1395 3421 1475 3479 enlm
1489 3420 1636 3479 0oel⁰¹¹⁰m
1647 3425 1768 3480 mmm

57 3511 231 3567 tumetium
261 3512 446 3585 quandoque
473 3513 599 3570 inritum
632 3517 730 3574 trabit.
756 3519 790 3575 lli
814 3537 884 3576 sero
938 3512 1025 3581 valet,
1041 3517 1188 3584 quantum
1214 3510 1318 3567 habes·
1346 3511 1422 3567 Nihil
1444 3511 1532 3568 tillus
1549 3528 1622 3568 oum
1647 3513 1764 3583 emtor,
1827 3520 1831 3529 “

56 3599 168 3672 quibus
181 3604 209 3656 cl
223 3617 295 3656 cura
317 3601 432 3668 mundi,
449 3606 477 3657 et
489 3603 608 3660 occasio
631 3607 777 3678 peccandi
791 3607 883 3676 dccst',

57 3690 286 3762 quantominus
305 3689 440 3761 religiose
453 3691 566 3761 vivunt,
579 3698 660 3751 tanto
672 3696 771 3765 magis
785 3713 885 3770 super-

57 3779 275 3849 nurnjudicem
290 3779 464 3837 offendunt:
491 3798 545 3838 nec
571 3783 633 3839 sine
655 3785 739 3854 gravi
752 3785 884 3857 periculo

56 3867 169 3924 animae
196 3868 283 3926 etiam
309 3869 340 3925 in
364 3869 485 3926 niminis
508 3870 693 3943 negligentiis
718 3873 884 3932 offendunt.

55 3961 220 4013 Pensemns
240 3974 309 4030 ergo
325 3959 363 4015 ad
378 3959 450 4034 quid
467 3959 673 4033 nobissimus,
691 3967 720 4018 ct
731 3968 885 4033 tegumen-

58 4047 123 4099 tum
139 4043 277 4100 tribuitur
293 4060 299 4098 :
328 4050 361 4101 ut
377 4045 414 4100 sit
429 4050 523 4101 totum
540 4045 722 4103 desiderium
737 4052 884 4118 nostrum,

53 4134 188 4201 priunum
214 4149 347 4205 quarere
369 4150 493 4205 regnaut
516 4136 569 4192 Der
588 4141 616 4191 et
634 4137 786 4207 justitium
809 4140 884 4209 ejus,

938 3601 1013 3656 nihil
1042 3601 1161 3656 charius
1195 3617 1265 3656 cum
1292 3599 1472 3672 possidetur.
1503 3603 1567 3656 [tuo
1599 3605 1669 3656 sunt
1698 3617 1767 3673 quta

939 3690 1067 3762 relinqui
1081 3693 1197 3762 oportet
1211 3693 1332 3760 propter
1348 3690 1451 3754 Deum,
1467 3687 1640 3743 facultatem
1658 3687 1768 3745 sedicet

940 3776 1126 3850 possidendi,
1140 3781 1169 3832 et
1178 3774 1364 3831 voluntatem
1379 3774 1522 3830 habendi:
1537 3774 1610 3830 ltine
1624 3773 1767 3848 estquod

940 3866 1084 3923 Dominus
1097 3864 1137 3921 ait
1157 3864 1189 3920 in
1202 3863 1360 3934 Evangelio
1374 3881 1381 3919 ε
1396 3864 1455 3932 Qui
1464 3878 1525 3920 neu
1539 3865 1695 3922 rmuutiot
1708 3879 1768 3922 om·

940 3957 1027 4011 uitiis
1038 3969 1102 4028 qua
1112 3954 1322 4024 possideamus
1336 3959 1433 4024 potest
1442 3968 1523 4010 mesa
1533 3952 1768 4024 audentium

940 4045 1024 4116 (Lar.
1042 4047 1113 4111 xiv).
1139 4046 1173 4099 Et
1192 4043 1393 4111 iterum10ei
1415 4044 1482 4099 vett
1497 4044 1600 4100 uertite
1621 4048 1688 4114 post
1709 4057 1767 4114 me,

940 4135 1063 4204 uerteret
1083 4134 1270 4204 semetipsam
1294 4132 1377 4204 (Luc.
1402 4132 1453 4204 nr).
1480 4131 1555 4189 lllud
1576 4132 1705 4205 pertinet
1725 4130 1769 4188 ad

54 4224 272 4295 propterquod
287 4224 348 4280 tac
363 4225 462 4280 ornata
474 4226 662 4295 trajiciuntur
673 4223 883 4299 nebetttottt.
940 4223 1149 4292 substantiam,
1164 4222 1223 4279 hoc
1236 4222 1274 4278 ad
1287 4221 1482 4277 voluntatem.
1497 4223 1561 4277 Non
1571 4218 1771 4277 enimsuttlcit
1837 4230 1840 4236 '

56 4312 107 4381 vr).
125 4312 254 4378 Qualiter
281 4317 381 4369 aulem
397 4313 637 4372 distribuendum
659 4317 704 4386 sit,
721 4318 886 4374 ostenditur
940 4311 1116 4370 exteriorem
1137 4311 1305 4383 relinquere
1332 4308 1543 4377 substantiam,
1565 4307 1624 4364 nisi
1648 4306 1769 4365 interio-

58 4415 128 4454 cum
140 4399 331 4456 subinfertur.
867 4416 870 4422 ’
938 4419 1003 4459 rem
1018 4398 1233 4458 abscindamus
1248 4397 1532 4472 concupiscentiam.
1548 4397 1632 4454 Unde
1643 4400 1676 4455 et
1696 4395 1769 4456 eub-

93 4489 161 4545 Nou
176 4491 334 4562 aqttutiter
348 4493 482 4548 orientius
501 4493 713 4564 ctistrttuotur,
735 4497 806 4567 quia
826 4512 885 4552 noa
939 4492 1044 4549 ditur:

58 4580 217 4651 aeqttutiter
227 4582 333 4638 uoletis
347 4583 510 4650 orurtessed
518 4584 617 4651 potius
631 4585 789 4657 uuicuique
792 4591 885 4656 prout
976 4581 1034 4650 Qui
1053 4589 1152 4638 auten
1179 4595 1239 4637 nou
1259 4579 1418 4649 iubebunt,
1440 4593 1502 4636 nen
1524 4592 1558 4636 ee
1579 4583 1719 4651 quaram
1736 4577 1769 4636 et

58 4670 166 4740 eritque
179 4685 253 4740 opas
264 4671 369 4740 scierit.
939 4673 1130 4742 monasterio,
1147 4687 1213 4742 que
1227 4685 1280 4727 nec
1294 4670 1371 4739 seras
1387 4669 1498 4726 tabee
1508 4673 1683 4738 potuerat.

94 4759 129 4812 Et
139 4756 197 4813 hoc
212 4759 387 4816 auctoritate
402 4759 566 4834 apostolica
578 4759 849 4825 roboratsdiccns:
976 4760 1071 4815 Etiam
1083 4758 1123 4814 illi
1139 4758 1191 4830 qni
1204 4755 1277 4812 nihil
1291 4755 1447 4812 habebant
1468 4754 1549 4823 loris,
1565 4755 1679 4814 habent
1690 4756 1770 4814 intus

94 4846 145 4903 Sic
160 4848 238 4903 cuim
261 4850 357 4919 tegitis
381 4851 412 4905 in
436 4850 560 4907 Actibus
583 4850 797 4919 apostotorum,
818 4853 888 4923 quia
942 4848 1025 4922 quod
1052 4847 1218 4919 relinquere
1240 4848 1368 4919 possunt
1392 4848 1514 4918 propter
1540 4846 1635 4903 neum
1660 4846 1772 4904 scilieet

58 4942 147 4991 eraut
158 4936 220 4992 iltis
235 4939 335 4995 omitia
349 4941 564 5008 reuertentem
577 4939 813 4996 distribuebatur
825 4941 890 4995 uui·
941 4937 1126 4994 voluntatem
1140 4934 1283 4992 habendi.
1293 4932 1376 4992 Unde
1389 4933 1534 5007 scriptum
1546 4939 1609 4993 est:
1624 4937 1693 5028 lton
1702 4952 1772 4996 eou-

58 5026 167 5096 euique
180 5028 256 5083 sicut
273 5029 433 5101 statuatque
446 5045 519 5101 opus
532 5035 596 5085 erut
608 5029 685 5100 (Aet.
697 5029 745 5101 ru).
943 5027 1073 5097 eripisces
1091 5025 1198 5092 (Eroti.
1214 5024 1276 5096 xx).
1300 5023 1368 5080 Plus
1389 5021 1470 5080 enim
1485 5025 1609 5084 attendit
1629 5026 1770 5085 allecem

96 5115 157 5170 Hoc
184 5131 245 5172 non
270 5122 315 5173 est
343 5118 384 5174 ita
412 5117 649 5188 intelligendum,
671 5121 705 5172 ut
728 5116 889 5190 unicuique
943 5119 1125 5188 Deusquam
1141 5129 1274 5171 censum.
1299 5113 1371 5170 ilinc
1383 5128 1438 5187 per
1451 5115 1623 5190 Sapientem
1636 5114 1768 5172 dioitm:

59 5204 144 5276 quod
172 5222 249 5279 opus
278 5211 351 5275 erat,
381 5207 422 5262 sic
451 5206 641 5263 abundanter
666 5207 891 5264 distribueretur
943 5204 1151 5273 reliduntur·
1166 5201 1696 5278 cortuuthroo.rxn1).0uodfleri
1707 5216 1770 5259 non

60 5292 144 5364 quod
159 5310 220 5350 non
235 5295 381 5352 haberent
394 5295 600 5365 indigentiam.
622 5297 696 5353 Cum
711 5295 792 5353 enim
821 5295 891 5352 seri-
944 5299 1041 5370 potest
1054 5295 1110 5352 nisi
1123 5295 1207 5368 prius
1229 5294 1357 5352 carnalis
1371 5295 1519 5368 appetitus
1533 5293 1689 5350 resecetur.
1709 5288 1770 5348 rn‘·

59 5383 147 5451 ptum
159 5381 205 5450 sit,
218 5384 302 5455 quod
314 5386 393 5440 inter
403 5385 561 5440 costitutus
573 5400 659 5455 egens
672 5390 737 5440 erut
752 5385 829 5457 (Aet.
839 5386 889 5458 iv),
944 5401 1030 5442 mum
1045 5399 1116 5455 ergo
1133 5383 1277 5456 jubemur
1289 5383 1394 5440 habita
1413 5383 1567 5451 deserere;
1591 5378 1699 5436 deinde
1715 5383 1771 5437 ter·

61 5467 207 5541 scriptum
230 5471 321 5528 etiam
336 5471 463 5543 legimus
491 5488 557 5528 esse
586 5473 623 5528 dc
647 5471 720 5546 ipsis
735 5472 891 5546 apostolis,
945 5488 1092 5530 renanon
1106 5488 1250 5547 quaerere,
1266 5476 1300 5529 ut
1317 5475 1424 5546 postea
1444 5468 1565 5525 libenus
1580 5467 1620 5525 ad
1639 5465 1772 5525 eoelestia

61 5557 146 5628 quod
166 5560 338 5618 serviebant
351 5564 411 5618 beo
428 5561 551 5632 triferae
565 5568 593 5618 et
608 5563 667 5632 siti,
680 5563 712 5618 in
728 5562 847 5635 sapore
865 5568 893 5619 et
945 5563 1096 5636 possimus
1122 5562 1272 5621 anhelare.
1293 5565 1327 5619 Et
1350 5574 1388 5617 ne
1412 5558 1561 5617 videretur
1585 5555 1771 5633 pauperitatis

61 5649 201 5707 ariditate
215 5650 261 5722 (u
273 5652 342 5708 Gor.
358 5652 408 5724 xi).
432 5654 475 5709 Ex
499 5650 611 5724 quibus
623 5652 723 5710 verbis
750 5652 891 5727 colligen-
946 5650 1047 5709 seculi
1060 5650 1113 5726 qui
1138 5654 1361 5719 ceurennum,
1385 5645 1555 5707 moeris
1575 5658 1640 5707 neu
1660 5645 1772 5707 debete
