3742 6082
100 178 165 250 Ui·
364 255 369 270 ,
410 176 588 248 Rucuma
605 188 660 246 Du
677 187 707 245 S.
727 182 898 244 narona
915 180 1001 241 OPP.
1022 182 1123 243 PARS
1141 184 1183 244 11.
1196 215 1232 230 -
1249 185 1495 245 cosumus.
1576 134 1582 139 ὴ
1748 186 1807 246 ⁴oe

99 312 300 388 spiritualem.
316 312 546 370 Sacramentum
560 327 632 383 ergo
644 312 749 367 altaris
764 314 794 367 et
806 310 921 366 Eucha·
934 305 962 363 A
975 307 1168 369 divinissima
1192 316 1333 380 vocatur,
1359 311 1505 383 quomam
1528 307 1649 364 divinos
1670 308 1756 377 iacit,
1772 313 1804 365 et
1847 315 1849 318 ’

100 403 189 459 ristia
204 403 353 471 divina‚in
368 418 439 458 vero
452 417 574 472 corpore
590 405 620 456 et
635 400 784 469 sanguine
799 398 922 454 Domini
977 402 1139 474 participes
1151 400 1324 456 divinitatis
1338 415 1388 454 eos
1399 399 1493 471 quise
1503 397 1593 468 digne
1605 397 1801 468 participant.

100 493 197 548 nostri
211 493 284 548 Jesu
298 492 413 546 Christi
427 492 528 559 imago
543 492 598 556 est,
610 488 777 543 secundum
793 488 923 558 speciem
978 494 1016 548 Et
1031 493 1106 564 quia
1116 493 1184 564 ipsa
1197 493 1319 561 signum
1333 493 1377 545 est
1403 493 1432 544 et
1453 489 1577 555 veritas,
1592 489 1625 542 in
1647 502 1710 558 qua
1729 503 1806 542 vera

100 582 190 652 ponis
205 581 305 636 etvini
317 581 348 635 io
364 595 425 650 quo
440 578 584 642 cernitur&
601 582 629 631 ol
640 592 688 630 ror
698 579 744 631 ool
756 577 922 631 secondom
978 596 1047 636 caro
1062 580 1175 636 Christi
1189 580 1246 635 suh
1261 580 1359 650 specie
1373 578 1463 649 panis
1474 577 1615 643 sumitur3
1631 579 1659 629 et
1669 576 1701 630 in
1713 590 1806 631 carne

100 670 282 726 substantiae
304 683 367 723 suae
389 667 560 732 veritatem,
575 665 608 720 in
630 682 692 736 qua
706 666 840 721 creditur
862 664 923 719 illic
978 670 1043 740 ejus
1057 668 1148 738 digne
1163 667 1400 738 sumpta,ipsius
1414 667 1506 720 etiam
1519 663 1691 719 divinitatis
1706 678 1807 718 susce-

102 756 373 828 atquepercipitur.
392 755 429 808 ut
441 769 563 808 rursum
577 754 749 825 quodnunc
763 753 924 808 visibiliter
977 757 1042 828 ptio
1066 759 1096 812 et
1117 755 1311 828 participatio
1336 757 1365 808 et
1385 752 1573 808 consortium
1596 751 1804 819 condonatur;

101 844 266 900 secundum
282 843 464 898 sacramenti
481 843 610 914 speciem
624 846 654 897 et
668 842 865 913 corporaliter
879 856 923 896 se·
978 847 1138 916 propterea
1161 842 1355 898 divinissima
1366 845 1396 896 et
1409 840 1604 895 sanctissima
1617 843 1648 895 et
1669 839 1804 894 sanctifi·

99 932 232 988 cundum
262 931 362 986 carnis
386 933 415 986 et
441 930 602 1000 sanguinis
628 929 742 984 Christi
764 930 923 983 veritatem
979 947 1051 987 cans
1067 931 1290 986 sanctificantia
1305 929 1407 984 omnia
1423 932 1453 983 et
1466 931 1581 982 sancta.

100 1017 257 1074 Christum
268 1019 302 1073 in
319 1018 408 1073 altari
424 1018 575 1083 suminus,
588 1021 814 1072 sacramentum
831 1019 924 1085 estet
979 1019 1052 1076 Car.
1069 1019 1122 1074 IX.
1139 1021 1253 1079 Qualis
1267 1019 1483 1086 intetttpenda
1493 1019 1542 1070 est
1556 1016 1697 1070 mutatio
1705 1017 1805 1084 punis

100 1106 202 1177 imago
215 1106 297 1178 quod
313 1107 414 1177 ipsum
430 1106 569 1161 eumdem
584 1105 780 1161 invisibiliter
794 1109 824 1159 ct
837 1105 924 1177 spiri·
1171 1112 1202 1162 et
1217 1108 1289 1161 vini
1304 1108 1340 1159 tn
1355 1120 1470 1173 corpus
1484 1104 1615 1158 Christi.

99 1195 224 1251 tualiter
237 1194 403 1250 secundum
419 1195 525 1265 gratiae
547 1195 734 1250 infusionem
750 1198 779 1249 et
793 1193 925 1265 Spiritus
1015 1196 1072 1252 Per
1084 1196 1179 1251 verba
1202 1193 1453 1250 sanctificationis
1476 1206 1548 1248 vera
1571 1191 1661 1263 panis
1683 1195 1713 1247 et
1731 1186 1820 1340 vega)

99 1285 198 1338 sancti
212 1284 520 1355 participationemin
535 1283 622 1338 corde
638 1282 922 1337 sumeredebemus.
979 1285 1044 1339 vini
1059 1284 1243 1352 substantia,
1258 1283 1291 1336 in
1317 1296 1424 1336 verum
1443 1295 1553 1352 corpus
1572 1283 1601 1334 et
1622 1281 1773 1351 sanguine

99 1370 180 1442 Ergo
194 1371 388 1427 divinissima
402 1371 596 1427 Eucharistiae
610 1386 679 1442 quaa
690 1371 723 1425 in
734 1368 823 1428 altari
840 1374 869 1425 et
884 1385 926 1425 se·
979 1371 1095 1428 Christi
1109 1371 1307 1438 convertitur,
1321 1369 1386 1425 sols
1408 1368 1507 1440 specie
1532 1367 1621 1439 panis
1636 1368 1745 1424 etvini
1759 1383 1804 1425 re·

100 1459 235 1516 cundum
250 1461 339 1532 panis
359 1460 467 1515 etvini
489 1459 619 1531 speciem
633 1462 663 1515 ct
678 1458 845 1514 secundum
860 1474 923 1513 cor·
979 1463 1133 1529 manente,
1142 1458 1354 1515 substantiata
1363 1460 1393 1511 et
1401 1456 1607 1512 substantiam
1615 1458 1803 1512 transeunte.

99 1548 183 1620 poris
197 1551 227 1602 et
239 1548 399 1618 sauguinis
413 1547 527 1604 Christi
540 1547 702 1603 veritatem
716 1547 880 1603 visibiliter
894 1551 924 1602 et
980 1548 1145 1605 Conversio
1154 1550 1257 1603 autern
1265 1547 1332 1618 ipsa
1343 1560 1404 1600 non
1415 1544 1583 1600 secundum
1590 1544 1809 1688 unionem&

100 1635 297 1708 corporaliter
320 1631 481 1705 tractatur,
506 1639 732 1691 sacramentum
756 1640 802 1691 est
827 1639 857 1690 et
886 1636 924 1690 si·
940 1641 965 1698 Β
980 1637 1147 1693 secundum
1172 1635 1384 1691 transitionem
1408 1614 1648 1701 credenlffist'f
1658 1632 1773 1704 quonia

99 1736 214 1794 gnum3
231 1727 260 1778 et
273 1724 376 1795 imago
390 1724 556 1780 invisibilis
571 1727 601 1778 et
616 1723 786 1795 spiritualis
800 1723 923 1795 partici-
978 1713 1174 1799 nequaquam
1197 1725 1336 1781 essentia
1354 1724 1388 1778 in
1412 1725 1611 1793 augmentum
1633 1721 1754 1789 accidit,
1769 1724 1805 1776 ut

98 1812 234 1883 potionis
246 1812 330 1881 Jesu,
351 1828 420 1884 quae
441 1813 526 1868 intus
544 1813 577 1866 in
599 1812 688 1868 corde
712 1827 766 1884 per
788 1812 878 1867 fidem
894 1816 925 1867 et
977 1831 1031 1888 per
1044 1815 1076 1870 id
1088 1814 1171 1886 quod
1181 1813 1305 1881 accedit,
1319 1811 1351 1867 id
1359 1811 1397 1866 sd
1405 1810 1488 1882 quod
1499 1809 1614 1866 amedit
1625 1810 1726 1881 majus
1736 1808 1803 1877 fiat;

98 1899 290 1956 dilectionem
304 1900 469 1972 perficitur.
978 1903 1030 1959 sed
1045 1902 1236 1970 transitione,
1252 1905 1288 1956 ut
1302 1901 1333 1955 id
1352 1899 1435 1971 quod
1458 1898 1582 1966 accedit,
1598 1912 1666 1953 cum
1687 1896 1740 1952 illo
1765 1897 1804 1952 ad

99 2004 160 2057 Cas.
175 2005 239 2057 Vlll.
256 2006 344 2069 erurc
358 2006 389 2056 in
404 2005 487 2070 specie
500 2004 686 2068 paruerant
700 2002 821 2057 Christus
834 2018 922 2057 sacra·
977 1991 1197 2064 qoodoooopib
1213 2004 1310 2045 unum
1331 1988 1394 2043 fiai·
1410 1988 1473 2043 Neo
1488 1988 1531 2042 ⁸1⁰
1545 1986 1578 2041 1¹¹
1593 2001 1671 2057 pane
1691 2000 1804 2056 ⁰⁰fl³¹¹⁸

183 2090 304 2136 mentum
319 2085 443 2150 corporis
456 2086 500 2136 sui
513 2086 537 2134 ct
550 2084 696 2149 ranpuenis
710 2085 839 2136 iactauit.
977 2080 1092 2136 Christi
1114 2078 1283 2135 consecrari
1310 2077 1450 2145 dicimus,
1475 2079 1511 2131 ut
1533 2075 1569 2130 de
1592 2089 1670 2145 pane
1693 2089 1805 2145 corpus

134 2165 238 2220 Voluit
252 2166 333 2221 enim
349 2166 500 2236 sapientia
514 2165 580 2233 Dei,
593 2181 662 2235 quae
677 2181 708 2220 se
724 2181 777 2235 per
788 2166 923 2221 visibilia
977 2169 1092 2224 Christi
1117 2183 1182 2223 esse
1207 2166 1346 2238 accipiat,
1368 2180 1423 2220 nec
1444 2164 1534 2234 quasi
1557 2177 1671 2217 novum
1693 2177 1805 2234 corpus

98 2251 529 2323 manifestatostenderequod
542 2253 609 2323 ipsa
618 2253 791 2307 animarum
800 2253 922 2309 refectio
978 2258 1080 2312 subito
1100 2257 1215 2311 iactum
1231 2255 1402 2309 demutata
1423 2252 1566 2319 essentia,
1580 2251 1632 2305 sed
1646 2250 1678 2305 in
1700 2249 1804 2321 ipsum

99 2343 145 2396 est
157 2341 295 2409 ateihas,
308 2345 338 2396 et
357 2344 516 2411 propterea
536 2355 657 2395 carnem
675 2345 865 2412 assumptam
890 2343 923 2397 in
978 2360 1201 2416 corpusverum
1211 2338 1804 2410 mutatamessentiamNecipsamsuh·

98 2427 234 2482 edulium
246 2428 415 2500 proposuit,
432 2432 466 2482 ut
488 2443 542 2499 per
563 2427 665 2482 cibum
679 2429 780 2483 carnis
805 2429 844 2483 ad
857 2445 924 2500 gns·
978 2428 1667 2505 stantiampanisetviniiunihilumredactam
1674 2426 1804 2498 quiade·

97 2518 165 2571 tum
177 2515 515 2590 invitaretdivinitatis.
527 2515 585 2570 Sed
600 2530 637 2570 ne
647 2531 771 2571 rursum
787 2515 924 2572 humana
978 2523 1103 2579 sittesse
1114 2521 1271 2593 quodfnit;
1280 2519 1332 2576 sed
1344 2521 1496 2574 mutatam
1507 2515 1702 2588 potiusquis
1713 2515 1806 2587 coepit

98 2602 261 2659 infirmitas
274 2607 390 2659 tactum
404 2603 505 2658 carnis
514 2602 548 2658 in
556 2604 765 2675 assumptione
775 2605 921 2672 horreret,
977 2609 1135 2667 essealiud
1145 2608 1227 2681 quod
1242 2622 1304 2663 non
1316 2606 1386 2676 fuit,
1394 2609 1425 2661 et
1433 2606 1536 2677 ipsum
1546 2604 1629 2676 quod
1638 2603 1730 2675 coepit
1738 2617 1806 2658 esse

98 2692 237 2747 consueti
251 2696 281 2747 et
295 2691 473 2764 principalis
489 2691 583 2746 edulii
599 2692 728 2764 speciem
742 2691 827 2748 illam
841 2694 921 2749 vels-
976 2715 1042 2756 asse
1063 2714 1125 2755 non
1140 2697 1265 2769 aceepit,
1281 2696 1355 2767 quia
1375 2693 1465 2767 panis
1489 2693 1565 2762 ruia
1578 2691 1631 2748 sed
1650 2691 1718 2762 ipsa
1738 2690 1806 2762 ejus

97 2781 158 2848 vit3
174 2781 261 2837 etsie
276 2780 456 2837 sumendam
470 2783 640 2852 proposuit,
650 2785 685 2838 ut
697 2798 806 2837 sensus
815 2783 848 2837 in
859 2797 922 2838 uno
977 2803 1043 2845 esse
1057 2787 1172 2861 aceepit
1182 2784 1306 2857 quando
1319 2782 1409 2838 deaut
1424 2796 1489 2837 esse
1504 2780 1586 2853 quod
1597 2779 1667 2835 ruit.
1679 2779 1745 2834 Hoc
1757 2793 1806 2833 ex-

98 2868 263 2940 ioveretur,
280 2873 309 2925 et
322 2869 397 2925 fides
411 2870 443 2924 in
458 2869 554 2925 altero
566 2870 776 2926 aedificaretur.
790 2871 923 2927 Fovetur
976 2875 1112 2949 pressius
1141 2872 1340 2929 distinximus
1375 2873 1500 2942 propter
1534 2868 1659 2939 eosqui
1681 2881 1718 2923 ex
1748 2881 1806 2921 sua

98 2959 179 3013 enim
196 2959 341 3014 sensusin
354 2959 500 3014 unodum
512 2959 602 3014 solita
614 2962 923 3016 tantumetconsnete
941 2965 1097 3033 cretione
1121 2962 1191 3018 fidei
1217 2958 1427 3033 praejudicium
1447 2957 1575 3025 faciunt,
1596 2959 1727 3011 etsensu
1747 2968 1803 3009 suo

97 3047 234 3118 percipit.
251 3046 431 3102 AEdificatur
444 3050 547 3103 autem
561 3047 636 3102 fides
646 3048 678 3103 in
689 3047 795 3117 altero,
807 3047 880 3103 dum
891 3048 924 3102 in
987 3053 1161 3108 incedentes
1180 3063 1312 3105 asserere
1322 3047 1474 3113 nituntur,
1493 3044 1685 3100 velhocesse
1703 3043 1803 3099 solum

99 3148 134 3187 eo
157 3133 240 3204 quod
263 3135 346 3190 videt
371 3135 461 3205 quale
484 3136 524 3190 sit
546 3134 624 3190 illud
647 3136 731 3208 quod
757 3151 819 3191 non
843 3136 926 3191 videt
979 3155 1017 3196 ex
1025 3156 1060 3196 ea
1069 3134 1357 3212 quodcernitur3vel
1366 3133 1427 3189 tale
1438 3131 1593 3204 essequod
1601 3131 1805 3200 creditur,h0c

100 3215 247 3289 ossooooii‘·
264 3220 449 3292 proponitur
464 3223 566 3292 agitor
577 3223 692 3294 specior
706 3225 797 3295 panis
810 3223 925 3292 etvini,
980 3228 1116 3300 est,quia
1131 3226 1196 3282 sola
1209 3224 1299 3297 panis
1308 3226 1339 3278 et
1350 3222 1415 3277 vini
1430 3221 1543 3293 species
1553 3221 1697 3290 cernitur,
1706 3219 1804 3275 solam

99 3311 134 3362 ut
148 3307 291 3363 doceatur
305 3308 397 3378 plena
411 3312 440 3363 et
454 3310 587 3380 perlecta
611 3310 733 3365 reiectio
749 3326 815 3366 esse
834 3312 867 3365 in
883 3326 928 3366 as.
978 3317 1024 3372 ibi
1038 3330 1103 3371 esse
1115 3314 1204 3386 panis
1227 3311 1334 3367 etvini
1350 3309 1566 3377 substantiam,
1581 3308 1630 3363 vel
1644 3308 1718 3380 quia
1733 3307 1805 3363 sub·

100 3396 273 3466 sumptione
294 3397 427 3468 corporis
440 3399 469 3450 et
495 3397 657 3466 sanguinis
680 3397 806 3465 Christi,
820 3414 857 3454 ex
880 3398 924 3454 di·
980 3404 1095 3460 stantia
1118 3402 1252 3473 corporis
1280 3405 1310 3456 et
1336 3398 1497 3469 sanguinis
1519 3397 1633 3453 Christi
1658 3397 1803 3465 creditur,

97 3484 228 3541 vinitate
248 3485 372 3541 Christi.
389 3485 483 3541 Plena
505 3488 607 3541 autem
636 3486 760 3541 refectio
784 3487 871 3542 cibus
896 3490 926 3542 et
978 3484 1806 3567 possibiliteretinessespeciemetqualitatempaniset

96 3575 188 3642 P⁰t11³
212 3575 274 3641 est,
301 3573 361 3628 ribi
386 3576 488 3629 autem
504 3577 534 3627 θῑ
552 3575 645 3643 Ρθῖῦὓ
660 3572 750 3644 possifl
774 3575 805 3628 θῒ
818 3573 926 3628 Vinum
978 3582 1044 3637 vini
1055 3596 1122 3652 quae
1138 3578 1282 3645 cernitur,
1297 3575 1387 3647 quasi
1400 3590 1461 3630 nou
1474 3574 1570 3646 possit
1584 3573 1699 3646 species
1715 3587 1807 3643 appa·

99 3660 274 3717 substantia
287 3660 465 3733 principalis
480 3663 535 3717 est.
552 3661 591 3715 Et
613 3661 796 3733 proponitur
811 3660 926 3734 specior
979 3684 1054 3737 rere,
1067 3669 1154 3739 cujus
1169 3681 1231 3721 non
1246 3664 1327 3719 adsit
1345 3661 1534 3728 substantla;
1553 3659 1602 3714 vel
1624 3658 1807 3714 substantia

55 3777 57 3781 ·
97 3763 135 3804 ex
149 3749 310 3822 principali
325 3750 500 3805 substantia
525 3749 710 3818 reiectionis,
724 3752 759 3806 ut
773 3750 806 3804 in
821 3765 857 3804 ea
875 3765 924 3805 su·
978 3757 1082 3825 latere,
1099 3756 1187 3827 cujus
1202 3769 1263 3809 non
1276 3754 1423 3825 appareat
1433 3750 1539 3805 forma.
1672 3740 1676 3746 ’

97 3842 210 3907 matur,
225 3842 256 3893 et
279 3854 332 3910 pcr
354 3855 421 3895 eam
435 3839 551 3895 veritas
572 3840 707 3911 corporis
719 3842 749 3894 et
765 3839 925 3910 sanguinis
979 3846 1052 3902 Cae.
1063 3844 1101 3899 X.
1113 3837 1643 3911 Outdripniticauttresparticncc
1655 3836 1807 3904 ittoequoe

97 3925 213 3981 Christi
229 3926 426 3996 significetur.
454 3927 620 3998 sicutipse
644 3931 785 3996 testatur,
801 3927 921 3982 dicens:
979 3937 1019 3989 de
1033 3946 1162 4002 corpore
1173 3931 1294 3985 Christi
1309 3930 1345 3982 in
1354 3929 1562 3982 sacramento
1573 3923 1695 3978 altaris
1705 3923 1804 3993 fiunt.

98 4015 178 4069 Caro
204 4028 277 4068 mea
304 4028 376 4069 vere
401 4019 449 4068 eor
473 4015 583 4085 cibor,
610 4019 642 4068 ei
665 4017 804 4083 rooooir
833 4030 924 4070 meur
1014 4023 1088 4078 Tres
1098 4020 1253 4092 portiones
1262 4016 1396 4087 illaequse
1406 4016 1438 4070 in
1450 4013 1540 4069 elteri
1549 4013 1628 4066 fiunt
1637 4010 1807 4082 decerpere

99 4118 172 4158 vere
195 4107 351 4172 emporus
369 4104 472 4168 (roan.
490 4101 636 4170 utone
661 4107 763 4158 tamen
789 4106 925 4175 eorporis
978 4111 1103 4179 curisti,
1129 4109 1291 4180 mysticam
1316 4103 1571 4177 significationem
1599 4098 1725 4154 nabent.
1750 4098 1806 4152 Est

98 4193 128 4247 et
148 4192 309 4264 sanguinis
330 4191 466 4263 sumptio
493 4192 568 4263 quia
595 4190 659 4246 sola
680 4192 745 4246 sine
771 4192 925 4265 spirituali
978 4199 1060 4255 enim
1073 4212 1183 4270 corpus
1197 4195 1311 4252 Christi
1326 4195 1471 4250 universe
1484 4188 1629 4257 Ecclesia,
1644 4188 1737 4258 caput
1752 4184 1805 4239 sci·

96 4280 204 4338 offootu
219 4281 349 4337 salutem
369 4296 430 4336 ooo
445 4279 591 4349 conferat,
607 4281 672 4351 ipro
688 4280 769 4336 idom
783 4281 923 4337 Salvator
936 4318 964 4376 D
977 4286 1048 4344 licet
1061 4301 1131 4342 cum
1146 4283 1302 4353 membris,
1314 4287 1344 4339 et
1358 4281 1559 4337 inveniuntur
1566 4277 1600 4332 in
1611 4288 1735 4346 corpore
1742 4273 1803 4327 isto

96 4370 611 4440 manifestat,dicens:Caronihtt
620 4372 767 4437 prodest·
781 4372 919 4439 spiritur
974 4374 1063 4447 quasi
1082 4377 1144 4430 tres
1157 4376 1270 4445 partes,
1294 4386 1332 4426 ex
1351 4370 1465 4442 quibus
1484 4369 1584 4422 totum
1607 4377 1718 4434 corpus
1736 4376 1804 4416 con·

95 4460 216 4527 estqui
230 4459 377 4528 vivificat
391 4457 504 4527 (tuidi
520 4457 625 4511 Virtus
640 4471 710 4527 ergo
723 4457 920 4529 etplenitudo
975 4465 1046 4518 stat.
1064 4462 1132 4518 Una
1154 4476 1225 4533 pars
1248 4463 1295 4515 cst
1308 4459 1411 4531 ipsum
1433 4458 1534 4528 caput.
1554 4453 1655 4524 Caput
1675 4449 1757 4505 enim
1772 4450 1803 4504 et

96 4543 265 4617 spiritualis
280 4544 464 4611 reiectionis,
481 4558 549 4615 quae
564 4544 596 4598 in
616 4559 740 4616 corpore
761 4546 876 4601 Christi
891 4551 921 4602 et
974 4553 1065 4623 caput
1080 4552 1136 4618 est,
1152 4552 1182 4604 ct
1196 4563 1268 4620 pars
1282 4542 1573 4616 similiterccrpcris.
1586 4540 1695 4611 ltaque
1710 4539 1804 4609 caput

95 4633 245 4703 sanguine
259 4634 315 4700 est,
331 4647 385 4703 per
409 4631 538 4703 speciem
554 4632 677 4703 quidem
703 4635 792 4705 panis
812 4635 920 4691 etvini
972 4639 1074 4711 ipsum
1090 4652 1161 4709 pars
1186 4637 1320 4708 corporis
1336 4650 1400 4690 una
1424 4629 1563 4689 cethlis
1577 4642 1649 4701 pars
1665 4625 1803 4697 corporis

95 4721 305 4792 significatum
329 4720 361 4775 in
376 4720 568 4792 perceptione
593 4725 695 4776 autem
710 4724 827 4793 gratiae,
842 4723 921 4779 intu-
973 4729 1019 4783 est
1031 4727 1064 4781 in
1079 4725 1224 4781 membris
1248 4724 1321 4793 illis,
1335 4722 1480 4795 quaejam
1493 4720 1597 4774 secuta
1610 4717 1684 4770 sunt
1697 4715 1802 4785 caput3

94 4809 179 4865 sione
193 4809 321 4864 iutemae
332 4812 362 4863 et
371 4810 505 4863 externae
515 4808 690 4865 refectionis
705 4810 869 4882 perficitur.
880 4811 920 4867 Et
973 4818 1003 4870 et
1018 4817 1092 4869 sunt
1105 4813 1254 4885 cumipse
1275 4811 1373 4883 capite
1399 4809 1453 4864 ubi
1468 4809 1514 4863 est
1527 4806 1630 4878 ipsum
1643 4804 1745 4873 caput.
1759 4799 1804 4855 Si·

93 4899 137 4954 sic
152 4896 275 4970 quidem
290 4911 358 4951 cum
383 4896 443 4950 tria
462 4897 496 4951 in
518 4912 580 4952 uno
595 4898 639 4953 ibi
659 4899 721 4954 sint
732 4916 740 4968 3
763 4900 796 4954 in
820 4901 918 4971 primo
972 4907 1024 4959 cut
1034 4901 1257 4973 scriptumest:
1276 4901 1461 4967 Ubicunque
1471 4890 1805 4964 fueritccrpue,iltuc

43 4990 47 5002 '
92 4987 217 5059 quidem
233 4985 355 5055 signum
378 4984 535 5040 invenitur
563 4986 706 5055 secundi,
731 4987 763 5041 in
786 4988 918 5043 secundo
972 4990 1300 5059 conprepabunturet
1315 4987 1439 5055 aquiloe
1454 4982 1583 5054 (Matre.
1606 4991 1704 5046 mv,
1725 4976 1802 5030 Luc.

92 5079 196 5132 autem
210 5089 303 5130 causa
317 5072 399 5128 tertii
406 5088 414 5141 ;
431 5073 463 5128 in
478 5073 569 5129 tertio
581 5088 653 5129 vero
667 5074 767 5130 virtus
782 5076 917 5144 secundi,
971 5078 1064 5149 xvrr).
1079 5077 1128 5132 Illi
1141 5091 1212 5147 ergo
1227 5076 1281 5148 qni
1293 5075 1357 5147 jam
1370 5074 1407 5128 de
1421 5072 1478 5127 hac
1492 5070 1560 5124 vita
1568 5066 1721 5132 exierunt,
1732 5078 1806 5126 <ruo

91 5168 120 5221 et
134 5164 248 5221 veritas
262 5162 369 5235 primi:
380 5165 410 5217 et
421 5161 486 5217 haec
497 5162 599 5216 triain
612 5167 805 5231 unosunt,et
819 5178 917 5219 unum
971 5182 1040 5221 rum
1055 5180 1181 5237 corpora
1194 5165 1227 5219 in
1252 5162 1402 5237 sepulcris
1417 5157 1628 5231 requiescunt,
1643 5156 1673 5208 et
1692 5151 1805 5207 animas

90 5254 325 5310 sacramentum.
351 5249 452 5305 Claret
475 5250 579 5321 itaque
607 5249 689 5321 quod
717 5249 917 5305 divinissimae
971 5268 1041 5308 cum
1056 5252 1178 5309 Christo
1192 5255 1279 5321 sunt;
1294 5251 1346 5307 isti
1362 5250 1435 5305 sunt
1451 5259 1522 5318 pars
1547 5240 1683 5313 corporis
1695 5237 1803 5306 altera,

89 5341 290 5398 Eucharistiae
299 5338 470 5409 assumptio
480 5341 705 5392 sacramentum
714 5339 916 5408 ertptimago
971 5344 1001 5395 et
1016 5344 1088 5395 sunt
1104 5341 1192 5412 quasi
1208 5339 1301 5396 simul
1315 5338 1384 5393 duae
1398 5337 1501 5408 partes
1514 5332 1583 5386 istae
1597 5346 1604 5384 :
1618 5331 1710 5399 caput
1725 5325 1805 5382 scili-

87 5427 332 5502 participationis
345 5426 363 5481 J
366 5441 418 5480 esu
426 5442 434 5494 3
459 5426 532 5497 quia
558 5425 615 5480 hoc
637 5423 719 5495 quod
734 5425 800 5494 ejus
816 5440 914 5479 sacra·
971 5430 1017 5484 cet
1030 5432 1059 5482 et
1074 5428 1138 5484 haec
1152 5428 1248 5484 altera
1271 5443 1342 5499 pars
1366 5423 1512 5495 corporis.
1528 5421 1693 5490 Propterea
1705 5415 1740 5470 in
1756 5413 1802 5469 al·

86 5522 225 5575 mentum
248 5514 412 5572 visibiliter
423 5514 610 5584 percipimus
625 5512 748 5582 signum
772 5515 916 5585 estquod
965 5517 1030 5572 -tari
1044 5516 1112 5572 dnae
1124 5521 1228 5590 partes
1252 5530 1389 5572 seorsum
1412 5511 1610 5567 reservantur
1628 5508 1716 5561 extra
1730 5502 1804 5557 cali·

88 5605 116 5661 ei
131 5600 422 5677 spiritualiteruniri
435 5599 590 5655 debemus.
605 5599 791 5670 Ipsaautem
802 5600 917 5657 Eucha·
970 5619 1046 5674 cem,
1076 5605 1167 5676 quasi
1192 5609 1279 5662 extra
1303 5602 1488 5676 passionem.
1516 5594 1669 5664 Quoniam
1696 5592 1803 5664 ipsum

84 5690 224 5761 ristia,td
237 5694 284 5748 est
298 5690 380 5747 bona
393 5688 505 5760 gratim
520 5687 589 5761 ipse
601 5686 821 5749 scillcethostis
829 5705 915 5749 secra
971 5694 1064 5764 ceput
1074 5693 1140 5764 iem
1152 5690 1326 5750 immortale
1339 5695 1371 5747 et
1384 5683 1575 5760 impassibile
1588 5682 1626 5739 de
1641 5684 1740 5738 morte
1756 5694 1804 5736 re·
