<?xml version="1.0" encoding="UTF-8"?>
<!DOCTYPE html PUBLIC "-//W3C//DTD XHTML 1.0 Transitional//EN"
    "http://www.w3.org/TR/xhtml1/DTD/xhtml1-transitional.dtd">
<html xmlns="http://www.w3.org/1999/xhtml" xml:lang="en" lang="en">
 <head>
  <title>
</title>
<meta http-equiv="Content-Type" content="text/html;charset=utf-8" />
  <meta name='ocr-system' content='tesseract 3.04.00' />
  <meta name='ocr-capabilities' content='ocr_page ocr_carea ocr_par ocr_line ocrx_word'/>
</head>
<body>
  <div class='ocr_page' id='page_1' title='image "./patrologiaecurs05migngoog_0474.png"; bbox 0 0 3742 6082; ppageno 0'>
   <div class='ocr_carea' id='block_1_1' title="bbox 504 223 1639 289">
    <p class='ocr_par' dir='ltr' id='par_1_1' title="bbox 504 223 1639 289">
     <span class='ocr_line' id='line_1_1' title="bbox 504 223 1639 289; baseline 0.009 -11"><span class='ocrx_word' id='word_1_1' title='bbox 504 224 551 280; x_wconf 87' lang='lat' dir='ltr'>DE</span> <span class='ocrx_word' id='word_1_2' title='bbox 571 223 812 283; x_wconf 77' lang='lat' dir='ltr'>trtst&#39;trttrtorttt</span> <span class='ocrx_word' id='word_1_3' title='bbox 831 225 1056 285; x_wconf 76' lang='lat' dir='ltr'>Nounoautt.</span> <span class='ocrx_word' id='word_1_4' title='bbox 1586 231 1639 289; x_wconf 75' lang='lat'>9³0</span> 
     </span>
    </p>
   </div>
   <div class='ocr_carea' id='block_1_2' title="bbox 56 345 1656 5776">
    <p class='ocr_par' dir='ltr' id='par_1_2' title="bbox 56 345 1656 5776">
     <span class='ocr_line' id='line_1_2' title="bbox 57 345 1640 422; baseline 0.007 -20"><span class='ocrx_word' id='word_1_5' title='bbox 57 345 116 402; x_wconf 87' lang='lat' dir='ltr'>sive</span> <span class='ocrx_word' id='word_1_6' title='bbox 143 346 173 401; x_wconf 90' lang='lat' dir='ltr'>in</span> <span class='ocrx_word' id='word_1_7' title='bbox 187 362 223 402; x_wconf 92' lang='lat' dir='ltr'>eo</span> <span class='ocrx_word' id='word_1_8' title='bbox 248 346 300 419; x_wconf 88' lang='lat' dir='ltr'>qui</span> <span class='ocrx_word' id='word_1_9' title='bbox 314 351 436 420; x_wconf 89' lang='lat' dir='ltr'>propter</span> <span class='ocrx_word' id='word_1_10' title='bbox 454 349 547 405; x_wconf 85' lang='lat' dir='ltr'>vitam</span> <span class='ocrx_word' id='word_1_11' title='bbox 571 349 753 420; x_wconf 90' lang='lat' dir='ltr'>inferiorem,</span> <span class='ocrx_word' id='word_1_12' title='bbox 773 349 868 411; x_wconf 62' lang='lat' dir='ltr'>atari</span> <span class='ocrx_word' id='word_1_13' title='bbox 881 350 1110 408; x_wconf 88' lang='lat' dir='ltr'>nondebemus.</span> <span class='ocrx_word' id='word_1_14' title='bbox 1127 351 1252 409; x_wconf 83' lang='lat' dir='ltr'>Proinde</span> <span class='ocrx_word' id='word_1_15' title='bbox 1272 351 1302 408; x_wconf 92' lang='lat' dir='ltr'>in</span> <span class='ocrx_word' id='word_1_16' title='bbox 1328 352 1385 422; x_wconf 89' lang='lat' dir='ltr'>his,</span> <span class='ocrx_word' id='word_1_17' title='bbox 1408 352 1476 410; x_wconf 88' lang='lat' dir='ltr'>talis</span> <span class='ocrx_word' id='word_1_18' title='bbox 1496 354 1640 415; x_wconf 87' lang='lat' dir='ltr'>habenda</span> 
     </span>
     <span class='ocr_line' id='line_1_3' title="bbox 75 435 1639 514; baseline 0.007 -23"><span class='ocrx_word' id='word_1_19' title='bbox 75 435 262 508; x_wconf 89' lang='lat' dir='ltr'>superiorem</span> <span class='ocrx_word' id='word_1_20' title='bbox 276 438 449 494; x_wconf 89' lang='lat' dir='ltr'>contemnit.</span> <span class='ocrx_word' id='word_1_21' title='bbox 467 440 534 495; x_wconf 90' lang='lat' dir='ltr'>lstis</span> <span class='ocrx_word' id='word_1_22' title='bbox 550 456 622 510; x_wconf 87' lang='lat' dir='ltr'>ergo</span> <span class='ocrx_word' id='word_1_23' title='bbox 648 440 754 507; x_wconf 93' lang='lat' dir='ltr'>honor,</span> <span class='ocrx_word' id='word_1_24' title='bbox 811 443 855 495; x_wconf 91' lang='lat' dir='ltr'>est</span> <span class='ocrx_word' id='word_1_25' title='bbox 866 439 1015 512; x_wconf 86' lang='lat' dir='ltr'>diseretio,</span> <span class='ocrx_word' id='word_1_26' title='bbox 1031 445 1064 497; x_wconf 91' lang='lat' dir='ltr'>ut</span> <span class='ocrx_word' id='word_1_27' title='bbox 1079 440 1284 514; x_wconf 88' lang='lat' dir='ltr'>superioribus</span> <span class='ocrx_word' id='word_1_28' title='bbox 1299 441 1422 514; x_wconf 90' lang='lat' dir='ltr'>quidem</span> <span class='ocrx_word' id='word_1_29' title='bbox 1437 441 1560 499; x_wconf 92' lang='lat' dir='ltr'>inomni</span> <span class='ocrx_word' id='word_1_30' title='bbox 1572 443 1639 502; x_wconf 89' lang='lat' dir='ltr'>loeo</span> 
     </span>
     <span class='ocr_line' id='line_1_4' title="bbox 57 524 1639 604; baseline 0.004 -23"><span class='ocrx_word' id='word_1_31' title='bbox 57 541 79 582; x_wconf 78' lang='lat' dir='ltr'>tr</span> <span class='ocrx_word' id='word_1_32' title='bbox 88 524 291 598; x_wconf 78' lang='lat' dir='ltr'>impendatur,</span> <span class='ocrx_word' id='word_1_33' title='bbox 308 527 350 583; x_wconf 91' lang='lat' dir='ltr'>sic</span> <span class='ocrx_word' id='word_1_34' title='bbox 363 532 463 584; x_wconf 86' lang='lat' dir='ltr'>tamen</span> <span class='ocrx_word' id='word_1_35' title='bbox 477 533 551 586; x_wconf 92' lang='lat' dir='ltr'>utet</span> <span class='ocrx_word' id='word_1_36' title='bbox 567 531 663 586; x_wconf 91' lang='lat' dir='ltr'>honor</span> <span class='ocrx_word' id='word_1_37' title='bbox 688 531 758 587; x_wconf 89' lang='lat' dir='ltr'>isto·</span> <span class='ocrx_word' id='word_1_38' title='bbox 811 533 841 584; x_wconf 88' lang='lat' dir='ltr'>et</span> <span class='ocrx_word' id='word_1_39' title='bbox 852 528 882 584; x_wconf 91' lang='lat' dir='ltr'>in</span> <span class='ocrx_word' id='word_1_40' title='bbox 895 530 976 586; x_wconf 90' lang='lat' dir='ltr'>omni</span> <span class='ocrx_word' id='word_1_41' title='bbox 988 546 1079 604; x_wconf 88' lang='lat' dir='ltr'>opere</span> <span class='ocrx_word' id='word_1_42' title='bbox 1093 530 1141 586; x_wconf 81' lang='lat' dir='ltr'>vel</span> <span class='ocrx_word' id='word_1_43' title='bbox 1156 545 1293 587; x_wconf 82' lang='lat' dir='ltr'>sermone</span> <span class='ocrx_word' id='word_1_44' title='bbox 1307 531 1446 588; x_wconf 88' lang='lat' dir='ltr'>exhibere</span> <span class='ocrx_word' id='word_1_45' title='bbox 1462 532 1639 590; x_wconf 80' lang='lat' dir='ltr'><strong>studeamus</strong></span> 
     </span>
     <span class='ocr_line' id='line_1_5' title="bbox 60 615 1639 694; baseline 0.003 -21"><span class='ocrx_word' id='word_1_46' title='bbox 60 615 259 684; x_wconf 86' lang='lat' dir='ltr'>voluntarius,</span> <span class='ocrx_word' id='word_1_47' title='bbox 275 616 432 673; x_wconf 91' lang='lat' dir='ltr'>etillorum</span> <span class='ocrx_word' id='word_1_48' title='bbox 455 635 541 675; x_wconf 89' lang='lat' dir='ltr'>amor</span> <span class='ocrx_word' id='word_1_49' title='bbox 553 620 755 676; x_wconf 86' lang='lat' dir='ltr'>venerandus.</span> <span class='ocrx_word' id='word_1_50' title='bbox 811 619 1019 688; x_wconf 88' lang='lat' dir='ltr'>reverentiam,</span> <span class='ocrx_word' id='word_1_51' title='bbox 1036 624 1065 676; x_wconf 92' lang='lat' dir='ltr'>et</span> <span class='ocrx_word' id='word_1_52' title='bbox 1079 618 1227 692; x_wconf 89' lang='lat' dir='ltr'>quidquid</span> <span class='ocrx_word' id='word_1_53' title='bbox 1254 619 1368 691; x_wconf 79' lang='lat' dir='ltr'>egerint</span> <span class='ocrx_word' id='word_1_54' title='bbox 1387 626 1439 678; x_wconf 93' lang='lat' dir='ltr'>aut</span> <span class='ocrx_word' id='word_1_55' title='bbox 1466 621 1639 694; x_wconf 87' lang='lat' dir='ltr'>ubieunque</span> 
     </span>
     <span class='ocr_line' id='line_1_6' title="bbox 60 704 1640 782; baseline 0.003 -20"><span class='ocrx_word' id='word_1_56' title='bbox 60 704 100 762; x_wconf 90' lang='lat' dir='ltr'>tia</span> <span class='ocrx_word' id='word_1_57' title='bbox 114 704 195 762; x_wconf 93' lang='lat' dir='ltr'>enim</span> <span class='ocrx_word' id='word_1_58' title='bbox 213 705 277 761; x_wconf 88' lang='lat' dir='ltr'>sine</span> <span class='ocrx_word' id='word_1_59' title='bbox 293 722 395 762; x_wconf 88' lang='lat' dir='ltr'>amore</span> <span class='ocrx_word' id='word_1_60' title='bbox 408 707 506 777; x_wconf 84' lang='lat' dir='ltr'>magis</span> <span class='ocrx_word' id='word_1_61' title='bbox 522 709 635 764; x_wconf 87' lang='lat' dir='ltr'>servilis</span> <span class='ocrx_word' id='word_1_62' title='bbox 651 715 704 775; x_wconf 89' lang='lat' dir='ltr'>est,</span> <span class='ocrx_word' id='word_1_63' title='bbox 730 713 760 766; x_wconf 91' lang='lat' dir='ltr'>et</span> <span class='ocrx_word' id='word_1_64' title='bbox 812 705 930 779; x_wconf 87' lang='lat' dir='ltr'>fuerint,</span> <span class='ocrx_word' id='word_1_65' title='bbox 955 723 1017 764; x_wconf 93' lang='lat' dir='ltr'>non</span> <span class='ocrx_word' id='word_1_66' title='bbox 1046 724 1266 781; x_wconf 75' lang='lat' dir='ltr'>praesumamus</span> <span class='ocrx_word' id='word_1_67' title='bbox 1299 709 1489 782; x_wconf 90' lang='lat' dir='ltr'>impudenter</span> <span class='ocrx_word' id='word_1_68' title='bbox 1514 710 1556 767; x_wconf 84' lang='lat' dir='ltr'>eis</span> <span class='ocrx_word' id='word_1_69' title='bbox 1582 724 1640 767; x_wconf 85' lang='lat' dir='ltr'>noa</span> 
     </span>
     <span class='ocr_line' id='line_1_7' title="bbox 57 795 1640 872; baseline 0.005 -25"><span class='ocrx_word' id='word_1_70' title='bbox 57 795 109 852; x_wconf 75' lang='lat' dir='ltr'>‚ine</span> <span class='ocrx_word' id='word_1_71' title='bbox 122 795 288 851; x_wconf 80' lang='lat' dir='ltr'>reverentia</span> <span class='ocrx_word' id='word_1_72' title='bbox 307 796 428 868; x_wconf 90' lang='lat' dir='ltr'>puerilis</span> <span class='ocrx_word' id='word_1_73' title='bbox 438 796 566 867; x_wconf 88' lang='lat' dir='ltr'>judicari</span> <span class='ocrx_word' id='word_1_74' title='bbox 576 796 673 854; x_wconf 89' lang='lat' dir='ltr'>debet.</span> <span class='ocrx_word' id='word_1_75' title='bbox 684 800 758 856; x_wconf 87' lang='lat' dir='ltr'>Cum</span> <span class='ocrx_word' id='word_1_76' title='bbox 812 795 899 869; x_wconf 84' lang='lat' dir='ltr'>quasi</span> <span class='ocrx_word' id='word_1_77' title='bbox 911 797 1099 870; x_wconf 89' lang='lat' dir='ltr'>coaequando</span> <span class='ocrx_word' id='word_1_78' title='bbox 1114 798 1257 869; x_wconf 85' lang='lat' dir='ltr'>ingerere.</span> <span class='ocrx_word' id='word_1_79' title='bbox 1275 799 1321 856; x_wconf 86' lang='lat' dir='ltr'>Sic</span> <span class='ocrx_word' id='word_1_80' title='bbox 1340 813 1472 872; x_wconf 89' lang='lat' dir='ltr'>namque</span> <span class='ocrx_word' id='word_1_81' title='bbox 1493 798 1640 858; x_wconf 86' lang='lat' dir='ltr'>dehemus</span> 
     </span>
     <span class='ocr_line' id='line_1_8' title="bbox 57 883 1639 960; baseline 0.001 -18"><span class='ocrx_word' id='word_1_82' title='bbox 57 884 111 942; x_wconf 86' lang='lat' dir='ltr'>itur</span> <span class='ocrx_word' id='word_1_83' title='bbox 124 884 291 940; x_wconf 91' lang='lat' dir='ltr'>humilitate</span> <span class='ocrx_word' id='word_1_84' title='bbox 307 885 510 942; x_wconf 79' lang='lat' dir='ltr'>etreverentia</span> <span class='ocrx_word' id='word_1_85' title='bbox 523 887 696 943; x_wconf 87' lang='lat' dir='ltr'>melioribus</span> <span class='ocrx_word' id='word_1_86' title='bbox 711 904 759 943; x_wconf 85' lang='lat' dir='ltr'>ex·</span> <span class='ocrx_word' id='word_1_87' title='bbox 812 883 843 939; x_wconf 93' lang='lat' dir='ltr'>in</span> <span class='ocrx_word' id='word_1_88' title='bbox 856 884 1006 955; x_wconf 87' lang='lat' dir='ltr'>ejusmodi</span> <span class='ocrx_word' id='word_1_89' title='bbox 1027 885 1143 941; x_wconf 87' lang='lat' dir='ltr'>virtutis</span> <span class='ocrx_word' id='word_1_90' title='bbox 1169 884 1340 957; x_wconf 85' lang='lat' dir='ltr'>exemplum</span> <span class='ocrx_word' id='word_1_91' title='bbox 1364 885 1448 960; x_wconf 89' lang='lat' dir='ltr'>quod</span> <span class='ocrx_word' id='word_1_92' title='bbox 1478 885 1639 957; x_wconf 88' lang='lat' dir='ltr'>imitemur,</span> 
     </span>
     <span class='ocr_line' id='line_1_9' title="bbox 57 973 1640 1050; baseline 0.002 -21"><span class='ocrx_word' id='word_1_93' title='bbox 57 990 95 1031; x_wconf 82' lang='lat' dir='ltr'>tm</span> <span class='ocrx_word' id='word_1_94' title='bbox 107 978 152 1030; x_wconf 87' lang='lat' dir='ltr'>est</span> <span class='ocrx_word' id='word_1_95' title='bbox 165 973 347 1030; x_wconf 83' lang='lat' dir='ltr'>heneficium</span> <span class='ocrx_word' id='word_1_96' title='bbox 363 975 538 1042; x_wconf 82' lang='lat' dir='ltr'>dilectionis,</span> <span class='ocrx_word' id='word_1_97' title='bbox 553 983 585 1033; x_wconf 91' lang='lat' dir='ltr'>ut</span> <span class='ocrx_word' id='word_1_98' title='bbox 599 977 656 1033; x_wconf 86' lang='lat' dir='ltr'>illis</span> <span class='ocrx_word' id='word_1_99' title='bbox 671 979 759 1050; x_wconf 87' lang='lat' dir='ltr'>qnasi</span> <span class='ocrx_word' id='word_1_100' title='bbox 812 973 1042 1046; x_wconf 89' lang='lat' dir='ltr'>quodammodo</span> <span class='ocrx_word' id='word_1_101' title='bbox 1054 973 1133 1031; x_wconf 90' lang='lat' dir='ltr'>taciti</span> <span class='ocrx_word' id='word_1_102' title='bbox 1148 977 1176 1030; x_wconf 93' lang='lat' dir='ltr'>et</span> <span class='ocrx_word' id='word_1_103' title='bbox 1191 973 1313 1044; x_wconf 90' lang='lat' dir='ltr'>alonge</span> <span class='ocrx_word' id='word_1_104' title='bbox 1332 974 1533 1047; x_wconf 85' lang='lat' dir='ltr'>considerare,</span> <span class='ocrx_word' id='word_1_105' title='bbox 1550 979 1583 1032; x_wconf 91' lang='lat' dir='ltr'>ut</span> <span class='ocrx_word' id='word_1_106' title='bbox 1595 977 1640 1032; x_wconf 87' lang='lat' dir='ltr'>ta·</span> 
     </span>
     <span class='ocr_line' id='line_1_10' title="bbox 57 1061 1641 1140; baseline 0.003 -21"><span class='ocrx_word' id='word_1_107' title='bbox 57 1062 149 1119; x_wconf 82' lang='lat' dir='ltr'>rsitate</span> <span class='ocrx_word' id='word_1_108' title='bbox 164 1061 322 1118; x_wconf 85' lang='lat' dir='ltr'>videamur</span> <span class='ocrx_word' id='word_1_109' title='bbox 336 1078 400 1119; x_wconf 90' lang='lat' dir='ltr'>csse</span> <span class='ocrx_word' id='word_1_110' title='bbox 416 1064 555 1137; x_wconf 84' lang='lat' dir='ltr'>subjecti,</span> <span class='ocrx_word' id='word_1_111' title='bbox 572 1069 684 1121; x_wconf 89' lang='lat' dir='ltr'>etcum</span> <span class='ocrx_word' id='word_1_112' title='bbox 695 1069 759 1121; x_wconf 91' lang='lat' dir='ltr'>tan-</span> <span class='ocrx_word' id='word_1_113' title='bbox 812 1079 883 1119; x_wconf 91' lang='lat' dir='ltr'>men</span> <span class='ocrx_word' id='word_1_114' title='bbox 897 1064 1082 1121; x_wconf 84' lang='lat' dir='ltr'>consortium</span> <span class='ocrx_word' id='word_1_115' title='bbox 1097 1062 1280 1138; x_wconf 90' lang='lat' dir='ltr'>cooperandi</span> <span class='ocrx_word' id='word_1_116' title='bbox 1301 1079 1459 1139; x_wconf 90' lang='lat' dir='ltr'>nunquam</span> <span class='ocrx_word' id='word_1_117' title='bbox 1476 1080 1641 1140; x_wconf 77' lang='lat' dir='ltr'>praesuma·</span> 
     </span>
     <span class='ocr_line' id='line_1_11' title="bbox 57 1149 1640 1228; baseline 0.003 -21"><span class='ocrx_word' id='word_1_118' title='bbox 57 1167 82 1207; x_wconf 76' lang='grc' dir='ltr'>ιιι</span> <span class='ocrx_word' id='word_1_119' title='bbox 97 1154 186 1223; x_wconf 88' lang='lat' dir='ltr'>atquc</span> <span class='ocrx_word' id='word_1_120' title='bbox 199 1149 345 1207; x_wconf 74' lang='lat' dir='ltr'>hilaritate</span> <span class='ocrx_word' id='word_1_121' title='bbox 362 1153 566 1224; x_wconf 83' lang='lat' dir='ltr'>superioribus</span> <span class='ocrx_word' id='word_1_122' title='bbox 581 1153 758 1209; x_wconf 86' lang='lat' dir='ltr'>solvendum</span> <span class='ocrx_word' id='word_1_123' title='bbox 812 1170 881 1209; x_wconf 91' lang='lat' dir='ltr'>mus</span> <span class='ocrx_word' id='word_1_124' title='bbox 897 1159 1043 1228; x_wconf 85' lang='lat' dir='ltr'>expetere,</span> <span class='ocrx_word' id='word_1_125' title='bbox 1060 1159 1209 1228; x_wconf 91' lang='lat' dir='ltr'>quatenus</span> <span class='ocrx_word' id='word_1_126' title='bbox 1224 1154 1297 1211; x_wconf 88' lang='lat' dir='ltr'>dum</span> <span class='ocrx_word' id='word_1_127' title='bbox 1313 1154 1355 1211; x_wconf 91' lang='lat' dir='ltr'>eis</span> <span class='ocrx_word' id='word_1_128' title='bbox 1368 1154 1480 1228; x_wconf 87' lang='lat' dir='ltr'>ubique</span> <span class='ocrx_word' id='word_1_129' title='bbox 1495 1155 1640 1224; x_wconf 89' lang='lat' dir='ltr'>cedimus,</span> 
     </span>
     <span class='ocr_line' id='line_1_12' title="bbox 57 1238 1641 1318; baseline 0.004 -24"><span class='ocrx_word' id='word_1_130' title='bbox 57 1239 167 1314; x_wconf 86' lang='lat' dir='ltr'>quium</span> <span class='ocrx_word' id='word_1_131' title='bbox 180 1238 384 1311; x_wconf 85' lang='lat' dir='ltr'>subjectionis,</span> <span class='ocrx_word' id='word_1_132' title='bbox 401 1246 434 1297; x_wconf 92' lang='lat' dir='ltr'>ut</span> <span class='ocrx_word' id='word_1_133' title='bbox 447 1242 511 1297; x_wconf 93' lang='lat' dir='ltr'>solo</span> <span class='ocrx_word' id='word_1_134' title='bbox 523 1242 759 1314; x_wconf 89' lang='lat' dir='ltr'>potiusdilectio-</span> <span class='ocrx_word' id='word_1_135' title='bbox 812 1242 898 1298; x_wconf 88' lang='lat' dir='ltr'>facile</span> <span class='ocrx_word' id='word_1_136' title='bbox 913 1258 950 1299; x_wconf 83' lang='lat' dir='ltr'>ex</span> <span class='ocrx_word' id='word_1_137' title='bbox 964 1248 1069 1301; x_wconf 90' lang='lat' dir='ltr'>nostra</span> <span class='ocrx_word' id='word_1_138' title='bbox 1084 1243 1233 1301; x_wconf 87' lang='lat' dir='ltr'>modestia</span> <span class='ocrx_word' id='word_1_139' title='bbox 1247 1243 1368 1318; x_wconf 88' lang='lat' dir='ltr'>clareat,</span> <span class='ocrx_word' id='word_1_140' title='bbox 1395 1260 1488 1318; x_wconf 89' lang='lat' dir='ltr'>quam</span> <span class='ocrx_word' id='word_1_141' title='bbox 1515 1243 1641 1301; x_wconf 87' lang='lat' dir='ltr'>humilia</span> 
     </span>
     <span class='ocr_line' id='line_1_13' title="bbox 57 1328 1643 1406; baseline 0.003 -21"><span class='ocrx_word' id='word_1_142' title='bbox 57 1335 89 1386; x_wconf 92' lang='lat' dir='ltr'>to</span> <span class='ocrx_word' id='word_1_143' title='bbox 99 1328 156 1385; x_wconf 92' lang='lat' dir='ltr'>illis</span> <span class='ocrx_word' id='word_1_144' title='bbox 171 1329 331 1386; x_wconf 84' lang='lat' dir='ltr'>credamur</span> <span class='ocrx_word' id='word_1_145' title='bbox 345 1330 466 1386; x_wconf 86' lang='lat' dir='ltr'>astricti.</span> <span class='ocrx_word' id='word_1_146' title='bbox 493 1331 559 1386; x_wconf 84' lang='lat' dir='ltr'>tatis</span> <span class='ocrx_word' id='word_1_147' title='bbox 585 1330 625 1387; x_wconf 94' lang='lat' dir='ltr'>sic</span> <span class='ocrx_word' id='word_1_148' title='bbox 649 1331 757 1388; x_wconf 84' lang='lat' dir='ltr'>redde·</span> <span class='ocrx_word' id='word_1_149' title='bbox 812 1330 850 1388; x_wconf 94' lang='lat' dir='ltr'>de</span> <span class='ocrx_word' id='word_1_150' title='bbox 861 1330 959 1400; x_wconf 91' lang='lat' dir='ltr'>nobis,</span> <span class='ocrx_word' id='word_1_151' title='bbox 976 1336 1005 1390; x_wconf 91' lang='lat' dir='ltr'>et</span> <span class='ocrx_word' id='word_1_152' title='bbox 1017 1348 1110 1406; x_wconf 91' lang='lat' dir='ltr'>quam</span> <span class='ocrx_word' id='word_1_153' title='bbox 1127 1332 1268 1390; x_wconf 89' lang='lat' dir='ltr'>sublimia</span> <span class='ocrx_word' id='word_1_154' title='bbox 1278 1332 1315 1389; x_wconf 88' lang='lat' dir='ltr'>de</span> <span class='ocrx_word' id='word_1_155' title='bbox 1330 1333 1386 1389; x_wconf 91' lang='lat' dir='ltr'>illis</span> <span class='ocrx_word' id='word_1_156' title='bbox 1401 1333 1575 1391; x_wconf 84' lang='lat' dir='ltr'>sentiamus.</span> <span class='ocrx_word' id='word_1_157' title='bbox 1590 1335 1643 1391; x_wconf 87' lang='lat' dir='ltr'>Ne-</span> 
     </span>
     <span class='ocr_line' id='line_1_14' title="bbox 57 1419 1642 1498; baseline 0.002 -22"><span class='ocrx_word' id='word_1_158' title='bbox 57 1419 165 1492; x_wconf 80' lang='lat' dir='ltr'>rquasi</span> <span class='ocrx_word' id='word_1_159' title='bbox 180 1424 316 1476; x_wconf 86' lang='lat' dir='ltr'>nostrum</span> <span class='ocrx_word' id='word_1_160' title='bbox 336 1419 606 1492; x_wconf 88' lang='lat' dir='ltr'>impenderemus;</span> <span class='ocrx_word' id='word_1_161' title='bbox 630 1420 688 1476; x_wconf 90' lang='lat' dir='ltr'>illis</span> <span class='ocrx_word' id='word_1_162' title='bbox 716 1422 756 1479; x_wconf 91' lang='lat' dir='ltr'>sie</span> <span class='ocrx_word' id='word_1_163' title='bbox 813 1420 958 1492; x_wconf 86' lang='lat' dir='ltr'>gligentes</span> <span class='ocrx_word' id='word_1_164' title='bbox 972 1439 1043 1478; x_wconf 84' lang='lat' dir='ltr'>vcro</span> <span class='ocrx_word' id='word_1_165' title='bbox 1063 1426 1092 1479; x_wconf 89' lang='lat' dir='ltr'>et</span> <span class='ocrx_word' id='word_1_166' title='bbox 1106 1423 1237 1480; x_wconf 77' lang='lat' dir='ltr'>maxime</span> <span class='ocrx_word' id='word_1_167' title='bbox 1252 1439 1303 1480; x_wconf 91' lang='lat' dir='ltr'>eos</span> <span class='ocrx_word' id='word_1_168' title='bbox 1327 1440 1458 1497; x_wconf 87' lang='lat' dir='ltr'>quarum</span> <span class='ocrx_word' id='word_1_169' title='bbox 1480 1438 1572 1498; x_wconf 87' lang='lat' dir='ltr'>opera</span> <span class='ocrx_word' id='word_1_170' title='bbox 1593 1421 1642 1480; x_wconf 77' lang='lat' dir='ltr'>vel</span> 
     </span>
     <span class='ocr_line' id='line_1_15' title="bbox 56 1509 1641 1587; baseline 0.003 -23"><span class='ocrx_word' id='word_1_171' title='bbox 56 1525 124 1565; x_wconf 85' lang='lat' dir='ltr'>mus</span> <span class='ocrx_word' id='word_1_172' title='bbox 139 1514 252 1579; x_wconf 90' lang='lat' dir='ltr'>nostra,</span> <span class='ocrx_word' id='word_1_173' title='bbox 268 1509 355 1582; x_wconf 90' lang='lat' dir='ltr'>quasi</span> <span class='ocrx_word' id='word_1_174' title='bbox 371 1526 459 1566; x_wconf 92' lang='lat' dir='ltr'>suum</span> <span class='ocrx_word' id='word_1_175' title='bbox 470 1509 675 1567; x_wconf 90' lang='lat' dir='ltr'>redderemus.</span> <span class='ocrx_word' id='word_1_176' title='bbox 813 1510 912 1567; x_wconf 88' lang='lat' dir='ltr'>studia</span> <span class='ocrx_word' id='word_1_177' title='bbox 938 1512 1172 1585; x_wconf 87' lang='lat' dir='ltr'>reprehensione</span> <span class='ocrx_word' id='word_1_178' title='bbox 1201 1513 1295 1584; x_wconf 85' lang='lat' dir='ltr'>digna</span> <span class='ocrx_word' id='word_1_179' title='bbox 1324 1517 1480 1587; x_wconf 87' lang='lat' dir='ltr'>apparent,</span> <span class='ocrx_word' id='word_1_180' title='bbox 1508 1512 1559 1570; x_wconf 89' lang='lat' dir='ltr'>tali</span> <span class='ocrx_word' id='word_1_181' title='bbox 1583 1528 1641 1569; x_wconf 90' lang='lat' dir='ltr'>nos</span> 
     </span>
     <span class='ocr_line' id='line_1_16' title="bbox 57 1599 1642 1674; baseline 0 -18"><span class='ocrx_word' id='word_1_182' title='bbox 57 1599 169 1672; x_wconf 86' lang='lat' dir='ltr'>enique</span> <span class='ocrx_word' id='word_1_183' title='bbox 195 1599 294 1656; x_wconf 86' lang='lat' dir='ltr'>modis</span> <span class='ocrx_word' id='word_1_184' title='bbox 323 1601 534 1658; x_wconf 89' lang='lat' dir='ltr'>discretionem</span> <span class='ocrx_word' id='word_1_185' title='bbox 560 1617 758 1674; x_wconf 90' lang='lat' dir='ltr'>personarum</span> <span class='ocrx_word' id='word_1_186' title='bbox 813 1599 930 1656; x_wconf 88' lang='lat' dir='ltr'>cautela</span> <span class='ocrx_word' id='word_1_187' title='bbox 943 1600 1093 1657; x_wconf 90' lang='lat' dir='ltr'>declinare</span> <span class='ocrx_word' id='word_1_188' title='bbox 1107 1605 1233 1674; x_wconf 91' lang='lat' dir='ltr'>oportet,</span> <span class='ocrx_word' id='word_1_189' title='bbox 1245 1605 1278 1659; x_wconf 91' lang='lat' dir='ltr'>ut</span> <span class='ocrx_word' id='word_1_190' title='bbox 1290 1605 1319 1659; x_wconf 91' lang='lat' dir='ltr'>et</span> <span class='ocrx_word' id='word_1_191' title='bbox 1333 1601 1485 1673; x_wconf 81' lang='lat' dir='ltr'>fugiamus</span> <span class='ocrx_word' id='word_1_192' title='bbox 1499 1601 1582 1674; x_wconf 92' lang='lat' dir='ltr'>quod</span> <span class='ocrx_word' id='word_1_193' title='bbox 1597 1600 1642 1656; x_wconf 89' lang='lat' dir='ltr'>fa·</span> 
     </span>
     <span class='ocr_line' id='line_1_17' title="bbox 57 1688 1643 1764; baseline 0.001 -17"><span class='ocrx_word' id='word_1_194' title='bbox 57 1704 101 1747; x_wconf 89' lang='lat' dir='ltr'>am</span> <span class='ocrx_word' id='word_1_195' title='bbox 117 1705 154 1745; x_wconf 84' lang='lat' dir='ltr'>ex</span> <span class='ocrx_word' id='word_1_196' title='bbox 163 1689 210 1744; x_wconf 91' lang='lat' dir='ltr'>his</span> <span class='ocrx_word' id='word_1_197' title='bbox 229 1689 409 1760; x_wconf 87' lang='lat' dir='ltr'>colligimus,</span> <span class='ocrx_word' id='word_1_198' title='bbox 426 1690 520 1746; x_wconf 87' lang='lat' dir='ltr'>trihus</span> <span class='ocrx_word' id='word_1_199' title='bbox 534 1690 701 1747; x_wconf 89' lang='lat' dir='ltr'>secondum</span> <span class='ocrx_word' id='word_1_200' title='bbox 716 1690 759 1745; x_wconf 91' lang='lat' dir='ltr'>di·</span> <span class='ocrx_word' id='word_1_201' title='bbox 777 1708 798 1762; x_wconf 87' lang='lat' dir='ltr'>B</span> <span class='ocrx_word' id='word_1_202' title='bbox 813 1688 905 1760; x_wconf 85' lang='lat' dir='ltr'>ciunt,</span> <span class='ocrx_word' id='word_1_203' title='bbox 920 1693 1061 1747; x_wconf 90' lang='lat' dir='ltr'>ettamen</span> <span class='ocrx_word' id='word_1_204' title='bbox 1075 1689 1210 1761; x_wconf 76' lang='lat' dir='ltr'>iudicare</span> <span class='ocrx_word' id='word_1_205' title='bbox 1223 1705 1284 1746; x_wconf 91' lang='lat' dir='ltr'>non</span> <span class='ocrx_word' id='word_1_206' title='bbox 1310 1705 1531 1764; x_wconf 79' lang='lat' dir='ltr'>praesumamus</span> <span class='ocrx_word' id='word_1_207' title='bbox 1558 1688 1643 1764; x_wconf 91' lang='lat' dir='ltr'>quod</span> 
     </span>
     <span class='ocr_line' id='line_1_18' title="bbox 57 1778 1644 1854; baseline 0 -20"><span class='ocrx_word' id='word_1_208' title='bbox 57 1794 83 1847; x_wconf 92' lang='lat' dir='ltr'>n,</span> <span class='ocrx_word' id='word_1_209' title='bbox 113 1781 141 1834; x_wconf 94' lang='lat' dir='ltr'>et</span> <span class='ocrx_word' id='word_1_210' title='bbox 165 1778 260 1835; x_wconf 89' lang='lat' dir='ltr'>tribus</span> <span class='ocrx_word' id='word_1_211' title='bbox 289 1780 457 1837; x_wconf 90' lang='lat' dir='ltr'>seeundum</span> <span class='ocrx_word' id='word_1_212' title='bbox 487 1780 755 1836; x_wconf 83' lang='lat' dir='ltr'>conversationem.</span> <span class='ocrx_word' id='word_1_213' title='bbox 813 1783 893 1836; x_wconf 89' lang='lat' dir='ltr'>sunt.</span> <span class='ocrx_word' id='word_1_214' title='bbox 910 1779 1081 1849; x_wconf 82' lang='lat' dir='ltr'>Cogitemus</span> <span class='ocrx_word' id='word_1_215' title='bbox 1096 1778 1127 1836; x_wconf 92' lang='lat' dir='ltr'>in</span> <span class='ocrx_word' id='word_1_216' title='bbox 1153 1778 1313 1851; x_wconf 85' lang='lat' dir='ltr'>ejusmodi,</span> <span class='ocrx_word' id='word_1_217' title='bbox 1342 1778 1552 1854; x_wconf 80' lang='lat' dir='ltr'>nobisneque</span> <span class='ocrx_word' id='word_1_218' title='bbox 1578 1778 1644 1836; x_wconf 86' lang='lat' dir='ltr'>dari</span> 
     </span>
     <span class='ocr_line' id='line_1_19' title="bbox 57 1867 1643 1942; baseline 0.001 -20"><span class='ocrx_word' id='word_1_219' title='bbox 57 1882 126 1940; x_wconf 82' lang='lat' dir='ltr'>tque</span> <span class='ocrx_word' id='word_1_220' title='bbox 135 1867 302 1923; x_wconf 89' lang='lat' dir='ltr'>secundum</span> <span class='ocrx_word' id='word_1_221' title='bbox 313 1867 489 1937; x_wconf 83' lang='lat' dir='ltr'>dignitatem</span> <span class='ocrx_word' id='word_1_222' title='bbox 499 1867 666 1940; x_wconf 90' lang='lat' dir='ltr'>superiores</span> <span class='ocrx_word' id='word_1_223' title='bbox 677 1872 756 1938; x_wconf 91' lang='lat' dir='ltr'>sunt,</span> <span class='ocrx_word' id='word_1_224' title='bbox 812 1867 985 1941; x_wconf 80' lang='lat' dir='ltr'>exemplum</span> <span class='ocrx_word' id='word_1_225' title='bbox 1000 1884 1099 1940; x_wconf 86' lang='lat' dir='ltr'>neque</span> <span class='ocrx_word' id='word_1_226' title='bbox 1113 1868 1244 1942; x_wconf 87' lang='lat' dir='ltr'>permitti</span> <span class='ocrx_word' id='word_1_227' title='bbox 1257 1868 1416 1939; x_wconf 86' lang='lat' dir='ltr'>judicium,</span> <span class='ocrx_word' id='word_1_228' title='bbox 1441 1867 1584 1940; x_wconf 86' lang='lat' dir='ltr'>quiahoc</span> <span class='ocrx_word' id='word_1_229' title='bbox 1611 1867 1643 1924; x_wconf 92' lang='lat' dir='ltr'>in</span> 
     </span>
     <span class='ocr_line' id='line_1_20' title="bbox 57 1954 1643 2030; baseline -0.001 -18"><span class='ocrx_word' id='word_1_230' title='bbox 57 1954 133 2018; x_wconf 74' lang='lat' dir='ltr'>mles.</span> <span class='ocrx_word' id='word_1_231' title='bbox 148 1956 198 2012; x_wconf 90' lang='lat' dir='ltr'>alii</span> <span class='ocrx_word' id='word_1_232' title='bbox 213 1955 377 2012; x_wconf 89' lang='lat' dir='ltr'>inferiores.</span> <span class='ocrx_word' id='word_1_233' title='bbox 397 1956 606 2030; x_wconf 85' lang='lat' dir='ltr'>Superioribus</span> <span class='ocrx_word' id='word_1_234' title='bbox 617 1956 758 2013; x_wconf 90' lang='lat' dir='ltr'>obedien·</span> <span class='ocrx_word' id='word_1_235' title='bbox 812 1956 854 2012; x_wconf 87' lang='lat' dir='ltr'>eis</span> <span class='ocrx_word' id='word_1_236' title='bbox 863 1956 997 2013; x_wconf 80' lang='lat' dir='ltr'>fortassis</span> <span class='ocrx_word' id='word_1_237' title='bbox 1010 1956 1179 2028; x_wconf 88' lang='lat' dir='ltr'>ignorantia</span> <span class='ocrx_word' id='word_1_238' title='bbox 1189 1956 1405 2013; x_wconf 87' lang='lat' dir='ltr'>autinfirmitas</span> <span class='ocrx_word' id='word_1_239' title='bbox 1417 1959 1548 2025; x_wconf 83' lang='lat' dir='ltr'>excusat,</span> <span class='ocrx_word' id='word_1_240' title='bbox 1560 1954 1643 2030; x_wconf 91' lang='lat' dir='ltr'>quod</span> 
     </span>
     <span class='ocr_line' id='line_1_21' title="bbox 57 2045 1644 2119; baseline -0.001 -18"><span class='ocrx_word' id='word_1_241' title='bbox 57 2060 176 2116; x_wconf 87' lang='lat' dir='ltr'>norem,</span> <span class='ocrx_word' id='word_1_242' title='bbox 193 2045 375 2119; x_wconf 87' lang='lat' dir='ltr'>obsequium</span> <span class='ocrx_word' id='word_1_243' title='bbox 390 2051 418 2102; x_wconf 92' lang='lat' dir='ltr'>et</span> <span class='ocrx_word' id='word_1_244' title='bbox 432 2046 653 2103; x_wconf 86' lang='lat' dir='ltr'>venerationem</span> <span class='ocrx_word' id='word_1_245' title='bbox 669 2045 758 2102; x_wconf 90' lang='lat' dir='ltr'>debe·</span> <span class='ocrx_word' id='word_1_246' title='bbox 813 2045 972 2103; x_wconf 86' lang='lat' dir='ltr'>sianobis</span> <span class='ocrx_word' id='word_1_247' title='bbox 987 2046 1080 2114; x_wconf 88' lang='lat' dir='ltr'>fieret,</span> <span class='ocrx_word' id='word_1_248' title='bbox 1106 2046 1328 2103; x_wconf 85' lang='lat' dir='ltr'>excusationem</span> <span class='ocrx_word' id='word_1_249' title='bbox 1348 2061 1410 2102; x_wconf 93' lang='lat' dir='ltr'>non</span> <span class='ocrx_word' id='word_1_250' title='bbox 1424 2045 1558 2102; x_wconf 85' lang='lat' dir='ltr'>haberet.</span> <span class='ocrx_word' id='word_1_251' title='bbox 1588 2049 1644 2101; x_wconf 90' lang='lat' dir='ltr'>lta·</span> 
     </span>
     <span class='ocr_line' id='line_1_22' title="bbox 57 2133 1643 2209; baseline 0.001 -20"><span class='ocrx_word' id='word_1_252' title='bbox 57 2133 157 2193; x_wconf 88' lang='lat' dir='ltr'>tibere.</span> <span class='ocrx_word' id='word_1_253' title='bbox 177 2150 247 2190; x_wconf 89' lang='lat' dir='ltr'>cum</span> <span class='ocrx_word' id='word_1_254' title='bbox 263 2134 431 2206; x_wconf 77' lang='lat' dir='ltr'>aequalibus</span> <span class='ocrx_word' id='word_1_255' title='bbox 455 2151 563 2208; x_wconf 89' lang='lat' dir='ltr'>pacem</span> <span class='ocrx_word' id='word_1_256' title='bbox 578 2140 606 2192; x_wconf 93' lang='lat' dir='ltr'>et</span> <span class='ocrx_word' id='word_1_257' title='bbox 634 2150 757 2192; x_wconf 90' lang='lat' dir='ltr'>coneor-</span> <span class='ocrx_word' id='word_1_258' title='bbox 812 2151 872 2209; x_wconf 90' lang='lat' dir='ltr'>que</span> <span class='ocrx_word' id='word_1_259' title='bbox 887 2139 1065 2192; x_wconf 88' lang='lat' dir='ltr'>necesseest</span> <span class='ocrx_word' id='word_1_260' title='bbox 1079 2139 1114 2192; x_wconf 89' lang='lat' dir='ltr'>ut</span> <span class='ocrx_word' id='word_1_261' title='bbox 1141 2135 1218 2192; x_wconf 89' lang='lat' dir='ltr'>sicut</span> <span class='ocrx_word' id='word_1_262' title='bbox 1242 2134 1442 2208; x_wconf 88' lang='lat' dir='ltr'>perlectorum</span> <span class='ocrx_word' id='word_1_263' title='bbox 1471 2133 1643 2191; x_wconf 89' lang='lat' dir='ltr'>societatem</span> 
     </span>
     <span class='ocr_line' id='line_1_23' title="bbox 57 2222 1643 2300; baseline 0.001 -20"><span class='ocrx_word' id='word_1_264' title='bbox 57 2222 194 2289; x_wconf 89' lang='lat' dir='ltr'>ustodiro‚</span> <span class='ocrx_word' id='word_1_265' title='bbox 222 2223 350 2279; x_wconf 85' lang='lat' dir='ltr'>invicem</span> <span class='ocrx_word' id='word_1_266' title='bbox 378 2224 534 2298; x_wconf 87' lang='lat' dir='ltr'>obsequio,</span> <span class='ocrx_word' id='word_1_267' title='bbox 561 2224 708 2280; x_wconf 89' lang='lat' dir='ltr'>beneficio</span> <span class='ocrx_word' id='word_1_268' title='bbox 730 2227 759 2280; x_wconf 91' lang='lat' dir='ltr'>et</span> <span class='ocrx_word' id='word_1_269' title='bbox 812 2230 935 2299; x_wconf 86' lang='lat' dir='ltr'>propter</span> <span class='ocrx_word' id='word_1_270' title='bbox 949 2226 1147 2283; x_wconf 84' lang='lat' dir='ltr'>reverentiam</span> <span class='ocrx_word' id='word_1_271' title='bbox 1173 2229 1315 2300; x_wconf 89' lang='lat' dir='ltr'>appetere</span> <span class='ocrx_word' id='word_1_272' title='bbox 1337 2242 1399 2281; x_wconf 92' lang='lat' dir='ltr'>non</span> <span class='ocrx_word' id='word_1_273' title='bbox 1418 2224 1643 2298; x_wconf 74' lang='lat' dir='ltr'>presumimus,</span> 
     </span>
     <span class='ocr_line' id='line_1_24' title="bbox 57 2313 1644 2389; baseline -0.001 -19"><span class='ocrx_word' id='word_1_274' title='bbox 57 2313 229 2388; x_wconf 70' lang='lat' dir='ltr'>praevenire,</span> <span class='ocrx_word' id='word_1_275' title='bbox 246 2313 274 2369; x_wconf 89' lang='lat' dir='ltr'>iu</span> <span class='ocrx_word' id='word_1_276' title='bbox 291 2313 374 2370; x_wconf 92' lang='lat' dir='ltr'>omni</span> <span class='ocrx_word' id='word_1_277' title='bbox 390 2314 505 2370; x_wconf 88' lang='lat' dir='ltr'>actione</span> <span class='ocrx_word' id='word_1_278' title='bbox 520 2319 549 2370; x_wconf 92' lang='lat' dir='ltr'>ct</span> <span class='ocrx_word' id='word_1_279' title='bbox 560 2314 653 2370; x_wconf 70' lang='lat' dir='ltr'>vcrlro</span> <span class='ocrx_word' id='word_1_280' title='bbox 669 2329 757 2387; x_wconf 88' lang='lat' dir='ltr'>supe·</span> <span class='ocrx_word' id='word_1_281' title='bbox 812 2315 853 2371; x_wconf 90' lang='lat' dir='ltr'>ita</span> <span class='ocrx_word' id='word_1_282' title='bbox 871 2329 994 2389; x_wconf 91' lang='lat' dir='ltr'>quoque</span> <span class='ocrx_word' id='word_1_283' title='bbox 1008 2314 1134 2370; x_wconf 89' lang='lat' dir='ltr'>istorum</span> <span class='ocrx_word' id='word_1_284' title='bbox 1150 2313 1333 2371; x_wconf 90' lang='lat' dir='ltr'>consortium</span> <span class='ocrx_word' id='word_1_285' title='bbox 1349 2318 1471 2387; x_wconf 88' lang='lat' dir='ltr'>propter</span> <span class='ocrx_word' id='word_1_286' title='bbox 1496 2313 1644 2370; x_wconf 90' lang='lat' dir='ltr'>cautelam</span> 
     </span>
     <span class='ocr_line' id='line_1_25' title="bbox 57 2400 1645 2477; baseline 0.001 -19"><span class='ocrx_word' id='word_1_287' title='bbox 57 2400 92 2459; x_wconf 81' lang='lat' dir='ltr'>eis</span> <span class='ocrx_word' id='word_1_288' title='bbox 106 2401 207 2458; x_wconf 89' lang='lat' dir='ltr'>locum</span> <span class='ocrx_word' id='word_1_289' title='bbox 223 2401 362 2459; x_wconf 89' lang='lat' dir='ltr'>tribucre.</span> <span class='ocrx_word' id='word_1_290' title='bbox 380 2405 414 2459; x_wconf 86' lang='lat' dir='ltr'>Et</span> <span class='ocrx_word' id='word_1_291' title='bbox 429 2402 453 2458; x_wconf 93' lang='lat' dir='ltr'>si</span> <span class='ocrx_word' id='word_1_292' title='bbox 475 2402 600 2476; x_wconf 90' lang='lat' dir='ltr'>quando</span> <span class='ocrx_word' id='word_1_293' title='bbox 625 2403 758 2459; x_wconf 83' lang='lat' dir='ltr'>fortassis</span> <span class='ocrx_word' id='word_1_294' title='bbox 813 2404 977 2476; x_wconf 87' lang='lat' dir='ltr'>fugiamus,</span> <span class='ocrx_word' id='word_1_295' title='bbox 1003 2404 1068 2460; x_wconf 91' lang='lat' dir='ltr'>illos</span> <span class='ocrx_word' id='word_1_296' title='bbox 1094 2403 1283 2471; x_wconf 89' lang='lat' dir='ltr'>honorando,</span> <span class='ocrx_word' id='word_1_297' title='bbox 1313 2404 1385 2477; x_wconf 88' lang='lat' dir='ltr'>quia</span> <span class='ocrx_word' id='word_1_298' title='bbox 1400 2402 1511 2461; x_wconf 88' lang='lat' dir='ltr'>talibus</span> <span class='ocrx_word' id='word_1_299' title='bbox 1538 2403 1645 2460; x_wconf 89' lang='lat' dir='ltr'>sociari</span> 
     </span>
     <span class='ocr_line' id='line_1_26' title="bbox 57 2478 1647 2567; baseline 0.003 -21"><span class='ocrx_word' id='word_1_300' title='bbox 57 2505 78 2547; x_wconf 86' lang='lat' dir='ltr'>o</span> <span class='ocrx_word' id='word_1_301' title='bbox 93 2489 214 2562; x_wconf 90' lang='lat' dir='ltr'>negotio</span> <span class='ocrx_word' id='word_1_302' title='bbox 234 2506 285 2546; x_wconf 93' lang='lat' dir='ltr'>eos</span> <span class='ocrx_word' id='word_1_303' title='bbox 300 2490 405 2564; x_wconf 74' lang='lat' dir='ltr'>praeire</span> <span class='ocrx_word' id='word_1_304' title='bbox 420 2506 576 2563; x_wconf 86' lang='lat' dir='ltr'>cogamur,</span> <span class='ocrx_word' id='word_1_305' title='bbox 593 2491 758 2548; x_wconf 88' lang='lat' dir='ltr'>cumomni</span> <span class='ocrx_word' id='word_1_306' title='bbox 812 2492 897 2565; x_wconf 91' lang='lat' dir='ltr'>digni</span> <span class='ocrx_word' id='word_1_307' title='bbox 908 2507 1097 2564; x_wconf 90' lang='lat' dir='ltr'>nonsumns,</span> <span class='ocrx_word' id='word_1_308' title='bbox 1108 2492 1180 2550; x_wconf 89' lang='lat' dir='ltr'>istos</span> <span class='ocrx_word' id='word_1_309' title='bbox 1193 2493 1339 2564; x_wconf 88' lang='lat' dir='ltr'>cavendo,</span> <span class='ocrx_word' id='word_1_310' title='bbox 1350 2478 1542 2567; x_wconf 70' lang='lat' dir='ltr'>quintilibus</span> <span class='ocrx_word' id='word_1_311' title='bbox 1554 2491 1647 2550; x_wconf 88' lang='lat' dir='ltr'>socia·</span> 
     </span>
     <span class='ocr_line' id='line_1_27' title="bbox 57 2579 1644 2657; baseline 0 -20"><span class='ocrx_word' id='word_1_312' title='bbox 57 2582 94 2637; x_wconf 84' lang='lat' dir='ltr'>tte</span> <span class='ocrx_word' id='word_1_313' title='bbox 110 2584 138 2636; x_wconf 90' lang='lat' dir='ltr'>et</span> <span class='ocrx_word' id='word_1_314' title='bbox 148 2579 313 2636; x_wconf 85' lang='lat' dir='ltr'>reverentia</span> <span class='ocrx_word' id='word_1_315' title='bbox 341 2597 409 2652; x_wconf 84' lang='lat' dir='ltr'>quae</span> <span class='ocrx_word' id='word_1_316' title='bbox 434 2579 574 2636; x_wconf 83' lang='lat' dir='ltr'>facienda</span> <span class='ocrx_word' id='word_1_317' title='bbox 599 2583 669 2636; x_wconf 90' lang='lat' dir='ltr'>sunt</span> <span class='ocrx_word' id='word_1_318' title='bbox 696 2595 758 2636; x_wconf 90' lang='lat' dir='ltr'>non</span> <span class='ocrx_word' id='word_1_319' title='bbox 813 2583 834 2640; x_wconf 89' lang='lat' dir='ltr'>ti</span> <span class='ocrx_word' id='word_1_320' title='bbox 848 2583 934 2640; x_wconf 90' lang='lat' dir='ltr'>facile</span> <span class='ocrx_word' id='word_1_321' title='bbox 949 2582 1101 2656; x_wconf 89' lang='lat' dir='ltr'>corrumpi</span> <span class='ocrx_word' id='word_1_322' title='bbox 1115 2598 1289 2656; x_wconf 86' lang='lat' dir='ltr'>possumus.</span> <span class='ocrx_word' id='word_1_323' title='bbox 1305 2585 1448 2639; x_wconf 86' lang='lat' dir='ltr'>Praeterea</span> <span class='ocrx_word' id='word_1_324' title='bbox 1464 2582 1540 2639; x_wconf 88' lang='lat' dir='ltr'>sicut</span> <span class='ocrx_word' id='word_1_325' title='bbox 1552 2582 1577 2639; x_wconf 93' lang='lat' dir='ltr'>is</span> <span class='ocrx_word' id='word_1_326' title='bbox 1592 2581 1644 2657; x_wconf 90' lang='lat' dir='ltr'>qui</span> 
     </span>
     <span class='ocr_line' id='line_1_28' title="bbox 57 2668 1646 2746; baseline 0.001 -21"><span class='ocrx_word' id='word_1_327' title='bbox 57 2668 151 2725; x_wconf 89' lang='lat' dir='ltr'>resed</span> <span class='ocrx_word' id='word_1_328' title='bbox 163 2668 380 2741; x_wconf 89' lang='lat' dir='ltr'>demonstrare,</span> <span class='ocrx_word' id='word_1_329' title='bbox 397 2673 425 2725; x_wconf 91' lang='lat' dir='ltr'>et</span> <span class='ocrx_word' id='word_1_330' title='bbox 437 2668 462 2724; x_wconf 92' lang='lat' dir='ltr'>si</span> <span class='ocrx_word' id='word_1_331' title='bbox 477 2673 510 2725; x_wconf 91' lang='lat' dir='ltr'>ut</span> <span class='ocrx_word' id='word_1_332' title='bbox 523 2669 579 2743; x_wconf 90' lang='lat' dir='ltr'>ipsi</span> <span class='ocrx_word' id='word_1_333' title='bbox 600 2685 656 2725; x_wconf 94' lang='lat' dir='ltr'>nos</span> <span class='ocrx_word' id='word_1_334' title='bbox 681 2685 757 2742; x_wconf 80' lang='lat' dir='ltr'>prce-</span> <span class='ocrx_word' id='word_1_335' title='bbox 814 2671 1019 2746; x_wconf 89' lang='lat' dir='ltr'>superioribus</span> <span class='ocrx_word' id='word_1_336' title='bbox 1047 2686 1167 2745; x_wconf 90' lang='lat' dir='ltr'>semper</span> <span class='ocrx_word' id='word_1_337' title='bbox 1192 2671 1301 2728; x_wconf 88' lang='lat' dir='ltr'>sociari</span> <span class='ocrx_word' id='word_1_338' title='bbox 1327 2671 1449 2745; x_wconf 88' lang='lat' dir='ltr'>appetit,</span> <span class='ocrx_word' id='word_1_339' title='bbox 1476 2687 1508 2726; x_wconf 93' lang='lat' dir='ltr'>se</span> <span class='ocrx_word' id='word_1_340' title='bbox 1534 2670 1646 2728; x_wconf 90' lang='lat' dir='ltr'>elatum</span> 
     </span>
     <span class='ocr_line' id='line_1_29' title="bbox 57 2756 1645 2833; baseline -0.002 -17"><span class='ocrx_word' id='word_1_341' title='bbox 57 2758 213 2829; x_wconf 75' lang='lat' dir='ltr'>contigerit,</span> <span class='ocrx_word' id='word_1_342' title='bbox 227 2776 297 2815; x_wconf 90' lang='lat' dir='ltr'>cum</span> <span class='ocrx_word' id='word_1_343' title='bbox 308 2759 458 2816; x_wconf 88' lang='lat' dir='ltr'>alacritate</span> <span class='ocrx_word' id='word_1_344' title='bbox 470 2764 498 2815; x_wconf 86' lang='lat' dir='ltr'>et</span> <span class='ocrx_word' id='word_1_345' title='bbox 511 2760 669 2816; x_wconf 90' lang='lat' dir='ltr'>devotione</span> <span class='ocrx_word' id='word_1_346' title='bbox 684 2776 759 2833; x_wconf 90' lang='lat' dir='ltr'>qua·</span> <span class='ocrx_word' id='word_1_347' title='bbox 801 2756 879 2818; x_wconf 73' lang='lat' dir='ltr'>&#39;esse</span> <span class='ocrx_word' id='word_1_348' title='bbox 893 2758 1015 2831; x_wconf 89' lang='lat' dir='ltr'>indicat,</span> <span class='ocrx_word' id='word_1_349' title='bbox 1032 2758 1136 2833; x_wconf 88' lang='lat' dir='ltr'>itaqui</span> <span class='ocrx_word' id='word_1_350' title='bbox 1151 2775 1221 2816; x_wconf 91' lang='lat' dir='ltr'>cum</span> <span class='ocrx_word' id='word_1_351' title='bbox 1236 2758 1391 2831; x_wconf 87' lang='lat' dir='ltr'>pejoribus</span> <span class='ocrx_word' id='word_1_352' title='bbox 1421 2757 1543 2814; x_wconf 89' lang='lat' dir='ltr'>assidue</span> <span class='ocrx_word' id='word_1_353' title='bbox 1573 2773 1645 2813; x_wconf 90' lang='lat' dir='ltr'>con·</span> 
     </span>
     <span class='ocr_line' id='line_1_30' title="bbox 57 2845 1646 2921; baseline -0.001 -17"><span class='ocrx_word' id='word_1_354' title='bbox 57 2848 216 2905; x_wconf 76' lang='lat' dir='ltr'>recessitate</span> <span class='ocrx_word' id='word_1_355' title='bbox 245 2847 370 2920; x_wconf 89' lang='lat' dir='ltr'>subjecti</span> <span class='ocrx_word' id='word_1_356' title='bbox 400 2847 532 2905; x_wconf 87' lang='lat' dir='ltr'>obedire.</span> <span class='ocrx_word' id='word_1_357' title='bbox 567 2848 758 2906; x_wconf 85' lang='lat' dir='ltr'>inferioribus</span> <span class='ocrx_word' id='word_1_358' title='bbox 814 2848 928 2905; x_wconf 79' lang='lat' dir='ltr'>versari</span> <span class='ocrx_word' id='word_1_359' title='bbox 955 2848 1147 2920; x_wconf 89' lang='lat' dir='ltr'>concupiscit,</span> <span class='ocrx_word' id='word_1_360' title='bbox 1175 2847 1373 2921; x_wconf 82' lang='lat' dir='ltr'>depravatum</span> <span class='ocrx_word' id='word_1_361' title='bbox 1388 2863 1419 2904; x_wconf 92' lang='lat' dir='ltr'>se</span> <span class='ocrx_word' id='word_1_362' title='bbox 1432 2863 1497 2904; x_wconf 88' lang='lat' dir='ltr'>asse</span> <span class='ocrx_word' id='word_1_363' title='bbox 1522 2845 1646 2904; x_wconf 90' lang='lat' dir='ltr'>demon·</span> 
     </span>
     <span class='ocr_line' id='line_1_31' title="bbox 62 2935 1646 3011; baseline -0.001 -17"><span class='ocrx_word' id='word_1_364' title='bbox 62 2935 243 2995; x_wconf 88' lang='lat' dir='ltr'>beneficium</span> <span class='ocrx_word' id='word_1_365' title='bbox 258 2942 287 2993; x_wconf 93' lang='lat' dir='ltr'>et</span> <span class='ocrx_word' id='word_1_366' title='bbox 301 2936 445 2993; x_wconf 84' lang='lat' dir='ltr'>auxilium</span> <span class='ocrx_word' id='word_1_367' title='bbox 473 2937 657 3009; x_wconf 86' lang='lat' dir='ltr'>impendere,</span> <span class='ocrx_word' id='word_1_368' title='bbox 682 2953 757 2993; x_wconf 90' lang='lat' dir='ltr'>nun·</span> <span class='ocrx_word' id='word_1_369' title='bbox 817 2942 898 2994; x_wconf 87' lang='lat' dir='ltr'>strat.</span> <span class='ocrx_word' id='word_1_370' title='bbox 914 2939 947 2994; x_wconf 84' lang='lat' dir='ltr'>at</span> <span class='ocrx_word' id='word_1_371' title='bbox 961 2936 1028 2993; x_wconf 89' lang='lat' dir='ltr'>ideo</span> <span class='ocrx_word' id='word_1_372' title='bbox 1043 2953 1113 2993; x_wconf 90' lang='lat' dir='ltr'>cum</span> <span class='ocrx_word' id='word_1_373' title='bbox 1128 2936 1279 2994; x_wconf 90' lang='lat' dir='ltr'>malorum</span> <span class='ocrx_word' id='word_1_374' title='bbox 1294 2937 1478 2994; x_wconf 90' lang='lat' dir='ltr'>consortium</span> <span class='ocrx_word' id='word_1_375' title='bbox 1506 2939 1646 3011; x_wconf 90' lang='lat' dir='ltr'>appetere</span> 
     </span>
     <span class='ocr_line' id='line_1_32' title="bbox 57 3024 1645 3121; baseline 0 -39"><span class='ocrx_word' id='word_1_376' title='bbox 57 3041 250 3100; x_wconf 86' lang='lat' dir='ltr'>nproperare,</span> <span class='ocrx_word' id='word_1_377' title='bbox 261 3024 323 3080; x_wconf 91' lang='lat' dir='ltr'>sine</span> <span class='ocrx_word' id='word_1_378' title='bbox 336 3025 517 3081; x_wconf 89' lang='lat' dir='ltr'>contumelia</span> <span class='ocrx_word' id='word_1_379' title='bbox 526 3025 685 3099; x_wconf 88' lang='lat' dir='ltr'>corripere,</span> <span class='ocrx_word' id='word_1_380' title='bbox 695 3025 757 3082; x_wconf 91' lang='lat' dir='ltr'>sine</span> <span class='ocrx_word' id='word_1_381' title='bbox 774 3066 794 3121; x_wconf 72' lang='lat' dir='ltr'>C</span> <span class='ocrx_word' id='word_1_382' title='bbox 816 3027 969 3096; x_wconf 89' lang='lat' dir='ltr'>nolumus,</span> <span class='ocrx_word' id='word_1_383' title='bbox 985 3026 1097 3100; x_wconf 86' lang='lat' dir='ltr'>duplex</span> <span class='ocrx_word' id='word_1_384' title='bbox 1107 3025 1197 3083; x_wconf 90' lang='lat' dir='ltr'>nobis</span> <span class='ocrx_word' id='word_1_385' title='bbox 1211 3026 1344 3083; x_wconf 88' lang='lat' dir='ltr'>utilitatis</span> <span class='ocrx_word' id='word_1_386' title='bbox 1371 3027 1485 3084; x_wconf 88' lang='lat' dir='ltr'>fructus</span> <span class='ocrx_word' id='word_1_387' title='bbox 1498 3025 1645 3101; x_wconf 86' lang='lat' dir='ltr'>provenit,</span> 
     </span>
     <span class='ocr_line' id='line_1_33' title="bbox 57 3113 1647 3189; baseline -0.001 -17"><span class='ocrx_word' id='word_1_388' title='bbox 57 3113 273 3185; x_wconf 88' lang='lat' dir='ltr'>agubernare,</span> <span class='ocrx_word' id='word_1_389' title='bbox 304 3114 368 3170; x_wconf 89' lang='lat' dir='ltr'>sine</span> <span class='ocrx_word' id='word_1_390' title='bbox 397 3114 569 3171; x_wconf 88' lang='lat' dir='ltr'>crudelitate</span> <span class='ocrx_word' id='word_1_391' title='bbox 601 3114 757 3185; x_wconf 87' lang='lat' dir='ltr'>castigare,</span> <span class='ocrx_word' id='word_1_392' title='bbox 816 3115 888 3189; x_wconf 90' lang='lat' dir='ltr'>quia</span> <span class='ocrx_word' id='word_1_393' title='bbox 900 3119 928 3173; x_wconf 92' lang='lat' dir='ltr'>et</span> <span class='ocrx_word' id='word_1_394' title='bbox 942 3115 1063 3189; x_wconf 88' lang='lat' dir='ltr'>eulpam</span> <span class='ocrx_word' id='word_1_395' title='bbox 1076 3115 1221 3189; x_wconf 87' lang='lat' dir='ltr'>fugimus,</span> <span class='ocrx_word' id='word_1_396' title='bbox 1234 3119 1262 3172; x_wconf 91' lang='lat' dir='ltr'>et</span> <span class='ocrx_word' id='word_1_397' title='bbox 1275 3116 1454 3174; x_wconf 76' lang='lat' dir='ltr'>innocentia</span> <span class='ocrx_word' id='word_1_398' title='bbox 1465 3120 1575 3173; x_wconf 75' lang='lat' dir='ltr'>nostra</span> <span class='ocrx_word' id='word_1_399' title='bbox 1590 3118 1647 3172; x_wconf 86' lang='lat' dir='ltr'>tes·</span> 
     </span>
     <span class='ocr_line' id='line_1_34' title="bbox 57 3202 1646 3277; baseline 0.003 -21"><span class='ocrx_word' id='word_1_400' title='bbox 57 3207 120 3261; x_wconf 60' lang='lat' dir='ltr'>itate</span> <span class='ocrx_word' id='word_1_401' title='bbox 133 3204 243 3260; x_wconf 82' lang='lat' dir='ltr'>fovere.</span> <span class='ocrx_word' id='word_1_402' title='bbox 261 3203 488 3260; x_wconf 76' lang='lat' dir='ltr'>venerationem</span> <span class='ocrx_word' id='word_1_403' title='bbox 501 3220 562 3261; x_wconf 91' lang='lat' dir='ltr'>non</span> <span class='ocrx_word' id='word_1_404' title='bbox 571 3204 698 3274; x_wconf 86' lang='lat' dir='ltr'>exigere,</span> <span class='ocrx_word' id='word_1_405' title='bbox 715 3218 760 3260; x_wconf 91' lang='lat' dir='ltr'>so·</span> <span class='ocrx_word' id='word_1_406' title='bbox 816 3203 976 3260; x_wconf 91' lang='lat' dir='ltr'>timonium</span> <span class='ocrx_word' id='word_1_407' title='bbox 990 3202 1194 3277; x_wconf 87' lang='lat' dir='ltr'>perhibemus.</span> <span class='ocrx_word' id='word_1_408' title='bbox 1217 3204 1396 3271; x_wconf 88' lang='lat' dir='ltr'>Quotidiana</span> <span class='ocrx_word' id='word_1_409' title='bbox 1416 3204 1506 3276; x_wconf 92' lang='lat' dir='ltr'>igitur</span> <span class='ocrx_word' id='word_1_410' title='bbox 1535 3206 1565 3261; x_wconf 90' lang='lat' dir='ltr'>et</span> <span class='ocrx_word' id='word_1_411' title='bbox 1589 3202 1646 3260; x_wconf 87' lang='lat' dir='ltr'>fre-</span> 
     </span>
     <span class='ocr_line' id='line_1_35' title="bbox 57 3290 1648 3367; baseline -0.002 -16"><span class='ocrx_word' id='word_1_412' title='bbox 57 3297 169 3367; x_wconf 85' lang='lat' dir='ltr'>tatque</span> <span class='ocrx_word' id='word_1_413' title='bbox 182 3293 382 3366; x_wconf 73' lang='lat' dir='ltr'>aequalitatem</span> <span class='ocrx_word' id='word_1_414' title='bbox 399 3310 511 3359; x_wconf 88' lang='lat' dir='ltr'>amare,</span> <span class='ocrx_word' id='word_1_415' title='bbox 525 3293 693 3366; x_wconf 87' lang='lat' dir='ltr'>majoribus</span> <span class='ocrx_word' id='word_1_416' title='bbox 708 3310 761 3367; x_wconf 92' lang='lat' dir='ltr'>per</span> <span class='ocrx_word' id='word_1_417' title='bbox 814 3307 911 3364; x_wconf 89' lang='lat' dir='ltr'>quens</span> <span class='ocrx_word' id='word_1_418' title='bbox 924 3292 1110 3352; x_wconf 84' lang='lat' dir='ltr'>conversatio</span> <span class='ocrx_word' id='word_1_419' title='bbox 1123 3296 1228 3350; x_wconf 91' lang='lat' dir='ltr'>nostra</span> <span class='ocrx_word' id='word_1_420' title='bbox 1243 3309 1313 3350; x_wconf 89' lang='lat' dir='ltr'>eum</span> <span class='ocrx_word' id='word_1_421' title='bbox 1336 3292 1443 3349; x_wconf 85' lang='lat' dir='ltr'>mediis</span> <span class='ocrx_word' id='word_1_422' title='bbox 1471 3295 1500 3349; x_wconf 91' lang='lat' dir='ltr'>at</span> <span class='ocrx_word' id='word_1_423' title='bbox 1527 3290 1648 3366; x_wconf 78' lang='lat' dir='ltr'>aquali·</span> 
     </span>
     <span class='ocr_line' id='line_1_36' title="bbox 57 3380 1647 3457; baseline -0.003 -16"><span class='ocrx_word' id='word_1_424' title='bbox 57 3401 68 3441; x_wconf 85' lang='lat' dir='ltr'>r</span> <span class='ocrx_word' id='word_1_425' title='bbox 82 3383 181 3451; x_wconf 89' lang='lat' dir='ltr'>subdi,</span> <span class='ocrx_word' id='word_1_426' title='bbox 196 3383 364 3457; x_wconf 73' lang='lat' dir='ltr'>equalibus</span> <span class='ocrx_word' id='word_1_427' title='bbox 376 3400 430 3457; x_wconf 92' lang='lat' dir='ltr'>per</span> <span class='ocrx_word' id='word_1_428' title='bbox 438 3383 613 3440; x_wconf 89' lang='lat' dir='ltr'>charitatem</span> <span class='ocrx_word' id='word_1_429' title='bbox 623 3384 760 3457; x_wconf 90' lang='lat' dir='ltr'>obsequi,</span> <span class='ocrx_word' id='word_1_430' title='bbox 814 3380 872 3437; x_wconf 89' lang='lat' dir='ltr'>bus</span> <span class='ocrx_word' id='word_1_431' title='bbox 886 3381 975 3438; x_wconf 87' lang='lat' dir='ltr'>nobis</span> <span class='ocrx_word' id='word_1_432' title='bbox 990 3397 1055 3439; x_wconf 89' lang='lat' dir='ltr'>esse</span> <span class='ocrx_word' id='word_1_433' title='bbox 1070 3380 1169 3449; x_wconf 90' lang='lat' dir='ltr'>debet,</span> <span class='ocrx_word' id='word_1_434' title='bbox 1185 3382 1225 3440; x_wconf 90' lang='lat' dir='ltr'>ita</span> <span class='ocrx_word' id='word_1_435' title='bbox 1240 3386 1273 3439; x_wconf 91' lang='lat' dir='ltr'>ut</span> <span class='ocrx_word' id='word_1_436' title='bbox 1286 3382 1362 3439; x_wconf 93' lang='lat' dir='ltr'>inter</span> <span class='ocrx_word' id='word_1_437' title='bbox 1378 3398 1429 3441; x_wconf 89' lang='lat' dir='ltr'>eos</span> <span class='ocrx_word' id='word_1_438' title='bbox 1443 3381 1532 3439; x_wconf 88' lang='lat' dir='ltr'>etiam</span> <span class='ocrx_word' id='word_1_439' title='bbox 1557 3396 1647 3455; x_wconf 87' lang='lat' dir='ltr'>quos·</span> 
     </span>
     <span class='ocr_line' id='line_1_37' title="bbox 57 3471 1648 3547; baseline 0.001 -20"><span class='ocrx_word' id='word_1_440' title='bbox 57 3490 100 3529; x_wconf 72' lang='lat' dir='ltr'>»us</span> <span class='ocrx_word' id='word_1_441' title='bbox 116 3489 169 3547; x_wconf 90' lang='lat' dir='ltr'>per</span> <span class='ocrx_word' id='word_1_442' title='bbox 181 3472 381 3529; x_wconf 83' lang='lat' dir='ltr'>humilitatem</span> <span class='ocrx_word' id='word_1_443' title='bbox 399 3474 559 3546; x_wconf 76' lang='lat' dir='ltr'>coaequari,</span> <span class='ocrx_word' id='word_1_444' title='bbox 583 3472 760 3547; x_wconf 72' lang='lat' dir='ltr'>precipien·</span> <span class='ocrx_word' id='word_1_445' title='bbox 815 3471 975 3546; x_wconf 92' lang='lat' dir='ltr'>cunquein</span> <span class='ocrx_word' id='word_1_446' title='bbox 1001 3472 1083 3529; x_wconf 89' lang='lat' dir='ltr'>bono</span> <span class='ocrx_word' id='word_1_447' title='bbox 1099 3488 1189 3547; x_wconf 90' lang='lat' dir='ltr'>opere</span> <span class='ocrx_word' id='word_1_448' title='bbox 1215 3472 1409 3531; x_wconf 89' lang='lat' dir='ltr'>ferventiores</span> <span class='ocrx_word' id='word_1_449' title='bbox 1422 3473 1583 3544; x_wconf 91' lang='lat' dir='ltr'>cernimus,</span> <span class='ocrx_word' id='word_1_450' title='bbox 1600 3487 1648 3529; x_wconf 91' lang='lat' dir='ltr'>eo·</span> 
     </span>
     <span class='ocr_line' id='line_1_38' title="bbox 57 3561 1647 3636; baseline -0.001 -16"><span class='ocrx_word' id='word_1_451' title='bbox 57 3563 131 3631; x_wconf 82' lang='lat' dir='ltr'>uati,</span> <span class='ocrx_word' id='word_1_452' title='bbox 153 3561 364 3618; x_wconf 87' lang='lat' dir='ltr'>obedientibus</span> <span class='ocrx_word' id='word_1_453' title='bbox 392 3562 530 3630; x_wconf 90' lang='lat' dir='ltr'>modesti,</span> <span class='ocrx_word' id='word_1_454' title='bbox 561 3561 761 3619; x_wconf 89' lang='lat' dir='ltr'>maledicenti·</span> <span class='ocrx_word' id='word_1_455' title='bbox 814 3577 883 3618; x_wconf 92' lang='lat' dir='ltr'>rum</span> <span class='ocrx_word' id='word_1_456' title='bbox 893 3562 1064 3619; x_wconf 90' lang='lat' dir='ltr'>societatem</span> <span class='ocrx_word' id='word_1_457' title='bbox 1076 3567 1165 3635; x_wconf 89' lang='lat' dir='ltr'>atque</span> <span class='ocrx_word' id='word_1_458' title='bbox 1180 3562 1411 3619; x_wconf 87' lang='lat' dir='ltr'>familiaritatem</span> <span class='ocrx_word' id='word_1_459' title='bbox 1425 3562 1542 3618; x_wconf 80' lang='lat' dir='ltr'>avidius</span> <span class='ocrx_word' id='word_1_460' title='bbox 1556 3577 1647 3636; x_wconf 90' lang='lat' dir='ltr'>appe-</span> 
     </span>
     <span class='ocr_line' id='line_1_39' title="bbox 57 3649 1656 3723; baseline -0.001 -17"><span class='ocrx_word' id='word_1_461' title='bbox 57 3651 91 3720; x_wconf 85' lang='lat' dir='ltr'>tt,</span> <span class='ocrx_word' id='word_1_462' title='bbox 106 3649 300 3707; x_wconf 88' lang='lat' dir='ltr'>laudantibus</span> <span class='ocrx_word' id='word_1_463' title='bbox 315 3651 487 3707; x_wconf 85' lang='lat' dir='ltr'>verecundi.</span> <span class='ocrx_word' id='word_1_464' title='bbox 815 3652 924 3707; x_wconf 89' lang='lat' dir='ltr'>tamus.</span> <span class='ocrx_word' id='word_1_465' title='bbox 939 3653 1014 3708; x_wconf 88' lang='lat' dir='ltr'>Cum</span> <span class='ocrx_word' id='word_1_466' title='bbox 1029 3651 1076 3707; x_wconf 91' lang='lat' dir='ltr'>his</span> <span class='ocrx_word' id='word_1_467' title='bbox 1088 3666 1158 3708; x_wconf 84' lang='lat' dir='ltr'>vero</span> <span class='ocrx_word' id='word_1_468' title='bbox 1173 3654 1256 3707; x_wconf 90' lang='lat' dir='ltr'>tanta</span> <span class='ocrx_word' id='word_1_469' title='bbox 1269 3649 1357 3706; x_wconf 86' lang='lat' dir='ltr'>nohis</span> <span class='ocrx_word' id='word_1_470' title='bbox 1369 3649 1454 3723; x_wconf 88' lang='lat' dir='ltr'>pacis</span> <span class='ocrx_word' id='word_1_471' title='bbox 1466 3653 1495 3706; x_wconf 93' lang='lat' dir='ltr'>et</span> <span class='ocrx_word' id='word_1_472' title='bbox 1524 3661 1656 3706; x_wconf 60' lang='lat' dir='ltr'>concon</span> 
     </span>
     <span class='ocr_line' id='line_1_40' title="bbox 68 3736 1644 3812; baseline -0.001 -17"><span class='ocrx_word' id='word_1_473' title='bbox 68 3739 236 3797; x_wconf 89' lang='lat' dir='ltr'>seeundum</span> <span class='ocrx_word' id='word_1_474' title='bbox 277 3738 537 3795; x_wconf 75' lang='lat' dir='ltr'>conversationem</span> <span class='ocrx_word' id='word_1_475' title='bbox 571 3737 644 3795; x_wconf 87' lang='lat' dir='ltr'>ahos</span> <span class='ocrx_word' id='word_1_476' title='bbox 671 3737 760 3794; x_wconf 92' lang='lat' dir='ltr'>nobis</span> <span class='ocrx_word' id='word_1_477' title='bbox 814 3739 872 3795; x_wconf 77' lang='lat' dir='ltr'>dira</span> <span class='ocrx_word' id='word_1_478' title='bbox 885 3739 1042 3796; x_wconf 86' lang='lat' dir='ltr'>servandae</span> <span class='ocrx_word' id='word_1_479' title='bbox 1055 3738 1209 3809; x_wconf 89' lang='lat' dir='ltr'>diligentia</span> <span class='ocrx_word' id='word_1_480' title='bbox 1224 3739 1270 3807; x_wconf 87' lang='lat' dir='ltr'>sit,</span> <span class='ocrx_word' id='word_1_481' title='bbox 1288 3743 1321 3795; x_wconf 93' lang='lat' dir='ltr'>ut</span> <span class='ocrx_word' id='word_1_482' title='bbox 1334 3739 1365 3794; x_wconf 92' lang='lat' dir='ltr'>in</span> <span class='ocrx_word' id='word_1_483' title='bbox 1389 3736 1483 3806; x_wconf 91' lang='lat' dir='ltr'>nullo,</span> <span class='ocrx_word' id='word_1_484' title='bbox 1506 3737 1644 3812; x_wconf 87' lang='lat' dir='ltr'>inquam,</span> 
     </span>
     <span class='ocr_line' id='line_1_41' title="bbox 57 3825 1645 3903; baseline -0.001 -18"><span class='ocrx_word' id='word_1_485' title='bbox 57 3829 211 3903; x_wconf 76' lang='lat' dir='ltr'>aperiores,</span> <span class='ocrx_word' id='word_1_486' title='bbox 228 3828 304 3885; x_wconf 89' lang='lat' dir='ltr'>alios</span> <span class='ocrx_word' id='word_1_487' title='bbox 319 3829 407 3902; x_wconf 89' lang='lat' dir='ltr'>quasi</span> <span class='ocrx_word' id='word_1_488' title='bbox 421 3828 564 3901; x_wconf 72' lang='lat' dir='ltr'>aequales,</span> <span class='ocrx_word' id='word_1_489' title='bbox 585 3827 659 3883; x_wconf 90' lang='lat' dir='ltr'>alios</span> <span class='ocrx_word' id='word_1_490' title='bbox 674 3827 762 3900; x_wconf 90' lang='lat' dir='ltr'>quasi</span> <span class='ocrx_word' id='word_1_491' title='bbox 813 3827 934 3898; x_wconf 88' lang='lat' dir='ltr'>negotio</span> <span class='ocrx_word' id='word_1_492' title='bbox 958 3828 1153 3901; x_wconf 88' lang='lat' dir='ltr'>quantumin</span> <span class='ocrx_word' id='word_1_493' title='bbox 1174 3825 1262 3884; x_wconf 90' lang='lat' dir='ltr'>nobis</span> <span class='ocrx_word' id='word_1_494' title='bbox 1291 3831 1344 3894; x_wconf 91' lang='lat' dir='ltr'>est,</span> <span class='ocrx_word' id='word_1_495' title='bbox 1372 3827 1504 3884; x_wconf 89' lang='lat' dir='ltr'>fraterna</span> <span class='ocrx_word' id='word_1_496' title='bbox 1526 3827 1645 3885; x_wconf 91' lang='lat' dir='ltr'>dilectio</span> 
     </span>
     <span class='ocr_line' id='line_1_42' title="bbox 57 3915 1646 3991; baseline 0 -17"><span class='ocrx_word' id='word_1_497' title='bbox 57 3933 86 3975; x_wconf 89' lang='lat' dir='ltr'>cs</span> <span class='ocrx_word' id='word_1_498' title='bbox 96 3918 242 3974; x_wconf 89' lang='lat' dir='ltr'>debemus</span> <span class='ocrx_word' id='word_1_499' title='bbox 255 3918 419 3974; x_wconf 88' lang='lat' dir='ltr'>attendere.</span> <span class='ocrx_word' id='word_1_500' title='bbox 437 3917 557 3973; x_wconf 85' lang='lat' dir='ltr'>illorum</span> <span class='ocrx_word' id='word_1_501' title='bbox 573 3916 761 3973; x_wconf 89' lang='lat' dir='ltr'>conversatio</span> <span class='ocrx_word' id='word_1_502' title='bbox 813 3915 1012 3991; x_wconf 85' lang='lat' dir='ltr'>perturbetur.</span> <span class='ocrx_word' id='word_1_503' title='bbox 1044 3915 1224 3973; x_wconf 85' lang='lat' dir='ltr'>Studeamus</span> <span class='ocrx_word' id='word_1_504' title='bbox 1253 3915 1295 3972; x_wconf 89' lang='lat' dir='ltr'>eis</span> <span class='ocrx_word' id='word_1_505' title='bbox 1320 3915 1463 3988; x_wconf 89' lang='lat' dir='ltr'>injuriam</span> <span class='ocrx_word' id='word_1_506' title='bbox 1486 3931 1646 3989; x_wconf 90' lang='lat' dir='ltr'>nunquam</span> 
     </span>
     <span class='ocr_line' id='line_1_43' title="bbox 60 4003 1647 4086; baseline -0.001 -22"><span class='ocrx_word' id='word_1_507' title='bbox 60 4010 104 4064; x_wconf 88' lang='lat' dir='ltr'>est</span> <span class='ocrx_word' id='word_1_508' title='bbox 119 4006 217 4075; x_wconf 88' lang='lat' dir='ltr'>nobis,</span> <span class='ocrx_word' id='word_1_509' title='bbox 232 4024 363 4080; x_wconf 87' lang='lat' dir='ltr'>quorum</span> <span class='ocrx_word' id='word_1_510' title='bbox 378 4005 456 4062; x_wconf 90' lang='lat' dir='ltr'>faeta</span> <span class='ocrx_word' id='word_1_511' title='bbox 478 4005 531 4062; x_wconf 91' lang='lat' dir='ltr'>etsi</span> <span class='ocrx_word' id='word_1_512' title='bbox 559 4005 761 4062; x_wconf 89' lang='lat' dir='ltr'>condemnare</span> <span class='ocrx_word' id='word_1_513' title='bbox 814 4004 922 4086; x_wconf 82' lang='lat' dir='ltr'>inferre</span> <span class='ocrx_word' id='word_1_514' title='bbox 936 4008 990 4062; x_wconf 91' lang='lat' dir='ltr'>aut</span> <span class='ocrx_word' id='word_1_515' title='bbox 1002 4004 1184 4075; x_wconf 87' lang='lat' dir='ltr'>molestiam,</span> <span class='ocrx_word' id='word_1_516' title='bbox 1199 4003 1315 4062; x_wconf 89' lang='lat' dir='ltr'>illatam</span> <span class='ocrx_word' id='word_1_517' title='bbox 1330 4020 1401 4062; x_wconf 91' lang='lat' dir='ltr'>vero</span> <span class='ocrx_word' id='word_1_518' title='bbox 1417 4005 1507 4062; x_wconf 90' lang='lat' dir='ltr'>nobis</span> <span class='ocrx_word' id='word_1_519' title='bbox 1523 4010 1647 4080; x_wconf 89' lang='lat' dir='ltr'>propter</span> 
     </span>
     <span class='ocr_line' id='line_1_44' title="bbox 57 4094 1646 4169; baseline -0.001 -16"><span class='ocrx_word' id='word_1_520' title='bbox 57 4096 220 4169; x_wconf 86' lang='lat' dir='ltr'>esuminus,</span> <span class='ocrx_word' id='word_1_521' title='bbox 247 4096 355 4153; x_wconf 88' lang='lat' dir='ltr'>imitari</span> <span class='ocrx_word' id='word_1_522' title='bbox 385 4101 486 4152; x_wconf 91' lang='lat' dir='ltr'>tamen</span> <span class='ocrx_word' id='word_1_523' title='bbox 514 4111 575 4152; x_wconf 90' lang='lat' dir='ltr'>non</span> <span class='ocrx_word' id='word_1_524' title='bbox 602 4094 759 4152; x_wconf 88' lang='lat' dir='ltr'>debemus.</span> <span class='ocrx_word' id='word_1_525' title='bbox 815 4110 952 4152; x_wconf 88' lang='lat' dir='ltr'>amorem</span> <span class='ocrx_word' id='word_1_526' title='bbox 979 4094 1118 4152; x_wconf 73' lang='lat' dir='ltr'>fraternas</span> <span class='ocrx_word' id='word_1_527' title='bbox 1140 4094 1294 4152; x_wconf 88' lang='lat' dir='ltr'>charitatis</span> <span class='ocrx_word' id='word_1_528' title='bbox 1319 4111 1407 4168; x_wconf 86' lang='lat' dir='ltr'>aeqao</span> <span class='ocrx_word' id='word_1_529' title='bbox 1430 4095 1533 4153; x_wconf 91' lang='lat' dir='ltr'>animo</span> <span class='ocrx_word' id='word_1_530' title='bbox 1558 4094 1646 4152; x_wconf 88' lang='lat' dir='ltr'>susti·</span> 
     </span>
     <span class='ocr_line' id='line_1_45' title="bbox 62 4184 1646 4259; baseline -0.001 -17"><span class='ocrx_word' id='word_1_531' title='bbox 62 4185 252 4242; x_wconf 83' lang='lat' dir='ltr'>conversatio</span> <span class='ocrx_word' id='word_1_532' title='bbox 267 4202 322 4259; x_wconf 90' lang='lat' dir='ltr'>par</span> <span class='ocrx_word' id='word_1_533' title='bbox 336 4185 490 4254; x_wconf 90' lang='lat' dir='ltr'>nobisest,</span> <span class='ocrx_word' id='word_1_534' title='bbox 507 4184 628 4258; x_wconf 78' lang='lat' dir='ltr'>quaesic</span> <span class='ocrx_word' id='word_1_535' title='bbox 651 4190 761 4241; x_wconf 76' lang='lat' dir='ltr'>nostrae</span> <span class='ocrx_word' id='word_1_536' title='bbox 815 4199 895 4253; x_wconf 88' lang='lat' dir='ltr'>nere,</span> <span class='ocrx_word' id='word_1_537' title='bbox 925 4184 999 4240; x_wconf 89' lang='lat' dir='ltr'>nihil</span> <span class='ocrx_word' id='word_1_538' title='bbox 1024 4184 1207 4241; x_wconf 89' lang='lat' dir='ltr'>contentiose</span> <span class='ocrx_word' id='word_1_539' title='bbox 1234 4187 1285 4242; x_wconf 90' lang='lat' dir='ltr'>aut</span> <span class='ocrx_word' id='word_1_540' title='bbox 1299 4188 1474 4254; x_wconf 86' lang='lat' dir='ltr'>arroganter</span> <span class='ocrx_word' id='word_1_541' title='bbox 1500 4198 1572 4255; x_wconf 90' lang='lat' dir='ltr'>erga</span> <span class='ocrx_word' id='word_1_542' title='bbox 1594 4199 1646 4241; x_wconf 88' lang='lat' dir='ltr'>eos</span> 
     </span>
     <span class='ocr_line' id='line_1_46' title="bbox 57 4272 1646 4347; baseline -0.001 -16"><span class='ocrx_word' id='word_1_543' title='bbox 57 4273 93 4331; x_wconf 91' lang='lat' dir='ltr'>ati</span> <span class='ocrx_word' id='word_1_544' title='bbox 109 4278 335 4347; x_wconf 88' lang='lat' dir='ltr'>contemperata</span> <span class='ocrx_word' id='word_1_545' title='bbox 358 4277 412 4345; x_wconf 92' lang='lat' dir='ltr'>est,</span> <span class='ocrx_word' id='word_1_546' title='bbox 433 4277 465 4330; x_wconf 92' lang='lat' dir='ltr'>ut</span> <span class='ocrx_word' id='word_1_547' title='bbox 480 4278 509 4330; x_wconf 91' lang='lat' dir='ltr'>et</span> <span class='ocrx_word' id='word_1_548' title='bbox 531 4273 645 4330; x_wconf 86' lang='lat' dir='ltr'>virtutis</span> <span class='ocrx_word' id='word_1_549' title='bbox 660 4289 762 4330; x_wconf 80' lang='lat' dir='ltr'>axem·</span> <span class='ocrx_word' id='word_1_550' title='bbox 815 4289 914 4345; x_wconf 90' lang='lat' dir='ltr'>agere,</span> <span class='ocrx_word' id='word_1_551' title='bbox 931 4274 985 4331; x_wconf 88' lang='lat' dir='ltr'>sed</span> <span class='ocrx_word' id='word_1_552' title='bbox 1002 4274 1098 4346; x_wconf 89' lang='lat' dir='ltr'>parati</span> <span class='ocrx_word' id='word_1_553' title='bbox 1114 4272 1274 4347; x_wconf 89' lang='lat' dir='ltr'>semperin</span> <span class='ocrx_word' id='word_1_554' title='bbox 1289 4272 1373 4329; x_wconf 89' lang='lat' dir='ltr'>omni</span> <span class='ocrx_word' id='word_1_555' title='bbox 1385 4287 1475 4346; x_wconf 88' lang='lat' dir='ltr'>opere</span> <span class='ocrx_word' id='word_1_556' title='bbox 1503 4276 1531 4329; x_wconf 92' lang='lat' dir='ltr'>et</span> <span class='ocrx_word' id='word_1_557' title='bbox 1555 4272 1646 4346; x_wconf 90' lang='lat' dir='ltr'>perti·</span> 
     </span>
     <span class='ocr_line' id='line_1_47' title="bbox 57 4359 1647 4475; baseline -0.002 -53.989"><span class='ocrx_word' id='word_1_558' title='bbox 57 4362 169 4431; x_wconf 81' lang='lat' dir='ltr'>·,aebeat</span> <span class='ocrx_word' id='word_1_559' title='bbox 186 4367 215 4419; x_wconf 90' lang='lat' dir='ltr'>et</span> <span class='ocrx_word' id='word_1_560' title='bbox 229 4363 413 4437; x_wconf 83' lang='lat' dir='ltr'>cooperandi</span> <span class='ocrx_word' id='word_1_561' title='bbox 437 4363 623 4420; x_wconf 86' lang='lat' dir='ltr'>facilitatem</span> <span class='ocrx_word' id='word_1_562' title='bbox 638 4379 762 4420; x_wconf 89' lang='lat' dir='ltr'>consor·</span> <span class='ocrx_word' id='word_1_563' title='bbox 778 4364 928 4475; x_wconf 49' lang='lat' dir='ltr'>¹Jnaciter</span> <span class='ocrx_word' id='word_1_564' title='bbox 957 4361 1166 4419; x_wconf 88' lang='lat' dir='ltr'>insistentibus</span> <span class='ocrx_word' id='word_1_565' title='bbox 1191 4361 1307 4430; x_wconf 89' lang='lat' dir='ltr'>cedere,</span> <span class='ocrx_word' id='word_1_566' title='bbox 1327 4366 1357 4418; x_wconf 92' lang='lat' dir='ltr'>et</span> <span class='ocrx_word' id='word_1_567' title='bbox 1378 4359 1587 4419; x_wconf 87' lang='lat' dir='ltr'>laborantibus</span> <span class='ocrx_word' id='word_1_568' title='bbox 1613 4361 1647 4418; x_wconf 89' lang='lat' dir='ltr'>li·</span> 
     </span>
     <span class='ocr_line' id='line_1_48' title="bbox 57 4422 1647 4525; baseline -0.001 -15"><span class='ocrx_word' id='word_1_569' title='bbox 57 4468 91 4510; x_wconf 90' lang='lat' dir='ltr'>os</span> <span class='ocrx_word' id='word_1_570' title='bbox 121 4470 184 4508; x_wconf 78' lang='lat' dir='ltr'>suaa</span> <span class='ocrx_word' id='word_1_571' title='bbox 219 4452 436 4510; x_wconf 80' lang='lat' dir='ltr'>exercitationis</span> <span class='ocrx_word' id='word_1_572' title='bbox 467 4452 613 4509; x_wconf 91' lang='lat' dir='ltr'>admittat</span> <span class='ocrx_word' id='word_1_573' title='bbox 642 4422 800 4508; x_wconf 69' lang='lat' dir='ltr'>lllorumD</span> <span class='ocrx_word' id='word_1_574' title='bbox 815 4454 919 4511; x_wconf 89' lang='lat' dir='ltr'>benter</span> <span class='ocrx_word' id='word_1_575' title='bbox 938 4452 1106 4509; x_wconf 88' lang='lat' dir='ltr'>subvenire</span> <span class='ocrx_word' id='word_1_576' title='bbox 1134 4455 1167 4510; x_wconf 84' lang='lat' dir='ltr'>Et</span> <span class='ocrx_word' id='word_1_577' title='bbox 1192 4451 1265 4525; x_wconf 88' lang='lat' dir='ltr'>quia</span> <span class='ocrx_word' id='word_1_578' title='bbox 1292 4450 1368 4507; x_wconf 91' lang='lat' dir='ltr'>inter</span> <span class='ocrx_word' id='word_1_579' title='bbox 1395 4466 1484 4524; x_wconf 88' lang='lat' dir='ltr'>pares</span> <span class='ocrx_word' id='word_1_580' title='bbox 1508 4465 1647 4508; x_wconf 88' lang='lat' dir='ltr'>nonnun-</span> 
     </span>
     <span class='ocr_line' id='line_1_49' title="bbox 58 4538 1646 4619; baseline -0.001 -20"><span class='ocrx_word' id='word_1_581' title='bbox 58 4542 118 4599; x_wconf 85' lang='lat' dir='ltr'>atio</span> <span class='ocrx_word' id='word_1_582' title='bbox 146 4559 238 4616; x_wconf 89' lang='lat' dir='ltr'>supra</span> <span class='ocrx_word' id='word_1_583' title='bbox 267 4558 323 4598; x_wconf 77' lang='lat' dir='ltr'>nos</span> <span class='ocrx_word' id='word_1_584' title='bbox 353 4547 409 4614; x_wconf 91' lang='lat' dir='ltr'>est,</span> <span class='ocrx_word' id='word_1_585' title='bbox 423 4558 516 4615; x_wconf 87' lang='lat' dir='ltr'>quarn</span> <span class='ocrx_word' id='word_1_586' title='bbox 545 4543 680 4598; x_wconf 85' lang='lat' dir='ltr'>venerari</span> <span class='ocrx_word' id='word_1_587' title='bbox 695 4541 762 4614; x_wconf 90' lang='lat' dir='ltr'>qui·</span> <span class='ocrx_word' id='word_1_588' title='bbox 815 4560 909 4619; x_wconf 89' lang='lat' dir='ltr'>quam</span> <span class='ocrx_word' id='word_1_589' title='bbox 935 4558 1077 4617; x_wconf 87' lang='lat' dir='ltr'>perversa</span> <span class='ocrx_word' id='word_1_590' title='bbox 1101 4541 1243 4615; x_wconf 80' lang='lat' dir='ltr'>quaedam</span> <span class='ocrx_word' id='word_1_591' title='bbox 1264 4539 1380 4599; x_wconf 86' lang='lat' dir='ltr'>virtutis</span> <span class='ocrx_word' id='word_1_592' title='bbox 1407 4538 1558 4597; x_wconf 76' lang='lat' dir='ltr'>aemulatio</span> <span class='ocrx_word' id='word_1_593' title='bbox 1581 4556 1646 4598; x_wconf 89' lang='lat' dir='ltr'>essa</span> 
     </span>
     <span class='ocr_line' id='line_1_50' title="bbox 74 4627 1646 4706; baseline -0.002 -17"><span class='ocrx_word' id='word_1_594' title='bbox 74 4631 217 4689; x_wconf 88' lang='lat' dir='ltr'>admirari</span> <span class='ocrx_word' id='word_1_595' title='bbox 236 4649 411 4706; x_wconf 88' lang='lat' dir='ltr'>possumus,</span> <span class='ocrx_word' id='word_1_596' title='bbox 437 4631 545 4686; x_wconf 87' lang='lat' dir='ltr'>imitari</span> <span class='ocrx_word' id='word_1_597' title='bbox 572 4635 672 4687; x_wconf 91' lang='lat' dir='ltr'>autcm</span> <span class='ocrx_word' id='word_1_598' title='bbox 702 4647 762 4688; x_wconf 91' lang='lat' dir='ltr'>non</span> <span class='ocrx_word' id='word_1_599' title='bbox 816 4633 899 4700; x_wconf 91' lang='lat' dir='ltr'>solet,</span> <span class='ocrx_word' id='word_1_600' title='bbox 913 4631 1094 4689; x_wconf 84' lang='lat' dir='ltr'>utvidelicet</span> <span class='ocrx_word' id='word_1_601' title='bbox 1108 4631 1165 4687; x_wconf 91' lang='lat' dir='ltr'>sibi</span> <span class='ocrx_word' id='word_1_602' title='bbox 1187 4629 1316 4688; x_wconf 91' lang='lat' dir='ltr'>invicem</span> <span class='ocrx_word' id='word_1_603' title='bbox 1332 4629 1369 4686; x_wconf 91' lang='lat' dir='ltr'>de</span> <span class='ocrx_word' id='word_1_604' title='bbox 1391 4645 1533 4688; x_wconf 86' lang='lat' dir='ltr'>successu</span> <span class='ocrx_word' id='word_1_605' title='bbox 1558 4627 1646 4686; x_wconf 88' lang='lat' dir='ltr'>virtu·</span> 
     </span>
     <span class='ocr_line' id='line_1_51' title="bbox 57 4718 1644 4793; baseline -0.001 -15"><span class='ocrx_word' id='word_1_606' title='bbox 57 4738 77 4778; x_wconf 80' lang='lat' dir='ltr'>a.</span> <span class='ocrx_word' id='word_1_607' title='bbox 96 4721 215 4778; x_wconf 84' lang='lat' dir='ltr'>lllorunr</span> <span class='ocrx_word' id='word_1_608' title='bbox 238 4721 425 4778; x_wconf 87' lang='lat' dir='ltr'>conversatio</span> <span class='ocrx_word' id='word_1_609' title='bbox 439 4719 575 4791; x_wconf 88' lang='lat' dir='ltr'>superior</span> <span class='ocrx_word' id='word_1_610' title='bbox 594 4720 681 4775; x_wconf 89' lang='lat' dir='ltr'>nobis</span> <span class='ocrx_word' id='word_1_611' title='bbox 707 4725 761 4789; x_wconf 91' lang='lat' dir='ltr'>est,</span> <span class='ocrx_word' id='word_1_612' title='bbox 816 4727 880 4778; x_wconf 90' lang='lat' dir='ltr'>tum</span> <span class='ocrx_word' id='word_1_613' title='bbox 894 4719 1058 4789; x_wconf 89' lang='lat' dir='ltr'>invideant,</span> <span class='ocrx_word' id='word_1_614' title='bbox 1074 4725 1103 4776; x_wconf 90' lang='lat' dir='ltr'>ct</span> <span class='ocrx_word' id='word_1_615' title='bbox 1118 4720 1224 4777; x_wconf 91' lang='lat' dir='ltr'>obhoc</span> <span class='ocrx_word' id='word_1_616' title='bbox 1235 4720 1267 4776; x_wconf 91' lang='lat' dir='ltr'>in</span> <span class='ocrx_word' id='word_1_617' title='bbox 1277 4719 1444 4777; x_wconf 85' lang='lat' dir='ltr'>exercendo</span> <span class='ocrx_word' id='word_1_618' title='bbox 1457 4718 1539 4775; x_wconf 91' lang='lat' dir='ltr'>bono</span> <span class='ocrx_word' id='word_1_619' title='bbox 1554 4734 1644 4793; x_wconf 89' lang='lat' dir='ltr'>opere</span> 
     </span>
     <span class='ocr_line' id='line_1_52' title="bbox 57 4802 1644 4885; baseline 0 -19"><span class='ocrx_word' id='word_1_620' title='bbox 57 4810 199 4883; x_wconf 67' lang='lat' dir='ltr'>*longum</span> <span class='ocrx_word' id='word_1_621' title='bbox 214 4811 380 4885; x_wconf 73' lang='lat' dir='ltr'>disciplinae</span> <span class='ocrx_word' id='word_1_622' title='bbox 408 4808 582 4866; x_wconf 86' lang='lat' dir='ltr'>exercitium</span> <span class='ocrx_word' id='word_1_623' title='bbox 611 4808 761 4864; x_wconf 88' lang='lat' dir='ltr'>intantum</span> <span class='ocrx_word' id='word_1_624' title='bbox 817 4814 933 4867; x_wconf 91' lang='lat' dir='ltr'>tantum</span> <span class='ocrx_word' id='word_1_625' title='bbox 952 4824 990 4864; x_wconf 90' lang='lat' dir='ltr'>ne</span> <span class='ocrx_word' id='word_1_626' title='bbox 1018 4807 1172 4865; x_wconf 87' lang='lat' dir='ltr'>inferiores</span> <span class='ocrx_word' id='word_1_627' title='bbox 1197 4807 1365 4875; x_wconf 87' lang='lat' dir='ltr'>videantur,</span> <span class='ocrx_word' id='word_1_628' title='bbox 1403 4806 1476 4864; x_wconf 91' lang='lat' dir='ltr'>alter</span> <span class='ocrx_word' id='word_1_629' title='bbox 1518 4802 1644 4866; x_wconf 86' lang='lat' dir='ltr'>alterum</span> 
     </span>
     <span class='ocr_line' id='line_1_53' title="bbox 57 4893 1645 4971; baseline -0.003 -13"><span class='ocrx_word' id='word_1_630' title='bbox 57 4905 131 4969; x_wconf 87' lang='lat' dir='ltr'>runt,</span> <span class='ocrx_word' id='word_1_631' title='bbox 149 4907 181 4957; x_wconf 91' lang='lat' dir='ltr'>ut</span> <span class='ocrx_word' id='word_1_632' title='bbox 204 4902 343 4958; x_wconf 88' lang='lat' dir='ltr'>virtutem</span> <span class='ocrx_word' id='word_1_633' title='bbox 367 4900 486 4956; x_wconf 90' lang='lat' dir='ltr'>illorum</span> <span class='ocrx_word' id='word_1_634' title='bbox 515 4901 618 4954; x_wconf 87' lang='lat' dir='ltr'>nostra</span> <span class='ocrx_word' id='word_1_635' title='bbox 637 4897 762 4953; x_wconf 88' lang='lat' dir='ltr'>infirmi-</span> <span class='ocrx_word' id='word_1_636' title='bbox 816 4895 981 4971; x_wconf 77' lang='lat' dir='ltr'>praevenire</span> <span class='ocrx_word' id='word_1_637' title='bbox 996 4896 1189 4965; x_wconf 88' lang='lat' dir='ltr'>contendant,</span> <span class='ocrx_word' id='word_1_638' title='bbox 1200 4898 1283 4951; x_wconf 90' lang='lat' dir='ltr'>tanto</span> <span class='ocrx_word' id='word_1_639' title='bbox 1299 4910 1356 4952; x_wconf 91' lang='lat' dir='ltr'>nos</span> <span class='ocrx_word' id='word_1_640' title='bbox 1380 4893 1567 4954; x_wconf 87' lang='lat' dir='ltr'>discretionis</span> <span class='ocrx_word' id='word_1_641' title='bbox 1581 4912 1645 4955; x_wconf 89' lang='lat' dir='ltr'>mo·</span> 
     </span>
     <span class='ocr_line' id='line_1_54' title="bbox 57 4982 1644 5062; baseline -0.001 -17"><span class='ocrx_word' id='word_1_642' title='bbox 57 4989 126 5046; x_wconf 84' lang='lat' dir='ltr'>nvis</span> <span class='ocrx_word' id='word_1_643' title='bbox 150 4989 274 5062; x_wconf 90' lang='lat' dir='ltr'>incipiat</span> <span class='ocrx_word' id='word_1_644' title='bbox 298 5005 352 5062; x_wconf 87' lang='lat' dir='ltr'>por</span> <span class='ocrx_word' id='word_1_645' title='bbox 378 5003 513 5045; x_wconf 87' lang='lat' dir='ltr'>amorem</span> <span class='ocrx_word' id='word_1_646' title='bbox 539 4990 689 5060; x_wconf 89' lang='lat' dir='ltr'>appetere,</span> <span class='ocrx_word' id='word_1_647' title='bbox 710 5001 764 5058; x_wconf 93' lang='lat' dir='ltr'>pcr</span> <span class='ocrx_word' id='word_1_648' title='bbox 816 4983 970 5042; x_wconf 88' lang='lat' dir='ltr'>deramine</span> <span class='ocrx_word' id='word_1_649' title='bbox 983 4982 1135 5040; x_wconf 88' lang='lat' dir='ltr'>continere</span> <span class='ocrx_word' id='word_1_650' title='bbox 1158 4998 1283 5041; x_wconf 90' lang='lat' dir='ltr'>necessa</span> <span class='ocrx_word' id='word_1_651' title='bbox 1307 4987 1361 5054; x_wconf 89' lang='lat' dir='ltr'>est,</span> <span class='ocrx_word' id='word_1_652' title='bbox 1390 4989 1422 5041; x_wconf 91' lang='lat' dir='ltr'>ut</span> <span class='ocrx_word' id='word_1_653' title='bbox 1447 5001 1568 5057; x_wconf 82' lang='lat' dir='ltr'>operam</span> <span class='ocrx_word' id='word_1_654' title='bbox 1593 5001 1644 5043; x_wconf 83' lang='lat' dir='ltr'>ao·</span> 
     </span>
     <span class='ocr_line' id='line_1_55' title="bbox 59 5071 1645 5148; baseline -0.002 -15"><span class='ocrx_word' id='word_1_655' title='bbox 59 5093 130 5134; x_wconf 89' lang='lat' dir='ltr'>nem</span> <span class='ocrx_word' id='word_1_656' title='bbox 145 5084 246 5133; x_wconf 88' lang='lat' dir='ltr'>tamen</span> <span class='ocrx_word' id='word_1_657' title='bbox 268 5094 329 5133; x_wconf 91' lang='lat' dir='ltr'>non</span> <span class='ocrx_word' id='word_1_658' title='bbox 355 5077 435 5133; x_wconf 90' lang='lat' dir='ltr'>valet</span> <span class='ocrx_word' id='word_1_659' title='bbox 457 5091 624 5148; x_wconf 80' lang='lat' dir='ltr'>coaequare.</span> <span class='ocrx_word' id='word_1_660' title='bbox 641 5073 762 5129; x_wconf 85' lang='lat' dir='ltr'>illorum</span> <span class='ocrx_word' id='word_1_661' title='bbox 816 5081 922 5142; x_wconf 84' lang='lat' dir='ltr'>strom,</span> <span class='ocrx_word' id='word_1_662' title='bbox 936 5072 1012 5129; x_wconf 91' lang='lat' dir='ltr'>sicut</span> <span class='ocrx_word' id='word_1_663' title='bbox 1025 5071 1139 5129; x_wconf 90' lang='lat' dir='ltr'>dietum</span> <span class='ocrx_word' id='word_1_664' title='bbox 1154 5076 1209 5146; x_wconf 85' lang='lat' dir='ltr'>est,</span> <span class='ocrx_word' id='word_1_665' title='bbox 1223 5089 1316 5147; x_wconf 82' lang='lat' dir='ltr'>aeque</span> <span class='ocrx_word' id='word_1_666' title='bbox 1329 5075 1503 5146; x_wconf 70' lang='lat' dir='ltr'>inperciatur</span> <span class='ocrx_word' id='word_1_667' title='bbox 1519 5075 1645 5132; x_wconf 82' lang='lat' dir='ltr'>nolenti·</span> 
     </span>
     <span class='ocr_line' id='line_1_56' title="bbox 57 5162 1645 5240; baseline -0.004 -17"><span class='ocrx_word' id='word_1_668' title='bbox 57 5167 120 5223; x_wconf 84' lang='lat' dir='ltr'>atio</span> <span class='ocrx_word' id='word_1_669' title='bbox 135 5166 225 5240; x_wconf 84' lang='lat' dir='ltr'>quasi</span> <span class='ocrx_word' id='word_1_670' title='bbox 244 5181 300 5239; x_wconf 89' lang='lat' dir='ltr'>par</span> <span class='ocrx_word' id='word_1_671' title='bbox 328 5165 415 5220; x_wconf 86' lang='lat' dir='ltr'>nobis</span> <span class='ocrx_word' id='word_1_672' title='bbox 444 5167 497 5234; x_wconf 92' lang='lat' dir='ltr'>est,</span> <span class='ocrx_word' id='word_1_673' title='bbox 522 5179 653 5235; x_wconf 90' lang='lat' dir='ltr'>quorum</span> <span class='ocrx_word' id='word_1_674' title='bbox 672 5178 764 5235; x_wconf 88' lang='lat' dir='ltr'>opera</span> <span class='ocrx_word' id='word_1_675' title='bbox 818 5164 881 5235; x_wconf 83' lang='lat' dir='ltr'>bas,</span> <span class='ocrx_word' id='word_1_676' title='bbox 896 5177 992 5235; x_wconf 74' lang='lat' dir='ltr'>aeque</span> <span class='ocrx_word' id='word_1_677' title='bbox 1002 5163 1171 5232; x_wconf 81' lang='lat' dir='ltr'>petentibus</span> <span class='ocrx_word' id='word_1_678' title='bbox 1194 5162 1417 5234; x_wconf 71' lang='lat' dir='ltr'>subtrahamus,</span> <span class='ocrx_word' id='word_1_679' title='bbox 1432 5166 1503 5236; x_wconf 83' lang='lat' dir='ltr'>quio</span> <span class='ocrx_word' id='word_1_680' title='bbox 1518 5165 1550 5218; x_wconf 80' lang='lat' dir='ltr'>in</span> <span class='ocrx_word' id='word_1_681' title='bbox 1564 5167 1645 5217; x_wconf 85' lang='lat' dir='ltr'>utro-</span> 
     </span>
     <span class='ocr_line' id='line_1_57' title="bbox 57 5250 1644 5328; baseline -0.004 -16"><span class='ocrx_word' id='word_1_682' title='bbox 57 5254 98 5312; x_wconf 89' lang='lat' dir='ltr'>ris</span> <span class='ocrx_word' id='word_1_683' title='bbox 112 5255 224 5312; x_wconf 88' lang='lat' dir='ltr'>viribus</span> <span class='ocrx_word' id='word_1_684' title='bbox 240 5257 514 5328; x_wconf 88' lang='lat' dir='ltr'>contemperantur,</span> <span class='ocrx_word' id='word_1_685' title='bbox 528 5258 561 5308; x_wconf 88' lang='lat' dir='ltr'>ut</span> <span class='ocrx_word' id='word_1_686' title='bbox 574 5251 605 5307; x_wconf 92' lang='lat' dir='ltr'>in</span> <span class='ocrx_word' id='word_1_687' title='bbox 629 5251 670 5307; x_wconf 90' lang='lat' dir='ltr'>eis</span> <span class='ocrx_word' id='word_1_688' title='bbox 689 5251 764 5308; x_wconf 92' lang='lat' dir='ltr'>nihil</span> <span class='ocrx_word' id='word_1_689' title='bbox 818 5267 875 5326; x_wconf 86' lang='lat' dir='ltr'>que</span> <span class='ocrx_word' id='word_1_690' title='bbox 886 5252 988 5309; x_wconf 81' lang='lat' dir='ltr'>livoris</span> <span class='ocrx_word' id='word_1_691' title='bbox 1000 5252 1129 5322; x_wconf 79' lang='lat' dir='ltr'>suspicio</span> <span class='ocrx_word' id='word_1_692' title='bbox 1140 5267 1201 5310; x_wconf 85' lang='lat' dir='ltr'>esse</span> <span class='ocrx_word' id='word_1_693' title='bbox 1216 5257 1325 5323; x_wconf 79' lang='lat' dir='ltr'>potest.</span> <span class='ocrx_word' id='word_1_694' title='bbox 1343 5251 1372 5310; x_wconf 93' lang='lat' dir='ltr'>Si</span> <span class='ocrx_word' id='word_1_695' title='bbox 1392 5250 1515 5324; x_wconf 91' lang='lat' dir='ltr'>quando</span> <span class='ocrx_word' id='word_1_696' title='bbox 1541 5253 1644 5306; x_wconf 88' lang='lat' dir='ltr'>autem</span> 
     </span>
     <span class='ocr_line' id='line_1_58' title="bbox 57 5336 1644 5419; baseline -0.005 -18"><span class='ocrx_word' id='word_1_697' title='bbox 57 5344 68 5401; x_wconf 97' lang='lat' dir='ltr'>l</span> <span class='ocrx_word' id='word_1_698' title='bbox 93 5345 321 5419; x_wconf 87' lang='lat' dir='ltr'>possibilitatem</span> <span class='ocrx_word' id='word_1_699' title='bbox 341 5350 475 5400; x_wconf 91' lang='lat' dir='ltr'>nostram</span> <span class='ocrx_word' id='word_1_700' title='bbox 504 5341 637 5407; x_wconf 85' lang='lat' dir='ltr'>excedat,</span> <span class='ocrx_word' id='word_1_701' title='bbox 668 5345 697 5398; x_wconf 92' lang='lat' dir='ltr'>et</span> <span class='ocrx_word' id='word_1_702' title='bbox 721 5347 763 5398; x_wconf 93' lang='lat' dir='ltr'>ta·</span> <span class='ocrx_word' id='word_1_703' title='bbox 817 5343 848 5399; x_wconf 92' lang='lat' dir='ltr'>in</span> <span class='ocrx_word' id='word_1_704' title='bbox 862 5341 964 5417; x_wconf 89' lang='lat' dir='ltr'>aliquo</span> <span class='ocrx_word' id='word_1_705' title='bbox 977 5340 1052 5398; x_wconf 91' lang='lat' dir='ltr'>forte</span> <span class='ocrx_word' id='word_1_706' title='bbox 1079 5341 1199 5413; x_wconf 86' lang='lat' dir='ltr'>negotio</span> <span class='ocrx_word' id='word_1_707' title='bbox 1223 5340 1431 5400; x_wconf 88' lang='lat' dir='ltr'>laborantibus</span> <span class='ocrx_word' id='word_1_708' title='bbox 1456 5352 1546 5412; x_wconf 92' lang='lat' dir='ltr'>opem</span> <span class='ocrx_word' id='word_1_709' title='bbox 1568 5336 1644 5394; x_wconf 89' lang='lat' dir='ltr'>ferre</span> 
     </span>
     <span class='ocr_line' id='line_1_59' title="bbox 57 5425 1644 5506; baseline -0.004 -16"><span class='ocrx_word' id='word_1_710' title='bbox 57 5435 139 5490; x_wconf 83' lang='lat' dir='ltr'>votio</span> <span class='ocrx_word' id='word_1_711' title='bbox 155 5440 260 5490; x_wconf 89' lang='lat' dir='ltr'>nostra</span> <span class='ocrx_word' id='word_1_712' title='bbox 274 5433 346 5490; x_wconf 87' lang='lat' dir='ltr'>satis</span> <span class='ocrx_word' id='word_1_713' title='bbox 358 5433 389 5488; x_wconf 92' lang='lat' dir='ltr'>in</span> <span class='ocrx_word' id='word_1_714' title='bbox 416 5432 457 5488; x_wconf 90' lang='lat' dir='ltr'>eis</span> <span class='ocrx_word' id='word_1_715' title='bbox 472 5431 553 5505; x_wconf 90' lang='lat' dir='ltr'>quod</span> <span class='ocrx_word' id='word_1_716' title='bbox 570 5430 678 5487; x_wconf 89' lang='lat' dir='ltr'>imitari</span> <span class='ocrx_word' id='word_1_717' title='bbox 693 5445 764 5503; x_wconf 89' lang='lat' dir='ltr'>pos·</span> <span class='ocrx_word' id='word_1_718' title='bbox 818 5432 968 5506; x_wconf 88' lang='lat' dir='ltr'>cupimus,</span> <span class='ocrx_word' id='word_1_719' title='bbox 981 5435 1065 5490; x_wconf 86' lang='lat' dir='ltr'>tanta</span> <span class='ocrx_word' id='word_1_720' title='bbox 1088 5431 1147 5489; x_wconf 87' lang='lat' dir='ltr'>hoe</span> <span class='ocrx_word' id='word_1_721' title='bbox 1162 5431 1335 5491; x_wconf 81' lang='lat' dir='ltr'>humilitate</span> <span class='ocrx_word' id='word_1_722' title='bbox 1357 5434 1386 5486; x_wconf 93' lang='lat' dir='ltr'>et</span> <span class='ocrx_word' id='word_1_723' title='bbox 1413 5425 1644 5484; x_wconf 91' lang='lat' dir='ltr'>mansuetudine</span> 
     </span>
     <span class='ocr_line' id='line_1_60' title="bbox 57 5515 1642 5594; baseline -0.003 -17"><span class='ocrx_word' id='word_1_724' title='bbox 57 5523 134 5580; x_wconf 75' lang='lat' dir='ltr'>rniat.</span> <span class='ocrx_word' id='word_1_725' title='bbox 162 5524 282 5580; x_wconf 87' lang='lat' dir='ltr'>illorum</span> <span class='ocrx_word' id='word_1_726' title='bbox 312 5523 499 5578; x_wconf 83' lang='lat' dir='ltr'>conversatio</span> <span class='ocrx_word' id='word_1_727' title='bbox 532 5519 620 5594; x_wconf 88' lang='lat' dir='ltr'>quasi</span> <span class='ocrx_word' id='word_1_728' title='bbox 643 5519 765 5577; x_wconf 90' lang='lat' dir='ltr'>inferior</span> <span class='ocrx_word' id='word_1_729' title='bbox 818 5519 990 5577; x_wconf 86' lang='lat' dir='ltr'>faciendum</span> <span class='ocrx_word' id='word_1_730' title='bbox 1015 5524 1069 5593; x_wconf 87' lang='lat' dir='ltr'>est,</span> <span class='ocrx_word' id='word_1_731' title='bbox 1096 5525 1138 5592; x_wconf 91' lang='lat' dir='ltr'>ut,</span> <span class='ocrx_word' id='word_1_732' title='bbox 1163 5520 1271 5578; x_wconf 89' lang='lat' dir='ltr'>iisdem</span> <span class='ocrx_word' id='word_1_733' title='bbox 1293 5518 1366 5593; x_wconf 88' lang='lat' dir='ltr'>ipsis</span> <span class='ocrx_word' id='word_1_734' title='bbox 1387 5515 1581 5573; x_wconf 88' lang='lat' dir='ltr'>manifestum</span> <span class='ocrx_word' id='word_1_735' title='bbox 1596 5515 1642 5590; x_wconf 86' lang='lat' dir='ltr'>sit,</span> 
     </span>
     <span class='ocr_line' id='line_1_61' title="bbox 57 5603 1644 5686; baseline -0.003 -18"><span class='ocrx_word' id='word_1_736' title='bbox 57 5618 91 5680; x_wconf 91' lang='lat' dir='ltr'>st,</span> <span class='ocrx_word' id='word_1_737' title='bbox 106 5614 159 5686; x_wconf 92' lang='lat' dir='ltr'>qui</span> <span class='ocrx_word' id='word_1_738' title='bbox 188 5614 235 5670; x_wconf 80' lang='lat' dir='ltr'>vel</span> <span class='ocrx_word' id='word_1_739' title='bbox 265 5619 347 5671; x_wconf 86' lang='lat' dir='ltr'>tanta</span> <span class='ocrx_word' id='word_1_740' title='bbox 372 5617 534 5685; x_wconf 75' lang='lat' dir='ltr'>nequeunt,</span> <span class='ocrx_word' id='word_1_741' title='bbox 564 5613 679 5683; x_wconf 89' lang='lat' dir='ltr'>quanta</span> <span class='ocrx_word' id='word_1_742' title='bbox 708 5625 764 5666; x_wconf 86' lang='lat' dir='ltr'>nos</span> <span class='ocrx_word' id='word_1_743' title='bbox 819 5603 1644 5683; x_wconf 76' lang='lat' dir='ltr'>quodnonexcellentiamoperis,sedconsortiumqna-</span> 
     </span>
     <span class='ocr_line' id='line_1_62' title="bbox 57 5694 1644 5776; baseline -0.003 -18"><span class='ocrx_word' id='word_1_744' title='bbox 57 5717 224 5776; x_wconf 65' lang='lat' dir='ltr'>possumus,</span> <span class='ocrx_word' id='word_1_745' title='bbox 241 5703 286 5759; x_wconf 77' lang='lat' dir='ltr'>rel</span> <span class='ocrx_word' id='word_1_746' title='bbox 299 5695 604 5775; x_wconf 82' lang='lat' dir='ltr'>taliafaciuntqualia</span> <span class='ocrx_word' id='word_1_747' title='bbox 629 5715 686 5757; x_wconf 85' lang='lat' dir='ltr'>nos</span> <span class='ocrx_word' id='word_1_748' title='bbox 700 5698 766 5758; x_wconf 90' lang='lat' dir='ltr'>imi·</span> <span class='ocrx_word' id='word_1_749' title='bbox 819 5713 923 5760; x_wconf 83' lang='lat' dir='ltr'>ramus</span> <span class='ocrx_word' id='word_1_750' title='bbox 936 5698 1058 5762; x_wconf 82' lang='lat' dir='ltr'>laboris.</span> <span class='ocrx_word' id='word_1_751' title='bbox 1076 5700 1222 5757; x_wconf 75' lang='lat' dir='ltr'>caeterum</span> <span class='ocrx_word' id='word_1_752' title='bbox 1233 5700 1381 5773; x_wconf 88' lang='lat' dir='ltr'>qnantum</span> <span class='ocrx_word' id='word_1_753' title='bbox 1393 5694 1520 5772; x_wconf 90' lang='lat' dir='ltr'>pertinet</span> <span class='ocrx_word' id='word_1_754' title='bbox 1531 5695 1569 5754; x_wconf 90' lang='lat' dir='ltr'>ad</span> <span class='ocrx_word' id='word_1_755' title='bbox 1588 5711 1644 5755; x_wconf 85' lang='lat' dir='ltr'>nos</span> 
     </span>
    </p>
   </div>
   <div class='ocr_carea' id='block_1_3' title="bbox 0 0 1882 6082">
    <p class='ocr_par' dir='ltr' id='par_1_3' title="bbox 0 0 1882 6082">
     <span class='ocr_line' id='line_1_63' title="bbox 0 0 1882 6082; baseline 0 0"><span class='ocrx_word' id='word_1_756' title='bbox 0 0 1882 6082; x_wconf 95' lang='lat' dir='ltr'> </span> 
     </span>
    </p>
   </div>
  </div>
 </body>
</html>
