3742 6082
79 238 81 242 Α
113 171 185 226 itti
576 166 750 224 APPENDIX
768 162 816 218 Ab
836 158 990 217 HUGONlS
1009 128 1125 214 bruun
1143 151 1356 215 ubertum.
1759 152 1822 207 tres

116 298 158 350 cst
173 295 249 362 (tec.
262 291 301 365 n).
318 294 441 350 Etreete
454 291 615 365 politorum
634 288 715 358 dicit,
731 291 764 346 ut
789 283 981 361 quomodoa
1000 282 1131 354 justitia,
1161 286 1190 341 et
1216 281 1273 339 sub
1300 278 1432 337 funiculo
1458 276 1691 352 praedicationis.
1719 273 1830 333 'Dieinu

115 382 248 448 eredere,
268 382 351 456 quod
366 397 497 456 sperare,
519 379 565 437 vel
576 379 698 450 diligere
721 377 831 436 debean
853 391 946 431 uuus-
1001 371 1093 429 etiem
1106 373 1164 429 hoc
1179 372 1287 430 atrium
1310 368 1442 437 interius,
1469 370 1636 424 vocaturet
1662 365 1776 423 atrium
1788 382 1831 421 sa-

115 474 244 548 quisque
258 473 433 545 dignoscere
447 471 544 544 possit
560 485 619 539 ;ne
643 467 813 525 inveniatur
831 466 862 522 in
887 464 947 522 fide
1001 461 1167 518 cerdotum.
1185 464 1218 519 Et
1231 464 1309 518 recte
1323 458 1432 516 dicitur
1451 456 1585 526 interius
1598 455 1672 529 quia
1685 454 1832 529 quidquid

117 563 278 637 scrupulus
291 562 409 631 erroris,
425 560 455 616 in
471 575 524 633 spe
537 558 669 616 defectus
684 557 814 631 terroris,
838 556 948 613 incha-
1000 566 1054 625 per
1073 550 1294 608 confessionem
1323 547 1539 614 manifestatur,
1569 543 1725 603 occultum
1748 543 1835 600 debet

116 651 201 709 ritate
215 649 428 709 offendiculum
440 648 589 718 rancoris;
604 648 656 706 sed
664 648 793 722 poliatur
805 645 881 703 fides
894 644 946 700 bo-
1000 641 1150 698 essesicut
1162 645 1224 698 erat
1238 640 1331 714 prius.
1346 638 1404 698 Sed
1418 642 1447 695 et
1461 635 1570 693 atrium
1586 635 1781 692 sacerdotum
1794 633 1836 689 di·

115 741 148 798 ni
160 740 258 814 operis
273 737 421 807 exercitio,
437 755 505 811 spes
518 738 687 795 {eternitatis
700 735 859 804 desiderio,
875 735 945 790 olra—
1002 729 1077 787 citur
1091 747 1168 800 esse,
1186 730 1259 805 quia
1286 727 1453 803 specialiter
1479 726 1511 783 in
1536 725 1610 783 atrio
1637 723 1836 782 confessionis

115 829 187 900 riJ'as
215 827 404 885 exhibitionis
418 827 577 901 obsequio.
591 829 686 896 Junge
713 826 802 898 igitur
830 822 945 895 lignum
1002 820 1207 877 sacerdotibus
1221 820 1287 876 lieet
1302 818 1480 875 ministrare.

114 916 218 992 lepidi,
232 916 356 974 cedrum
371 917 524 985 marmori,
540 916 633 974 tidem
647 916 740 990 operi,
757 931 795 972 ne
819 915 858 971 sit
871 914 946 969 tides
1118 913 1185 968 Car.
1202 912 1289 966 xxvi.
1302 911 1345 966 De
1356 909 1437 965 meri
1445 908 1535 977 fusili
1547 907 1579 963 ie
1594 907 1717 976 tempto.
1745 917 1750 925 ·

114 1006 195 1074 ficta,
210 1022 279 1081 spes
305 1022 401 1076 cassa,
421 1005 551 1063 charitas
565 1005 763 1062 infructuosa.
781 1006 856 1063 lium
881 1004 946 1059 haec
1036 1001 1342 1072 Fecitquoquemere
1355 999 1447 1070 fusile
1460 997 1560 1054 decem
1577 995 1778 1053 cubitorume
1792 997 1833 1053 te·

115 1094 205 1166 igitur
220 1096 357 1164 attendis,
381 1095 514 1169 lapidem
539 1094 626 1168 polis,
655 1095 779 1151 cedrum
803 1093 947 1150 marmori
1003 1091 1049 1146 bio
1062 1103 1156 1162 usquc
1180 1089 1221 1146 nd
1244 1088 1366 1156 tetiam,
1382 1086 1546 1143 rotundum
1573 1090 1605 1143 in
1635 1087 1767 1142 circuitu
1780 1086 1836 1156 (Hi

117 1184 285 1257 conjungis.
321 1184 486 1242 AEdificavit
514 1184 604 1241 etiam
627 1183 768 1243 Salomon
796 1183 949 1241 moraliter
1001 1181 1072 1251 lieo.
1093 1180 1153 1250 vu).
1176 1178 1258 1237 Sicut
1273 1178 1411 1252 superius
1434 1193 1489 1251 per
1511 1176 1620 1233 atrium
1644 1175 1834 1232 sacerdotum

113 1273 226 1330 atrium
250 1273 372 1331 interius
391 1274 485 1330 tribus
508 1273 665 1331 ordinibus
680 1273 817 1348 lapidum
843 1273 947 1346 polito·
1002 1266 1834 1340 moraliterdesigneturconiessio‚itapermareaeneum

116 1377 195 1430 rum,
212 1366 241 1418 et
255 1362 426 1419 unoordine
439 1361 688 1434 lignorumcedri.
699 1360 946 1431 interiusatrium,
1002 1358 1154 1429 designari
1166 1357 1264 1432 potest
1279 1359 1378 1416 cordis
1389 1357 1591 1432 compunctio.
1607 1357 1687 1415 Sicut
1712 1355 1834 1412 enimin

117 1455 161 1509 est
169 1451 321 1509 moraliter
335 1452 482 1509 confessio
495 1451 682 1509 delictorum.
702 1454 783 1508 Unus
812 1449 886 1508 ordo
899 1467 947 1507 ce·
1002 1448 1079 1506 mari
1093 1463 1178 1505 aeneo
1193 1448 1288 1506 lavari
1301 1448 1439 1506 solebant
1452 1445 1632 1516 sacerdotes,
1656 1446 1699 1503 ita
1713 1447 1745 1502 in
1758 1461 1835 1502 ama·

117 1540 175 1610 dri,
190 1546 233 1598 est
243 1541 273 1599 in
295 1541 470 1615 poenitcntiu
484 1541 697 1613 longanimitas
722 1540 945 1615 perseverandi.
1002 1538 1130 1596 ritudine
1146 1538 1388 1612 compunctionis
1398 1537 1537 1595 lavantur
1556 1535 1691 1610 quotidie
1703 1533 1834 1591 fidelium

117 1634 198 1688 Tunc
210 1631 292 1688 enim
303 1631 411 1688 cedrus
424 1631 616 1703 conjungitur
630 1631 783 1699 marmori,
800 1631 874 1687 dum
886 1647 948 1704 pee-
964 1644 984 1698 ρ
1003 1632 1128 1685 mentes.
1145 1630 1204 1685 lton
1217 1631 1319 1685 autem
1333 1644 1397 1697 vas,
1414 1627 1505 1684 maris
1519 1625 1643 1683 nomine
1665 1625 1777 1681 meruit
1788 1639 1834 1697 ap

116 1720 247 1776 nitentiae
261 1720 482 1793 perseverantia
496 1719 772 1777 continuaturverae
787 1719 948 1778 contessio—
1002 1717 1118 1792 pellan,
1150 1717 1222 1790 quia
1250 1722 1374 1792 propter
1400 1715 1633 1773 amaritudinem
1659 1714 1833 1770 delictorum

117 1808 160 1865 ni.
172 1811 241 1866 Tres
254 1825 325 1866 vero
340 1808 459 1866 ordines
479 1810 614 1883 lapidum
640 1810 803 1884 politorum
818 1810 849 1866 in
872 1809 947 1866 atrio
1004 1810 1198 1880 comparatur
1218 1806 1305 1864 mari.
1334 1805 1508 1881 appellatur
1534 1804 1623 1862 etiam
1644 1819 1775 1861 aeneum.
1791 1806 1832 1858 ,tls

119 1898 327 1966 confessionis,
344 1903 413 1955 sunt
437 1903 493 1955 tres
508 1899 666 1972 qualitates
681 1899 713 1955 in
727 1898 854 1956 reditieio
868 1915 949 1955 men·
1003 1897 1084 1954 enim
1099 1912 1190 1973 super
1208 1902 1330 1955 ceteras
1356 1898 1470 1971 species
1492 1895 1613 1964 metalli,
1626 1899 1671 1951 est
1683 1894 1774 1951 valde
1788 1911 1832 1951 so-

118 1985 166 2054 tis,
178 1985 211 2043 id
223 1990 278 2058 est,
292 1987 389 2055 timor,
418 1986 514 2056 dolor,
530 1986 638 2061 pudor.
655 1987 689 2043 Hi
718 1987 807 2059 igitur
833 1986 949 2062 lapides
1003 2002 1122 2043 norum.
1138 1989 1187 2042 AEs
1200 1986 1359 2061 siquidem,
1374 1985 1498 2060 quando
1513 1984 1552 2042 ab
1570 1984 1673 2058 aliquo
1693 1985 1833 2057 tangitur,

116 2074 318 2149 inaequalitate
334 2075 380 2132 sui
390 2075 500 2150 saepius
522 2082 750 2151 exasperantur,
765 2081 794 2136 et
807 2078 875 2135 ideo
896 2094 947 2134 ne·
1005 2075 1117 2143 stridet,
1134 2091 1169 2131 ae
1177 2075 1258 2133 velut
1269 2075 1439 2150 plangentis
1446 2090 1530 2132 more
1545 2073 1750 2148 conqueritur.
1763 2077 1834 2131 Dum

117 2180 202 2223 cesse
212 2166 257 2221 est
266 2168 298 2220 ut
305 2163 461 2235 diligenter
480 2170 508 2222 et
524 2165 685 2225 artificiose
702 2166 950 2241 pedententim·
1003 2164 1084 2221 enim
1095 2180 1148 2221 ves
1177 2165 1417 2239 compunctionis
1429 2163 1562 2236 tangitur
1587 2179 1682 2221 manu
1709 2163 1834 2238 propriae

118 2254 687 2330 speraturenimtimorpropterpeccati
698 2257 947 2328 magnitudinem,
1002 2253 1254 2329 reprehensionis,
1270 2254 1367 2311 reddit
1377 2254 1528 2327 tinnitum,
1543 2254 1618 2310 dum
1632 2252 1742 2310 emittit
1751 2269 1835 2326 ques-

116 2339 203 2397 dolor
217 2345 340 2415 propter
352 2340 585 2414 multitudinem,
602 2345 702 2417 pudor
714 2349 835 2418 propter
858 2345 949 2419 turpi·
1002 2347 1078 2400 tum.
1096 2346 1164 2401 Erat
1179 2348 1280 2401 autem
1294 2361 1349 2402 vas
1370 2344 1445 2401 illud
1468 2344 1563 2415 fusile,
1590 2342 1674 2417 quod
1699 2342 1739 2399 sit
1766 2343 1836 2400 dum

117 2429 262 2487 tudinem.
277 2433 354 2487 Dum
377 2431 458 2487 enim
473 2432 593 2489 animus
620 2434 745 2491 attendit
759 2436 858 2508 turpia
880 2452 948 2509 quae
1002 2432 1129 2490 materia
1156 2433 1267 2490 metalli
1294 2433 1416 2508 ponitur
1436 2433 1467 2490 in
1493 2433 1596 2504 ignem
1623 2432 1765 2489 detinens
1787 2448 1836 2506 per

117 2519 218 2590 gessit,
233 2519 307 2576 dum
322 2519 412 2577 etiam
425 2522 603 2579 eorumdem
616 2522 648 2578 iu
663 2528 775 2581 secreto
798 2525 950 2583 couscien·
1003 2522 1127 2579 ductum
1142 2522 1255 2580 canalis
1268 2523 1308 2580 ad
1322 2523 1536 2598 perlectionem
1562 2521 1677 2579 tormer.
1696 2522 1788 2593 ignis,
1797 2527 1838 2580 est

117 2607 260 2665 tiaenullo
274 2608 392 2666 vidente
407 2611 560 2682 perhorret
572 2612 721 2669 reeordari
736 2632 743 2670 ι
760 2630 823 2671 non
835 2619 880 2673 est
893 2616 949 2672 mi·
1003 2613 1094 2671 ardor
1119 2611 1332 2682 tribulationis;
1367 2612 1477 2671 metalli
1494 2612 1633 2670 materies
1655 2615 1703 2669 est
1724 2614 1837 2686 peccati

116 2713 186 2754 rum
199 2696 223 2753 si
238 2697 321 2755 alteri
330 2699 395 2755 hmo
407 2700 512 2756 eadem
527 2701 627 2774 pudor
642 2703 678 2759 sit
706 2704 850 2765 confiteri.
874 2707 948 2764 Cum
1003 2702 1139 2776 specics:
1165 2702 1248 2776 quod
1270 2717 1324 2775 per
1351 2701 1569 2760 recordationis
1589 2704 1731 2769 tractum,
1751 2701 1837 2776 quasi

119 2790 218 2843 autem
234 2786 870 2867 consideret,quodquamvisturpiatamen
884 2811 949 2868 per·
1002 2806 1057 2866 per
1077 2790 1204 2847 carnalis
1232 2791 1401 2848 ductumiu
1416 2791 1546 2848 termam
1573 2789 1654 2847 vasis
1680 2790 1836 2862 trajicitur,

116 2875 246 2948 patravit
255 2875 359 2945 multa,
369 2881 484 2934 nonest
494 2878 772 2938 mirumsimultum
781 2882 950 2941 doleatani·
1002 2896 1072 2936 cum
1086 2895 1172 2938 mens
1187 2879 1319 2936 emollita
1339 2896 1393 2953 per
1406 2879 1545 2937 ardorem
1575 2878 1672 2935 sancti
1701 2879 1836 2952 Spiritus,

117 2980 187 3020 mus
199 2963 300 3022 multis
313 2965 453 3024 vitiorum
459 2966 586 3025 irretitus
598 2969 735 3028 nexibus.
752 2975 826 3030 Cum
839 2973 947 3031 iterum
963 3007 983 3061 C
1003 2969 1043 3025 ed
1055 2968 1246 3026 efficiendum
1260 2984 1315 3026 vas
1330 2969 1571 3042 compunctionis
1585 2968 1746 3041 eliquatur.
1761 2969 1835 3025 Ere·

116 3069 180 3111 nen
194 3057 312 3111 tantum
326 3055 699 3127 recogitatmultitudinem
720 3061 853 3134 turpium
877 3062 947 3120 deli·
1002 3059 1092 3117 etiem
1107 3059 1207 3116 decem
1220 3058 1388 3116 cubitorum
1411 3058 1521 3116 eletio
1535 3072 1628 3130 usque
1655 3058 1697 3115 ed
1713 3057 1833 3114 rauna.

117 3146 235 3199 aterum
248 3159 316 3216 quae
339 3143 439 3215 gessit,
456 3145 508 3202 sed
536 3146 625 3204 etiam
645 3149 886 3220 magnitudinem
900 3168 946 3209 eo.
1003 3151 1035 3204 ln
1050 3148 1175 3207 denario
1191 3147 1340 3221 siquidem
1354 3163 1481 3205 numero
1489 3163 1559 3221 spes
1574 3146 1760 3218 intelligitur,
1771 3163 1836 3221 qna

117 3245 187 3286 rum
200 3235 268 3288 ente
284 3231 388 3288 oeulos
403 3235 511 3291 mentis
535 3237 629 3309 ponit,
646 3238 672 3293 si
688 3238 789 3296 timeat
800 3245 829 3297 et
842 3241 950 3298 abhor-
1001 3236 1212 3294 laborantibus
1236 3236 1388 3310 promissa
1412 3237 1510 3294 datur.
1537 3241 1562 3293 A
1576 3235 1658 3294 labio
1681 3235 1784 3306 igitur,
1808 3234 1837 3292 id

117 3322 252 3375 reatnon
266 3323 311 3375 est
320 3321 504 3393 mirandum,
520 3323 572 3380 sed
585 3340 776 3401 summopere
791 3344 829 3386 ne
842 3330 948 3411 despe3
1002 3330 1056 3394 est,
1073 3325 1113 3383 ab
1125 3325 1209 3383 initio
1222 3326 1327 3399 prima
1340 3326 1541 3383 conversionis
1557 3341 1654 3398 usque
1669 3325 1710 3381 ad
1726 3324 1837 3383 labium

117 3409 164 3462 ret
175 3410 219 3463 est
230 3406 414 3465 eutandum.
433 3409 565 3467 Poliendi
578 3419 649 3470 sunt
668 3415 757 3486 igitur
770 3416 894 3492 lapides,
910 3435 948 3477 ne
1001 3415 1140 3490 perfectae
1155 3432 1208 3489 per
1218 3419 1347 3472 mortem
1369 3416 1565 3489 separationis
1578 3414 1699 3472 veniam
1730 3420 1835 3488 speret,

118 3499 395 3569 exasperenturpcr
408 3497 648 3572 desperationem
662 3501 797 3560 fidelium
822 3511 946 3565 mentes.
1002 3505 1178 3579 quicunque
1205 3521 1259 3563 ras
1285 3505 1511 3579 compunctioni
1536 3505 1749 3562 intrumentis
1780 3521 1836 3560 sua

118 3583 277 3642 Polieudus
292 3589 336 3642 est
362 3586 511 3660 siquidem
530 3589 620 3648 timor
636 3591 820 3663 benignitate
835 3595 948 3653 miseri·
1003 3593 1151 3651 ambitum
1166 3593 1286 3651 format.
1304 3596 1397 3650 lavat
1414 3593 1495 3650 enim
1507 3593 1643 3667 lacryma
1666 3593 1773 3650 sordes
1788 3591 1837 3648 cri-

119 3673 240 3746 eordioe,
255 3673 342 3733 dolor
356 3677 531 3737 assiduitate
543 3682 734 3754 poeniteutiae,
750 3685 849 3757 pudor
867 3687 949 3759 puri·
1003 3682 1103 3752 minis,
1119 3682 1160 3740 ita
1174 3683 1242 3740 dico
1258 3682 1282 3738 si
1296 3687 1427 3756 ponatur
1440 3683 1519 3740 intra
1534 3683 1643 3740 atrium
1662 3698 1743 3739 verre
1770 3697 1835 3739 eon-

118 3766 178 3820 tate
190 3763 389 3823 conscientiae.
408 3770 439 3823 tn
453 3768 601 3841 poliendis
616 3771 697 3829 enim
720 3771 871 3846 lapidibus
895 3775 949 3832 tria
1003 3771 1150 3830 fessionis.
1166 3776 1200 3830 Et
1214 3778 1279 3830 erat
1294 3773 1458 3830 rotundum
1473 3773 1503 3829 in
1519 3771 1655 3840 circuitu,
1680 3772 1756 3845 quia
1778 3787 1835 3827 non

120 3857 192 3910 sunt
206 3853 401 3926 assignanda,
418 3856 528 3914 scilicet
552 3859 663 3929 oleum,
678 3860 755 3935 lapis
783 3868 811 3920 et
829 3880 947 3923 manus.
1003 3865 1120 3918 tautum
1143 3861 1293 3936 praeterite
1319 3865 1347 3918 et
1369 3860 1482 3929 futura,
1504 3860 1558 3917 sed
1581 3865 1610 3917 et
1623 3875 1782 3935 prospera,
1809 3862 1834 3915 at

119 3940 290 3996 infunditur
315 3943 396 3998 enirn
415 3944 545 4019 desuper
568 3948 678 4017 oleum,
707 3949 783 4024 lapis
794 3952 897 4010 durior
920 3954 950 4011 in
1003 3949 1128 4007 adversa
1139 3949 1250 4008 debent
1263 3949 1378 4022 irrigari
1388 3949 1469 4010 lietu.
1481 3949 1671 4018 ttotunditas,
1689 3948 1833 4023 siquidem

121 4027 275 4099 saperticie
286 4030 426 4098 volvitur,
442 4051 551 4091 manus
562 4053 633 4093 vero
647 4037 779 4111 lapidem
791 4043 909 4115 premit,
923 4048 952 4100 et
1004 4041 1097 4095 meris
1111 4039 1250 4112 designat
1260 4040 1409 4099 ambitum
1428 4040 1563 4097 discretae
1584 4038 1831 4114 compunctionis,

120 4116 285 4216 premendo
298 4119 396 4176 trehit.
423 4122 591 4194 Benignites
615 4125 716 4200 itaque
740 4128 950 4188 misericordiae
1004 4146 1072 4204 quae
1087 4146 1157 4187 cum
1171 4147 1217 4199 ea,
1232 4148 1300 4205 quae
1315 4136 1384 4189 ante
1399 4135 1530 4203 stratio,
1554 4146 1573 4188 e
1592 4129 1705 4187 dextris
1720 4134 1750 4191 et
1772 4128 1835 4185 asi-

120 4219 208 4307 quasr
222 4205 323 4264 oleum
334 4210 524 4283 asperitatem
539 4213 677 4288 lapidum
691 4215 762 4273 lenit
774 4236 780 4288 ;
791 4220 951 4279 assiduitas
1003 4219 1104 4276 nistris
1120 4224 1199 4289 sunt,
1215 4220 1344 4295 respicit,
1355 4225 1389 4276 et
1403 4220 1477 4277 nihil
1491 4219 1608 4294 absque
1632 4218 1834 4292 compunctio

119 4298 301 4397 poenitentiae
315 4300 397 4359 velut
408 4301 486 4378 lapis
500 4311 692 4378 peccatorum
704 4309 859 4383 scrupulos
869 4313 950 4382 terit;
1006 4309 1051 4365 nis
1063 4308 1262 4367 amaritudine
1278 4310 1402 4368 nansire
1414 4309 1566 4384 permittit,
1583 4308 1658 4383 quid
1673 4309 1758 4366 aliud
1777 4307 1834 4378 agi·

120 4391 236 4485 puritas
247 4404 318 4445 vero
334 4392 522 4449 conscientiae
534 4396 622 4468 quasi
636 4413 746 4454 manus
761 4399 800 4455 ad
812 4399 952 4460 ultimum
1006 4403 1062 4469 tur,
1078 4398 1135 4455 nisi
1150 4399 1233 4473 quod
1256 4401 1332 4457 meri
1352 4415 1436 4458 aeneo
1461 4399 1630 4458 rotunditas
1655 4399 1834 4472 circumspe-

120 4475 350 4570 peceaunserdes
364 4479 458 4548 tergit.
474 4481 555 4536 istud
578 4487 623 4539 est
637 4483 737 4541 oleum
759 4487 889 4562 spiritus,
904 4490 952 4547 bie
1005 4487 1110 4545 ctiouis
1124 4487 1314 4562 imponitur?
1338 4492 1371 4546 Et
1385 4489 1510 4546 altitudo
1531 4489 1597 4560 cJus
1618 4492 1684 4545 erat
1705 4489 1836 4561 quinque

122 4561 167 4612 est
184 4558 261 4630 lapis
272 4561 436 4658 angularis,
447 4566 510 4622 hac
527 4573 570 4625 est
585 4569 689 4627 dextra
704 4571 755 4628 lici
783 4575 885 4633 Patris.
897 4578 953 4635 Pri·
1005 4577 1185 4635 cubitorum.
1200 4564 1268 4653 ipsa
1282 4583 1326 4636 est
1340 4579 1508 4636 sublimitas
1533 4577 1669 4653 quinque
1693 4592 1835 4634 sensuum

120 4661 208 4702 mum
222 4645 302 4748 lenit,
319 4652 486 4751 secuudum
497 4656 615 4728 premit,
632 4659 750 4717 tertium
760 4661 858 4721 trahit.
871 4668 952 4739 Rogo
1006 4681 1229 4742 corporeorum.
1247 4668 1314 4738 Sed,
1330 4668 1402 4742 quie
1416 4669 1544 4727 varietas
1560 4682 1706 4725 sensuum
1731 4684 1786 4742 per
1798 4666 1837 4723 di-

122 4748 205 4832 ⁰1Jtt⁰‚
231 4735 447 4841 beurgmssune
467 4746 560 4815 Pater,
576 4751 609 4803 ut
627 4747 763 4808 dolorem
788 4768 891 4812 meum
914 4756 953 4813 le
1004 4774 1092 4816 versa
1116 4758 1222 4816 mundi
1248 4759 1467 4818 oblectamenta
1489 4757 1603 4827 defluit,
1626 4758 1836 4815 convenienter

121 4834 674 4909 nas‚an1m1met1m0rempremas,
694 4841 778 4914 operi
805 4859 952 4903 manuum
1005 4849 1164 4907 auotoritas
1179 4849 1335 4921 subjungit
1360 4865 1366 4904 :
1389 4850 1587 4907 Etresticute
1602 4848 1738 4919 trigenta
1759 4847 1834 4906 ceti·

121 4914 243 4971 tuarum
258 4915 412 4978 danbrum
425 4925 572 5000 porrigas,
595 4928 747 5001 jacentem
769 4934 876 5006 erigas,
892 4952 953 4993 ere·
1006 4945 1104 4995 torum
1118 4939 1256 5010 cingebat
1270 4941 1350 4997 illud
1357 4955 1415 5011 per
1424 4940 1584 4995 circuitum
1593 4937 1699 5011 (ibid).
1710 4938 1837 4995 Restion-

122 5005 205 5103 etum
225 5005 337 5106 trahas.
353 5011 436 5109 'lium
451 5015 554 5073 enim:
581 5019 676 5077 sancti
703 5021 828 5095 Spiritus
851 5025 951 5084 oleum
1004 5025 1033 5083 la
1048 5031 1094 5084 est
1107 5031 1326 5100 praceptorum
1340 5025 1508 5100 disciplina,
1533 5041 1596 5100 qua
1619 5026 1704 5083 lluxa
1719 5025 1834 5084 restriu-

120 5091 266 5165 ¹¹1sl¹1¹d¹⁸‚
278 5097 376 5197 turdis
388 5099 527 5163 duritiem
537 5107 700 5168 molliendo
713 5111 861 5172 dissolvis.
874 5118 951 5173 tium
1005 5114 1114 5186 gimus,
1131 5115 1249 5189 quoties
1265 5133 1284 5173 a
1297 5116 1408 5174 nostris
1421 5115 1628 5190 voluptatibus
1641 5129 1738 5189 opera
1750 5121 1779 5174 et
1790 5130 1834 5172 oo-

120 5198 192 5283 vero
206 5185 407 5247 humilitatem
421 5196 450 5251 ct
462 5195 638 5269 patientiam
657 5200 709 5258 filii
732 5204 905 5277 praetendis,
919 5205 951 5263 in
1005 5205 1162 5276 gitationes
1188 5206 1361 5278 religamus.
1405 5208 1479 5274 Quae
1515 5205 1659 5263 nimirum
1700 5204 1835 5263 resticula

120 5271 208 5328 nobis
222 5278 371 5337 tumorem
395 5284 543 5356 superbire
570 5287 665 5362 ipsius
679 5292 817 5366 exemplo
839 5295 951 5365 premis
1003 5294 1124 5366 triginta
1137 5295 1245 5353 dieitur
1259 5312 1324 5353 esse
1338 5296 1520 5365 cubitorum,
1535 5295 1617 5369 quia,
1634 5311 1706 5351 cum
1733 5295 1775 5353 ud
1794 5293 1837 5351 tri·

121 5359 189 5458 (ἆορ
203 5364 273 5434 xiv).
290 5366 323 5421 Et
337 5366 378 5424 sic
393 5369 432 5426 ed
446 5371 593 5448 dextram,
608 5394 701 5451 quam
714 5379 768 5436 diu
781 5395 835 5452 per
848 5395 952 5455 exspe-
1003 5383 1088 5454 ginta
1101 5400 1252 5442 annorum
1268 5385 1430 5444 terminum
1444 5385 1624 5460 perveneris,
1641 5390 1675 5440 tu
1695 5385 1752 5458 qui
1773 5388 1836 5442 ante

120 5450 280 5507 cabonem
294 5456 461 5529 porrexisti,
475 5463 657 5537 accedimus,
668 5472 701 5524 ut
714 5482 784 5523 cum
799 5467 900 5526 electis
910 5471 950 5529 ad
1003 5472 1034 5528 iu
1049 5474 1137 5530 aunis
1149 5475 1333 5546 juvenilibus
1349 5475 1504 5532 remissior
1516 5474 1626 5542 fueras,
1646 5473 1758 5532 saltem
1772 5489 1836 5531 curn

119 5533 258 5638 dextram
276 5542 368 5642 Patris
394 5546 496 5606 simus.
526 5553 592 5608 iiaec
615 5552 705 5624 igitur
728 5557 949 5617 consideranda
1003 5560 1043 5616 ed
1055 5562 1220 5635 perlectam
1235 5568 1354 5622 satem
1368 5563 1550 5641 perveneris,
1572 5563 1655 5620 tluxa
1678 5562 1837 5639 voluptatis

120 5630 190 5685 suut
210 5643 241 5696 ru
264 5635 340 5690 atrro
366 5636 575 5712 consessionis,
603 5642 743 5707 ordinata
764 5648 822 5706 sub
843 5648 949 5718 regula
1002 5650 1176 5720 restringas.
