3742 6082
96 202 150 260 313
398 200 577 260 ausona
595 201 700 261 ors.
721 200 901 259 vrcrona.
922 198 1242 259 3131111311-
1259 201 1502 262 3331111133.
1678 160 1685 172 ’
1745 209 1801 266 arr

92 330 227 389 cundum
241 331 430 386 incrementa
438 329 509 386 fidei
523 331 641 399 crescit,
657 330 730 385 dum
750 328 841 384 homo
861 342 915 399 per
929 328 956 382 A
970 328 1087 384 homini
1102 332 1261 402 reputetur
1273 347 1329 403 pro
1344 332 1472 398 merit03
1488 331 1514 386 si
1532 345 1615 386 nunc
1636 346 1689 402 per
1708 331 1801 388 fidem

93 420 280 492 agnitionem
289 419 631 493 amplinsilluminatur‚
640 418 803 490 utplenius
814 432 920 488 agnos·
973 418 1146 488 ambulans,
1160 420 1241 475 viam
1256 421 1394 476 veritatis
1407 421 1499 476 etiarn
1511 420 1712 492 impugnatus
1736 437 1801 477 non

92 512 151 578 cat,
167 508 413 564 etintlammatur
426 524 480 580 per
494 507 697 575 dilectionem,
713 510 748 562 ut
761 506 919 562 ardentius
973 507 1101 577 deserat,
1117 509 1171 580 qui
1184 511 1270 581 prius
1280 510 1398 565 visione
1411 509 1571 582 praesentis
1595 509 1650 564 Dei
1675 510 1800 565 robora-

92 597 210 668 diligat.
224 597 273 653 Sic
286 613 355 667 3133
367 597 481 669 justuS,
497 596 635 667 quandiu
659 596 691 651 in
716 595 774 650 hoc
795 611 918 667 corpore
972 597 1101 666 tus,sola
1116 599 1310 670 persuatione
1323 602 1495 670 prostratus
1509 602 1583 654 erat.
1599 599 1640 655 Ut
1653 602 1756 654 autern
1767 599 1801 654 in

91 687 235 755 existens,
248 686 482 757 peregrinatura
495 685 638 753 Domino,
655 685 757 740 vivere
773 685 865 739 habet
878 700 917 738 ex
972 685 1029 740 hoc
1040 686 1144 757 praelio
1159 687 1294 741 invictus
1310 692 1390 742 stare
1405 688 1512 759 possit,
1530 691 1560 743 et
1574 688 1691 743 bonum
1707 703 1800 743 snum

90 774 159 843 fide,
186 773 442 846 quemadmodum
463 789 531 829 cum
556 773 683 829 eductus
696 773 732 828 de
747 773 805 828 hoc
820 788 919 843 31333-
970 772 1101 829 illaesum
1118 775 1281 844 custodire,
1298 775 1411 831 dantur
1424 776 1451 831 ei
1466 781 1498 830 at
1511 775 1627 832 dictum
1641 779 1687 832 cst
1706 777 1739 831 in
1753 793 1801 832 sa·

91 862 157 920 tulo
179 863 282 932 fuerit,
306 866 335 918 31
359 863 563 932 introductus,
586 863 619 917 in
643 862 791 933 gaudium
813 862 916 917 Domi·
971 863 1135 918 oramentis
1151 879 1247 932 arma,
1263 863 1377 935 quibus
1391 880 1423 918 ss
1436 865 1557 919 muniat
1568 880 1576 933 ;
1598 865 1631 920 in
1654 865 1801 936 operibus

91 952 124 1007 ni
139 951 186 1006 sui
200 951 301 1006 vivere
320 950 446 1006 habebit
465 967 503 1006 ex
521 951 785 1023 contemplatione.
801 949 918 1005 Scdmi·
969 949 1060 1006 bonis
1078 950 1138 1006 tela
1153 952 1267 1023 quibus
1279 955 1375 1007 ostem
1391 957 1559 1024 posternat,
1584 957 1620 1008 ut
1634 952 1750 1008 scilicet
1770 954 1802 1008 11-

90 1055 125 1095 13
143 1039 199 1096 1131
227 1040 454 1112 dispensatione
476 1040 578 1110 331131
599 1039 681 1111 quod
701 1055 784 1094 nunc
797 1039 917 1094 malitia
970 1038 1018 1095 dei
1033 1039 1181 1095 charitate
1194 1043 1221 1095 et
1236 1055 1289 1111 spe
1304 1040 1458 1112 adjuncta,
1469 1040 1599 1097 interius
1616 1042 1732 1114 pariter·
1753 1057 1800 1097 ro·

88 1129 213 1185 interim
228 1129 327 1184 hostis
339 1129 459 1202 antiqui
471 1129 510 1184 ad
523 1129 748 1200 persequendos
767 1132 795 1183 31
816 1130 914 1200 impu·
969 1129 1093 1184 boretur
1109 1132 1139 1185 et
1152 1129 1248 1185 vivat.

89 1218 229 1292 gnandos
240 1218 344 1275 fideles
356 1218 521 1287 relaxatur,
537 1221 689 1289 quatenus
703 1217 844 1274 videlicet
859 1218 916 1273 hoc
1185 1227 1187 1231 ’

650 1688 829 1803 PARS
870 1685 1252 1803 UNDECIMA.

743 1985 797 2040 DE
816 1983 1024 2041 NATURALI
1043 1984 1156 2041 LEGE.

105 2273 108 2278 ’
149 2269 228 2330 Gna'
240 2272 263 2326 Ι.
281 2273 324 2326 113
338 2270 556 2327 sacramentis
572 2271 742 2324 naturalia
758 2272 848 2340 13313.
929 2266 954 2322 Β
970 2273 1028 2328 sub
1042 2271 1107 2343 1333
1122 2273 1246 2343 3311313,
1259 2269 1308 2326 vel
1321 2269 1379 2324 sub
1393 2269 1493 2340 313113
1504 2269 1650 2325 instituta
1658 2274 1732 2326 sunt
1755 2286 1798 2327 sa·

125 2364 199 2421 Post
213 2363 303 2418 fidem
313 2362 349 2417 de
362 2360 561 2417 sacramentis
581 2359 651 2415 fidei
676 2363 806 2416 11331313
828 2362 914 2418 debe·
970 2366 1126 2419 crementa
1139 2361 1285 2416 interesse
1300 2359 1511 2431 perspicimus,
1530 2358 1613 2430 quod
1623 2358 1677 2414 illa
1690 2359 1798 2416 volun·

87 2470 167 2510 mus.
184 2453 381 2509 Sacramenta
396 2450 434 2504 ab
453 2449 543 2504 initio
553 2448 592 2504 ad
612 2451 867 2506 restaurationem
886 2454 916 2507 31
969 2453 1044 2509 13113
1058 2451 1157 2521 33313
1168 2465 1234 2506 3333
1246 2450 1400 2518 videntur,
1411 2449 1472 2504 ista
1483 2449 1683 2505 necessitatis.
1696 2449 1799 2506 Illaex

88 2543 276 2601 curationem
291 2539 674 2604 hom1nisinstitutasunt;
688 2538 750 2594 alia
763 2539 916 2596 subnatu·
968 2545 1041 2597 voto
1047 2541 1208 2609 celebrata,
1224 2540 1285 2595 ista
1299 2555 1336 2594 ex
1353 2541 1511 2611 praecepto.
1526 2537 1632 2609 Neque
1652 2539 1735 2593 enim
1746 2553 1796 2593 ex·

86 2634 145 2691 rali
158 2632 234 2703 lege,
249 2630 310 2686 alia
324 2630 382 2685 sub
395 2629 509 2701 scripta
520 2627 595 2699 1333,
612 2628 673 2683 3113
685 2629 742 2684 sub
754 2630 863 2699 313113.
876 2630 915 2685 Et
967 2630 1169 2687 istimandum
1184 2634 1231 2686 est
1244 2629 1299 2684 illa
1318 2629 1417 2700 prima
1431 2627 1582 2683 naturalis
1606 2627 1683 2698 13313
1697 2643 1798 2683 sacra·

88 2723 121 2780 in
135 2722 185 2778 his
200 2735 318 2793 semper
339 2734 408 2791 quie
432 2721 567 2790 ternpore
588 2718 758 2789 posteriora
777 2717 913 2787 suerunt,
967 2726 1094 2789 menta,
1124 2720 1188 2776 sive
1218 2719 1350 2774 decimas
1367 2717 1516 2787 videlicet,
1547 2717 1611 2772 sive
1635 2717 1794 2784 sacrificia,

88 2812 196 2868 effectu
225 2810 332 2880 3131133
345 2806 515 2880 spiritualis
539 2806 680 2876 (11331313
701 2807 912 2878 inveniuntur,
968 2811 1032 2867 sive
1047 2810 1217 2865 oblationes
1232 2823 1241 2878 ;
1257 2809 1302 2863 ita
1313 2807 1431 2863 homini
1446 2823 1484 2862 ex
1497 2806 1677 2862 necessitate
1697 2805 1794 2861 indic·

88 2901 200 2959 Omnia
214 2899 296 2955 enim
311 2898 365 2954 illa
380 2896 545 2969 superioris
559 2896 912 2968 temporissacramenta,
967 2904 1009 2971 ta,
1023 2903 1058 2955 ut
1072 2899 1126 2971 qui
1141 2914 1177 2954 ea
1195 2914 1257 2954 non
1272 2899 1433 2953 exsecutus
1448 2896 1567 2964 fuisset,
1582 2898 1702 2950 reatum
1717 2909 1794 2967 3133·

88 2991 153 3047 3133
168 2989 225 3044 suh
239 2986 454 3056 33133111333,
469 2985 725 3057 sivesubscripta3
740 2986 914 3058 3131133113-
966 2991 1164 3049 varicationis
1185 2989 1363 3056 incurreret,
1385 2986 1643 3057 quemadmodum
1671 2984 1722 3041 1113
1742 2985 1796 3057 qui

88 3077 159 3133 dam
176 3078 301 3132 fuerunt
315 3076 463 3144 3111311133
478 3089 660 3147 eorumquae
674 3090 756 3131 nunc
772 3076 830 3131 sub
845 3092 913 3147 313·
966 3081 1096 3137 fideliter
1109 3095 1145 3134 ea
1159 3078 1269 3134 3313131
1283 3076 1426 3132 3311133
1437 3075 1608 3131 devotionis
1632 3075 1795 3130 331311113-

88 3167 133 3222 113
146 3165 284 3221 exhibita
298 3167 372 3219 sunt
384 3167 654 3220 sacramentorum.
668 3165 709 3221 Et
731 3166 799 3221 ideo
827 3166 912 3222 31133·
967 3170 1055 3225 niret.
1072 3170 1234 3240 Nusquam
1249 3166 1330 3221 enim
1357 3164 1489 3235 legimus
1514 3163 1596 3235 quod
1611 3162 1794 3233 3111313333

88 3256 156 3311 tum
171 3250 362 3324 spiritualem
377 3266 468 3322 quem
480 3265 536 3305 suo
547 3255 683 3324 tempore
706 3254 913 3326 operabantur
967 3259 1123 3330 scriptam,
1140 3254 1352 3312 Deushornini
1366 3253 1488 3320 dixerit,
1506 3253 1559 3324 qui
1580 3251 1714 3308 decimes
1731 3266 1793 3306 non

87 3343 188 3416 posita
200 3356 255 3413 pro
269 3340 355 3408 istis,
371 3338 915 3414 111331131331333311133113113333·
966 3345 1149 3417 dederit,qui
1165 3343 1388 3399 333111131311311
1413 3337 1558 3397 obtulerit
1573 3357 1579 3395 :
1596 3341 1675 3396 sicut
1685 3344 1796 3411 postea

88 3432 249 3499 rebantur,
264 3444 358 3500 quam
373 3430 572 3498 sumpserunt
585 3428 625 3482 ab
640 3429 717 3484 istis.
734 3429 766 3485 Si
781 3431 851 3502 quis
861 3432 913 3502 131-
966 3433 1131 3508 33113333
1148 3433 1242 3490 dixit:
1257 3433 1425 3486 Masculus
1439 3432 1533 3497 cujus
1546 3444 1622 3485 caro
1632 3430 1796 3498 praeputii

88 3525 140 3579 tur
158 3519 350 3576 sacramenta
369 3515 472 3588 priora
491 3517 630 3572 ellectum
662 3520 912 3576 sanctificationis
966 3524 1161 3580 circumcisa
1177 3536 1242 3576 non
1254 3519 1369 3590 fuerit,
1384 3520 1507 3587 peribit
1521 3520 1639 3574 anima
1668 3520 1796 3573 iliade

87 3609 233 3667 habuisse
247 3606 416 3679 negaverit,
432 3621 494 3662 non
504 3606 583 3662 nihil
603 3610 682 3664 recte
707 3610 820 3666 sentire
833 3609 913 3667 vide·
930 3613 954 3670 C
963 3617 1083 3685 populo
1098 3627 1157 3667 suo
1170 3611 1261 3681 (Gen.
1274 3609 1364 3678 xvu).
1378 3608 1417 3663 Et
1425 3607 1504 3663 sicut
1519 3606 1578 3663 sub
1591 3606 1692 3677 313113
1706 3606 1794 3661 terri·

86 3703 180 3757 retur.
967 3701 1071 3759 biliter
1085 3700 1239 3756 intonuit:
1268 3699 1343 3754 Nisi
1367 3698 1442 3766 quis
1470 3700 1607 3751 renatus
1630 3695 1739 3763 fucrit
1753 3709 1795 3749 ecc

86 3788 161 3846 Gne.
177 3788 217 3843 ΙΙ.
232 3789 277 3842 113
287 3788 398 3855 prima
414 3786 605 3853 differentia
614 3790 872 3856 proeccdcntium
883 3794 915 3845 31
968 3805 1057 3861 aqua
1072 3796 1103 3846 31
1118 3790 1244 3858 Spiritu
1257 3790 1381 3852 sancto,
1399 3800 1464 3841 non
1479 3788 1585 3853 331331
1599 3784 1742 3838 introire
1757 3784 1794 3837 in

208 3876 475 3943 subsequentium
491 3882 786 3932 sacramentorum.
968 3896 1106 3951 133333
1125 3880 1178 3934 Dei
1194 3877 1300 3947 (1333.
1316 3874 1375 3944 111).
1403 3873 1490 3931 Unde
1511 3872 1693 3944 conjicimus
1708 3871 1794 3943 quod

122 3966 158 4021 In
172 3964 230 4019 hoc
244 3965 347 4028 tamen
362 3961 544 4031 dignitatem
572 3965 765 4034 sequentium
791 3964 912 4020 indubi·
968 3966 1223 4025 33313333131113
1238 3963 1447 4036 3113333313
1468 3961 1507 4017 ad
1533 3959 1732 4017 exercendam
1742 3959 1793 4016 de·

87 4049 802 4123 311313131311333,33331113313313111331
825 4054 913 4123 313113
965 4059 1121 4114 votionem
1136 4054 1293 4128 proposita
1316 4053 1449 4121 fuerant,
1475 4066 1568 4123 quem
1591 4049 1629 4105 ad
1652 4049 1793 4106 obtinen-

86 4137 488 4206 visibiliumiuerunt31sta
502 4152 574 4192 vero
588 4153 657 4193 cum
671 4139 733 4194 sint
758 4141 827 4212 ipsa
845 4143 911 4213 qui·
965 4145 1036 4202 dam
1051 4145 1181 4201 salutem
1196 4142 1321 4198 indicta.
1332 4141 1411 4196 Nam
1438 4139 1492 4211 qui
1508 4138 1586 4194 nihil
1603 4137 1792 4211 possidebat,

88 4231 157 4289 dem
168 4228 314 4298 visibilia,
330 4225 911 4301 1331333311313113111111333113313·
965 4232 1047 4290 unde
1061 4233 1194 4289 decimas
1209 4230 1315 4286 offerre
1331 4225 1542 4299 debebatiqui
1554 4226 1634 4292 nihil
1647 4226 1792 4295 habebat,

86 4315 910 4389 11331333133331331131111111113333313333133131133,
965 4338 1034 4394 quas
1046 4320 1194 4377 sacrificia
1209 4323 1239 4374 et
1252 4334 1331 4390 quas
1342 4316 1513 4373 oblationes
1527 4316 1634 4371 offerre
1644 4313 1793 4387 poterat?

85 4409 220 4481 primurn
235 4421 288 4478 per
299 4403 541 4461 benedictionem
555 4405 701 4460 virtutem
715 4404 749 4460 in
771 4420 803 4460 se
825 4421 909 4462 sanc·
971 4413 1084 4466 Votum
1104 4409 1192 4464 vovit
1215 4408 1310 4463 Jacob
1338 4408 1401 4462 1133
1424 4405 1792 4460 3133331811331333

85 4495 263 4553 tificationis
275 4492 458 4564 suscipiunt,
474 4506 510 4547 ac
523 4491 631 4548 deinde
645 4508 738 4565 quam
753 4495 912 4552 continent
963 4501 1048 4554 Deus
1062 4512 1153 4553 meus
1167 4495 1274 4565 suerit
1293 4509 1420 4550 mecum
1437 4494 1528 4566 ((133.
1544 4491 1649 4562 xum),
1665 4495 1722 4547 etc.
1749 4492 1793 4547 Ac

83 4585 117 4642 in
132 4600 164 4640 se
173 4579 445 4640 sanctificationem
459 4578 631 4649 conferunt,
650 4584 685 4636 ut
698 4581 760 4638 sint
773 4597 811 4637 ex
828 4598 911 4640 sanc
963 4585 1071 4643 deinde
1078 4585 1238 4657 subjungit
1254 4599 1260 4638 :
1275 4583 1315 4638 113
1330 4583 1496 4638 universis
1508 4595 1582 4650 quoe
1595 4582 1726 4636 dederis
1735 4581 1793 4634 mi·

84 4667 682 4740 1113311333333311113311113,3131131133
703 4685 740 4726 ex
755 4686 812 4726 sua
826 4671 908 4728 subi·
963 4677 999 4731 hi
1018 4676 1162 4731 decimas
1185 4678 1216 4729 31
1238 4674 1361 4728 hostias
1382 4671 1542 4743 pacificas
1571 4670 1706 4736 offeram
1732 4669 1792 4724 tibi

82 4760 267 4835 quecoelitus
276 4758 374 4813 indita
387 4756 627 4813 sanctificatione
644 4758 813 4830 conserant,
826 4760 909 4832 quod
963 4763 1069 4835 (ibid).
1081 4762 1169 4828 Quod
1182 4777 1253 4833 3133
1268 4776 1306 4816 ex
1320 4763 1394 4816 voto
1406 4775 1438 4815 se
1449 4759 1605 4815 facturum
1613 4757 1789 4831 spopondit,

80 4850 135 4908 1113
149 4863 202 4921 331
215 4847 281 4904 haec
295 4862 332 4901 ex
347 4845 412 4903 sola
425 4846 535 4902 horum
551 4847 773 4918 significatione
789 4850 906 4906 confer·
961 4852 1044 4926 quod
1056 4852 1114 4908 hoc
1128 4867 1166 4907 ex
1180 4850 1360 4906 necessitate
1372 4847 1512 4904 mandati
1526 4862 1589 4904 non
1603 4846 1791 4919 deberet,pa·

82 4954 115 4994 re
126 4939 356 4994 consueverant.
374 4935 479 4991 Passio
495 4951 629 5008 namque
647 4937 816 4994 salvatoris
837 4955 906 5011 quae
964 4943 1064 4998 tenter
1073 4938 1217 4996 ostendit.

79 5026 179 5101 primo
189 5024 255 5081 loco
270 5026 461 5079 sacramenta
474 5025 580 5094 3131133
593 5026 632 5080 ad
642 5026 781 5083 effectum
797 5027 907 5084 salutis
922 4991 950 5047 D
996 5029 1070 5086 Cia.
1085 5027 1135 5083 IV.
1150 5029 1237 5088 Quod
1254 5027 1346 5082 homo
1361 5040 1382 5080 a
1405 5027 1467 5081 1133
1482 5026 1668 5079 instructus
1682 5028 1731 5079 eet
1745 5025 1789 5078 ad

80 5114 260 5182 sanctificat,
275 5111 483 5167 mediantibus
503 5113 572 5168 istis
596 5114 689 5170 etiam
715 5115 768 5171 illa
796 5117 907 5188 prioris
1193 5117 1338 5171 decimas
1358 5115 1553 5181 offerendus.

81 5203 228 5277 temporis
240 5203 431 5257 sacramenta
446 5201 666 5271 sanctificabat,
682 5205 718 5258 ut
732 5204 837 5260 eadam
859 5221 906 5260 33-
989 5189 1157 5262 'Probabile
1168 5208 1272 5259 tamen
1287 5206 1334 5258 est
1346 5202 1471 5258 omnino
1491 5200 1647 5256 hominem
1672 5199 1791 5256 adhaec

81 5293 131 5350 lus
145 5294 235 5362 esset,
252 5293 282 5347 et
306 5289 356 5344 bis
376 5288 430 5361 qui
445 5291 527 5345 recta
549 5289 607 5345 tide
632 5290 721 5360 313113
747 5292 906 5348 fatuorum
961 5293 1127 5352 exercenda
1137 5310 1156 5349 a
1169 5293 1319 5366 principio
1334 5308 1352 5347 a
1366 5291 1430 5347 Deo
1445 5291 1632 5347 instructum
1647 5291 1677 5344 et
1689 5288 1790 5344 erudi·

79 5382 186 5439 inillis
201 5378 337 5437 venerati
354 5381 437 5446 sunt,
453 5379 483 5432 et
498 5377 611 5450 hisqui
635 5379 775 5434 ellectum
797 5381 907 5437 salutis
960 5389 1026 5440 tum
1051 5383 1156 5451 fuisse,
1174 5386 1209 5438 ut
1231 5380 1323 5455 primi
1335 5383 1529 5452 contemptus
1543 5377 1665 5450 culpam
1684 5376 1790 5433 subse-

80 5474 114 5531 in
128 5474 197 5530 istis
206 5470 389 5545 percipiunt·
960 5473 1084 5544 quentis
1098 5471 1269 5528 devotionis
1295 5469 1397 5526 studio
1422 5467 1567 5535 aboleret,
1588 5468 1618 5521 et
1633 5465 1736 5536 quiin
1749 5481 1792 5520 se·

265 5560 338 5616 031.
355 5556 409 5612 III.
425 5557 503 5611 Alia
518 5556 719 5623 differentia.
959 5561 1089 5633 metipso
1105 5564 1272 5617 contumax
1285 5559 1455 5626 exstiterat,
1467 5557 1501 5611 in
1516 5555 1581 5612 suis
1590 5554 1788 5626 postmodum

115 5648 196 5706 Illud
205 5663 327 5720 quoque
340 5646 421 5702 inter
434 5646 502 5718 ipsa
522 5643 614 5717 primi
639 5644 786 5716 temporis
807 5660 904 5701 saera·
960 5649 1170 5722 obtemperare
1184 5650 1402 5704 consuesceret.
1422 5645 1509 5702 Unde
1523 5643 1605 5700 enirn
1630 5642 1723 5698 homo
1743 5657 1789 5698 rc·

78 5734 337 5808 3333133331)
351 5732 683 5805 3313311333313111,
707 5746 742 5791 33
762 5748 832 5806 qua
855 5734 905 5793 vel
959 5753 1030 5796 rum
1049 5733 1177 5795 suatum
1191 5737 1340 5794 decimam
1358 5735 1463 5808 potius
1484 5747 1580 5808 (3133
1601 5745 1717 5789 nouem
1739 5731 1790 5789 vel
