3742 6082
74 181 129 244 see
377 149 1466 253 1111111111.1111011111111111-1111111111.
1726 181 1784 242 roo

74 311 131 368 est.
145 308 230 367 Deus
244 312 346 366 autem
361 313 431 366 ante
455 309 567 367 saecula
584 325 622 365 ex
641 310 706 365 Deo
729 310 897 363 natusest.
916 304 943 360 Α
957 304 1112 377 pendeant
1135 322 1215 379 ergo.
1244 308 1277 364 Si
1301 324 1383 366 mors
1403 325 1467 365 esse
1493 324 1556 364 non
1581 310 1700 381 poterat
1721 304 1784 363 nisi

43 387 44 390 '
65 384 139 454 ⁴Nec
152 400 254 454 tamen
268 396 384 453 iactum
397 412 462 454 esse
475 395 592 469 semper
608 395 646 451 ad
659 396 841 451 creationem
860 408 905 449 11-
959 395 1045 466 prius
1058 395 1123 451 vita
1138 395 1313 466 discederet,
1335 398 1487 470 quomodo
1511 399 1575 454 vita
1594 411 1718 452 manere
1729 411 1783 468 po·

76 485 184 541 fertur.
208 483 361 556 Scriptum
387 489 433 541 est
456 485 553 541 enim:
579 485 720 552 Domine,
736 483 905 554 refugium
960 483 1020 538 tuit
1030 487 1266 557 postquamvita
1277 484 1616 542 recesseratiJamenim
1628 485 1671 540 sic
1686 498 1784 540 reces-

75 571 186 642 fuctus
200 588 234 628 es
249 575 338 628 uobis
353 572 453 645 (Paul.
478 572 619 643 cxxxix).
645 573 684 628 Et
707 572 798 644 paulo
818 573 904 643 post:
960 575 1092 627 cesserat
1106 572 1199 642 Deus,
1226 577 1257 629 et
1270 574 1370 630 adhuc
1390 574 1531 630 Christus
1545 575 1636 629 vivus
1649 573 1682 628 in
1698 587 1787 628 cruce

75 659 156 731 Ergo
173 661 327 717 sitacium
341 677 408 717 esse
430 662 606 733 frequenter
629 660 668 716 ad
691 659 818 731 aliquid,
844 672 906 713 non
958 660 1120 733 pendebat,
1136 677 1206 718 curn
1221 678 1253 719 se
1265 664 1441 720 derelictum
1456 666 1610 719 causatur.
1622 662 1654 718 Si
1668 677 1741 733 ergo
1751 663 1785 717 in

76 748 115 804 ad
130 751 272 804 naturam
286 750 425 818 refertur,
441 749 534 805 etiam
556 752 690 805 creatum
714 747 753 804 ad
781 761 905 802 causam
958 746 1016 803 hac
1027 750 1196 805 recessione
1208 751 1276 820 Dei,
1292 755 1321 807 et
1337 753 1371 807 in
1399 752 1454 808 hac
1475 751 1646 807 divinitatis
1667 765 1788 822 separa·

76 837 215 893 refertur.
233 838 319 894 Unde
333 837 535 909 intelligimus
549 837 625 893 illud
647 837 729 909 quod
754 836 791 892 de
807 836 905 891 incar·
959 836 1052 906 tione,
1067 837 1152 893 illam
1168 854 1236 910 quae
1250 840 1331 895 inter
1345 840 1540 895 divinitatem
1562 842 1592 894 et
1605 838 1782 894 humanita-

76 926 200 982 natione
214 926 338 983 Domini
350 927 497 999 scriptum
522 930 582 982 est:
608 927 765 982 Dominus
782 927 906 980 creavit
958 927 1019 981 tem
1035 928 1195 982 constabat
1208 929 1352 984 unionem
1366 944 1503 1000 personae
1519 928 1650 984 solutam
1664 927 1785 996 dicunt,

78 1029 129 1071 me
137 1016 344 1084 principium
357 1018 488 1070 ciarum
504 1028 655 1084 suarum,
673 1017 709 1069 iu
722 1028 818 1083 opera
843 1029 905 1068 suu
959 1014 1019 1070 fuit
1037 1015 1190 1085 quoddam
1216 1019 1336 1089 tempus
1369 1016 1493 1088 quando
1516 1016 1656 1072 Christus
1683 1015 1786 1071 adhuc

36 1125 40 1134 ·
78 1100 183 1174 (Proo.
202 1101 271 1175 v111)
282 1119 291 1171 ;
311 1102 343 1158 id
366 1103 537 1173 significare
561 1102 644 1174 quod
669 1102 708 1157 ad
729 1101 907 1179 redimenda
958 1103 1048 1158 vivus
1063 1103 1155 1159 homo
1169 1108 1244 1173 erat,
1259 1109 1289 1160 et
1304 1105 1386 1160 Deus
1408 1120 1469 1160 non
1487 1104 1623 1160 erat.Sed
1639 1103 1785 1176 quiahoc

75 1191 712 1264 1111111111111111111111111111111
728 1191 903 1246 sitcreatus.
959 1189 1062 1246 dicati
1076 1188 1151 1256 Quis
1167 1207 1248 1249 sanae
1261 1192 1332 1249 tidei
1347 1193 1534 1249 concordans
1550 1208 1611 1249 non
1620 1192 1786 1248 abhorreat

76 1274 161 1333 Idem
173 1276 205 1331 in
221 1277 334 1334 eodem:
348 1278 474 1349 Paulus,
489 1279 601 1351 inquit,
613 1278 754 1351 prohibet
768 1293 816 1333 me
830 1292 907 1332 crea·
959 1280 1023 1335 Deo
1035 1280 1201 1353 imponere,
1217 1281 1300 1352 quod
1309 1285 1502 1353 assumptum
1515 1282 1671 1337 hominem
1686 1295 1786 1352 usque

76 1367 154 1421 turra
174 1365 297 1436 servire,
322 1371 352 1422 et
374 1367 497 1424 Christo
520 1368 664 1424 admonet
688 1366 903 1424 serviendium.
960 1368 998 1423 ad
1020 1372 1149 1425 mortem
1165 1369 1288 1441 quidem
1312 1371 1486 1426 comitando
1513 1370 1666 1442 perduxit,
1694 1373 1725 1425 et
1752 1369 1785 1424 in

75 1451 145 1509 Non
159 1468 229 1524 ergo
242 1456 544 1512 creaturaChristus.
562 1456 687 1526 Paulus,
702 1456 815 1528 inquit,
835 1458 904 1510 Ser·
959 1459 1056 1513 morte
1079 1458 1202 1529 quando
1227 1460 1334 1530 majori
1357 1459 1491 1531 periculo
1514 1459 1578 1531 jam
1603 1459 1786 1514 imminente

77 1556 136 1597 vus
152 1543 273 1599 Christi
284 1546 362 1600 lesu
378 1544 477 1614 (Rom.
494 1546 528 1614 1).
543 1549 573 1600 11
585 1546 686 1602 bonus
710 1560 827 1613 servus,
852 1545 906 1616 qui
960 1548 1060 1617 majus
1071 1547 1220 1603 auxilium
1236 1549 1441 1604 necessarium
1452 1552 1527 1617 erat,
1539 1546 1784 1613 deseruitiQua·

76 1627 243 1686 Dominum
257 1635 453 1703 recognoscit.
466 1635 533 1705 Ipse
547 1627 692 1690 creaturae
714 1634 828 1690 servire
850 1648 905 1688 nos
920 1646 946 1704 Β
959 1651 991 1691 11
1004 1651 1075 1707 ergo
1090 1640 1248 1709 tantopere
1275 1638 1464 1705 mercenarii,
1488 1637 1685 1708 improperat,
1701 1634 1786 1707 quod

77 1719 229 1788 prohibet.
244 1720 506 1785 Quemadmodum
522 1738 593 1794 ergo
609 1723 674 1795 ipse
701 1721 822 1778 Christo
844 1737 904 1777 111-
958 1723 1030 1798 lupo
1044 1725 1184 1780 veniente
1199 1740 1270 1781 oves
1283 1740 1361 1796 quas
1374 1725 1525 1781 custodire
1541 1724 1720 1792 debuerant,
1734 1724 1784 1778 iu-

77 1805 167 1875 viret,
180 1807 206 1862 si
220 1807 376 1866 Christum
387 1815 557 1867 creaturam
569 1810 715 1884 putaret?
738 1811 813 1867 Vide
833 1825 904 1880 ergo
958 1815 1075 1885 gientes
1088 1814 1242 1884 deserunt,
1257 1831 1326 1870 cum
1351 1815 1416 1886 ipse
1438 1815 1560 1870 unicam
1583 1813 1669 1869 illam
1683 1828 1784 1882 ovem,

77 1895 229 1964 quomodo
243 1896 399 1953 Christum
415 1901 570 1955 etsactum
590 1904 619 1955 et
643 1902 778 1955 creatum
803 1913 905 1954 secun·
959 1908 988 1959 et
1000 1919 1114 1974 agnum
1129 1903 1216 1959 illum
1237 1904 1303 1959 ovis
1317 1903 1446 1974 virginis
1469 1903 1578 1972 filium,
1602 1917 1695 1974 quem
1719 1917 1784 1958 non

76 1978 149 2036 dum
164 1983 281 2054 aliquid
295 1986 445 2056 affirmat,
459 2002 549 2060 quem
565 1991 667 2043 tamen
682 1992 902 2044 creaturames·
958 1990 1056 2047 solum
1079 1991 1322 2061 custodiendum,
1355 1981 1408 2048 sed
1432 1993 1524 2047 etiam
1549 1990 1784 2062 glorificandum

77 2082 109 2122 se
124 2073 224 2139 negat.
239 2071 322 2127 Idem
335 2089 457 2146 quoque
470 2075 503 2130 in
515 2076 619 2131 eodem
642 2075 722 2131 libro
746 2076 902 2131 Christum
958 2081 1102 2153 suscepit,
1116 2079 1189 2152 lupo
1202 2082 1342 2137 veniente
1366 2078 1524 2155 deseruit?
1543 2080 1615 2137 Ovis
1636 2080 1724 2152 prius
1746 2078 1784 2134 de

77 2171 139 2212 non
154 2157 351 2232 adoptivum;
367 2164 420 2219 sed
436 2165 608 2221 naturalem
627 2165 740 2221 lilium
756 2181 821 2221 esse
844 2169 902 2220 tes·
956 2173 1079 2241 pastore
1093 2184 1200 2224 secura
1214 2170 1354 2224 veniente
1367 2169 1440 2241 lupo
1457 2185 1518 2224 non
1534 2169 1638 2224 timuit
1652 2167 1758 2224 dicens
1774 2184 1781 2222 ι

76 2246 291 2304 taturdicens:
306 2249 364 2306 Per
378 2252 571 2325 adoptionem
596 2269 652 2309 nos
674 2253 730 2310 filii
752 2254 882 2309 dicimur
892 2270 901 2322 ;
963 2260 1055 2313 Veuii
1062 2259 1214 2327 princeps
1230 2259 1349 2312 muudi
1359 2259 1458 2325 hujus
1477 2262 1508 2313 ei
1523 2259 1560 2311 iu
1577 2272 1627 2312 ure
1644 2271 1709 2311 uou
1724 2257 1782 2310 ba·

36 2354 40 2359 ·
74 2332 126 2389 ille
135 2349 190 2407 per
202 2338 362 2395 veritatem
375 2340 662 2407 natrrrae.Quomodo
672 2355 743 2413 ergo
755 2357 793 2397 ex
805 2340 902 2398 nihilo
957 2347 1006 2401 bet
1016 2347 1197 2416 quidquam
1210 2345 1313 2416 (loun.
1330 2343 1405 2415 xrv).
1414 2344 1504 2400 Nunc
1516 2348 1619 2400 autem
1630 2360 1648 2398 a
1659 2347 1784 2416 pastore

78 2423 132 2494 qui
140 2424 280 2482 exnihilo
294 2428 366 2484 lecit
389 2431 492 2486 omnia
511 2431 568 2487 :Ita
591 2435 711 2503 oportet
734 2430 901 2486 secundum
956 2434 1108 2502 derelicta,
1124 2433 1278 2488 causando
1288 2436 1317 2487 et
1331 2432 1545 2503 conquerendo
1559 2431 1784 2502 clamat,quare

78 2512 566 2588 testimoniaScripturarumfidei
578 2520 708 2591 vestigia
723 2521 903 2587 formarent
956 2522 1145 2594 dereliquisti
1159 2520 1231 2577 me?
1246 2521 1335 2576 Solus
1358 2521 1450 2577 homo
1467 2521 1535 2585 fuit,
1557 2523 1588 2575 et
1609 2520 1693 2575 Deus
1717 2535 1782 2575 non

78 2602 345 2661 recteocredulitati
361 2607 485 2663 sinceras
511 2608 713 2664 confessionis
736 2608 900 2680 puritatem
955 2610 1026 2683 fuit,
1042 2613 1072 2665 et
1089 2610 1154 2682 jam
1182 2608 1266 2665 Deus
1285 2608 1376 2664 homo
1401 2624 1462 2665 non
1477 2609 1548 2678 fuit,
1563 2609 1637 2680 quia
1656 2608 1722 2680 jam
1742 2608 1783 2663 ah

77 2688 290 2761 adjungamus.
956 2699 1081 2754 homine
1096 2701 1260 2753 recesserat
1272 2697 1424 2767 Deus,nec
1435 2697 1526 2753 homo
1537 2696 1620 2753 Deus
1633 2697 1783 2767 fuit,quia

80 2793 140 2845 Gra.
159 2795 187 2846 x.
204 2795 239 2847 oe
252 2799 421 2864 separaum
439 2800 539 2852 animm
558 2803 582 2852 ιι
610 2802 704 2854 eamr,
726 2802 758 2853 m
786 2799 900 2853 curato.
955 2786 1055 2842 adhuc
1068 2786 1158 2843 vivus
1172 2787 1205 2841 in
1229 2800 1316 2841 cruce
1330 2786 1465 2858 pendens
1489 2802 1507 2840 a
1527 2785 1591 2840 Deo
1617 2784 1781 2841 derelictus

109 2875 239 2941 Quidam
264 2883 452 2951 putaverunt
485 2882 518 2936 in
540 2885 637 2938 morte
670 2883 901 2938 divinitatem
954 2876 1024 2931 init.
1041 2875 1111 2929 iam
1126 2889 1188 2929 non
1205 2874 1304 2929 solum
1319 2889 1390 2944 ergo
1405 2874 1439 2928 in
1451 2878 1548 2930 morte
1561 2889 1569 2941 3
1584 2872 1637 2928 sed
1655 2875 1686 2927 et
1709 2876 1782 2928 ante

76 2963 198 3020 Christo
226 2966 350 3023 homine
364 2970 533 3039 recessisse,
559 2973 588 3025 et
616 2974 744 3025 mortem
765 2971 899 3026 hominis
917 2968 1083 3045 cmortem
1098 2963 1245 3018 divinitas
1260 2963 1299 3018 sb
1319 2962 1442 3018 homins
1465 2965 1639 3031 recesserat,
1656 2960 1780 3033 quando

77 3051 161 3107 ahud
172 3069 266 3124 quam
281 3059 503 3128 separationem
516 3058 717 3114 divinitatisa
731 3074 821 3115 earne
836 3076 898 3116 non
953 3057 1044 3111 homo
1060 3052 1159 3107 adhuc
1173 3052 1271 3107 Deum
1287 3067 1306 3105 a
1316 3067 1347 3107 ss
1360 3054 1530 3121 recessisse,
1542 3067 1577 3106 sc
1591 3066 1645 3123 per
1660 3050 1728 3119 hos,
1744 3053 1781 3105 ut

76 3139 181 3196 fuisse.
197 3142 362 3199 Inveniunt
376 3147 458 3200 enim
474 3147 613 3217 quaedam
626 3148 717 3202 verba
733 3149 766 3202 in
784 3149 898 3220 quibus
951 3144 1004 3200 isti
1025 3143 1122 3211 aiunt,
1149 3142 1248 3197 Deum
1269 3156 1301 3196 se
1325 3156 1386 3197 non
1412 3156 1488 3211 esse,
1503 3140 1677 3215 plangebat.
1700 3138 1777 3204 Quis

75 3227 121 3282 ita
131 3229 245 3285 dictum
259 3246 323 3286 esse
336 3232 505 3302 videtur,et
520 3234 710 3290 invenientes
722 3235 898 3305 hujusmodi
951 3232 1009 3287 hoc
1020 3228 1125 3286 dicat?
1139 3228 1702 3301 Quomodo,inquiunt‚intelligendum
1717 3230 1775 3297 est,
1811 3268 1816 3273 .

74 3317 185 3374 litterae
199 3319 366 3390 adhaerent,
382 3336 442 3376 non
457 3322 664 3393 pertingentes
681 3323 720 3377 ad
743 3324 895 3394 spiritum.
952 3320 1034 3393 quod
1048 3319 1190 3374 Christus
1205 3334 1223 3372 a
1237 3318 1301 3373 Deo
1316 3318 1492 3374 derelictum
1518 3334 1550 3374 se
1572 3332 1637 3372 esse
1650 3316 1775 3384 clamat,

74 3404 188 3461 Beatus
213 3423 334 3479 quoque
362 3408 544 3465 Ambrosius
573 3410 632 3465 tale
645 3410 763 3481 aliquid
776 3411 899 3467 videtur
952 3412 982 3464 et
996 3407 1077 3479 quod
1092 3406 1249 3477 Scriptura
1258 3406 1413 3461 hominem
1429 3406 1621 3478 separatione
1633 3404 1777 3460 divinita·

75 3493 172 3551 dicere
183 3496 216 3551 in
232 3498 421 3569 expositione
433 3497 543 3571 psalmi
557 3497 641 3554 illius
656 3514 747 3570 quem
761 3499 826 3571 ipse
841 3501 898 3556 Do·
951 3497 992 3552 tis
1006 3496 1190 3550 moriturum
1206 3494 1353 3550 clamasse
1366 3495 1507 3563 affirmat,
1523 3495 1549 3548 si
1567 3494 1649 3548 Deus
1662 3493 1701 3547 ab
1721 3491 1777 3547 ho-

74 3585 219 3641 minusin
234 3587 376 3659 passione
391 3588 498 3644 suade
514 3604 545 3644 se
561 3589 707 3660 scriptum
721 3603 786 3644 esse
802 3594 899 3645 osten·
951 3585 1034 3639 mine
1048 3598 1109 3640 non
1124 3581 1311 3638 recesserat?
1325 3582 1405 3647 Quid
1418 3596 1488 3652 ergo
1503 3578 1517 3633 i
1531 3581 1600 3636 Non
1613 3580 1716 3650 potuit
1732 3579 1777 3633 di·

75 3671 121 3728 dit
135 3674 256 3730 dicens:
284 3679 378 3744 Deus,
402 3680 486 3734 Deus
515 3694 616 3745 meus,
643 3679 763 3747 utquid
785 3680 899 3734 1111111-
951 3673 1066 3728 vinitas
1098 3671 1322 3726 humanitatem
1348 3676 1378 3726 et
1407 3667 1573 3725 secundum
1588 3666 1707 3737 aliquid
1729 3666 1779 3721 de·

75 3765 179 3831 quisti
206 3762 280 3819 mei
307 3767 433 3835 (Metti.
459 3781 566 3835 xxvu3
593 3769 681 3822 Psui.
708 3781 765 3822 uxr
775 3783 784 3834 ;
795 3769 896 3822 Maro.
952 3762 1094 3830 seruisse,
1107 3760 1303 3831 inquantum
1320 3760 1459 3815 videlicet
1473 3772 1539 3813 eam
1554 3754 1698 3828 potestati
1716 3755 1776 3808 ini·

75 3855 140 3913 xv.)
154 3851 251 3921 Super
264 3854 345 3907 enim
370 3854 452 3910 hunc
479 3854 579 3910 locum
607 3855 789 3910 Ambrosius
813 3855 896 3911 dicit.
951 3851 1100 3906 micorum
1116 3848 1286 3920 expositam
1301 3848 1341 3903 ad
1355 3852 1476 3918 tempus
1491 3861 1553 3901 non
1577 3843 1723 3911 deiendit,
1747 3847 1779 3899 et

76 3936 196 3991 Clamat
210 3937 300 3992 homo
316 3941 507 4010 separatione
527 3942 699 3997 divinitatis
718 3943 896 4010 moriturus,
952 3937 1119 3993 secundum
1142 3936 1258 4008 aliquid
1283 3952 1345 3991 nou
1364 3935 1547 4004 deseruisse,
1571 3935 1603 3989 in
1623 3936 1777 4006 quantum

75 4026 106 4079 et
119 4023 179 4078 alia
192 4026 281 4096 quasi
292 4025 439 4097 adipsum
449 4029 641 4099 probandum
655 4029 787 4085 adducta
799 4045 808 4098 3
825 4031 898 4100 quia
952 4025 1065 4081 scilicet
1079 4025 1171 4079 etiarn
1184 4027 1258 4080 tunc
1270 4024 1308 4079 ab
1321 4039 1356 4079 ea
1380 4039 1434 4095 per
1450 4022 1644 4096 praesentiam
1667 4021 1776 4092 majes-

75 4112 189 4169 scilicet
201 4113 283 4170 Deus
299 4115 364 4171 vita
378 4119 434 4184 est,
450 4119 481 4170 et
491 4117 546 4171 ubi
561 4117 626 4171 vita
639 4117 714 4186 fuit,
738 4132 820 4172 mors
833 4133 898 4173 esse
952 4114 1025 4169 tatis
1039 4128 1102 4169 non
1115 4111 1264 4168 recessit?
1276 4112 1448 4184 Dereliquit
1473 4111 1545 4179 illis,
1564 4108 1617 4165 sed
1640 4108 1699 4164 sibi
1715 4124 1777 4163 non

75 4216 136 4257 non
149 4203 259 4275 potuit.
276 4205 320 4260 Ac
332 4208 492 4276 propterea
507 4204 567 4260 nisi
581 4205 646 4261 vita
659 4206 745 4278 prius
758 4206 896 4261 recessis·
951 4201 1123 4273 dereliquit.
1141 4201 1320 4273 Dereliquit,
1342 4201 1417 4272 quia
1435 4200 1585 4256 auxilium
1599 4213 1660 4254 non
1675 4201 1779 4253 contu-

74 4293 130 4356 set‚
146 4306 229 4348 mors
240 4293 344 4349 venire
359 4308 421 4349 non
440 4293 599 4366 potuisset.
615 4293 768 4367 Scriptum
784 4294 898 4366 quippe
909 4315 938 4371 D
951 4290 997 4358 lit,
1011 4290 1063 4346 sed
1077 4305 1137 4345 non
1153 4288 1316 4361 dereliquit
1330 4289 1403 4361 quia
1423 4288 1618 4360 praesentiam
1632 4301 1694 4341 non
1708 4286 1777 4340 abs·

73 4381 120 4434 est
134 4396 140 4434 :
156 4382 230 4452 quia
242 4382 260 4437 J
262 4397 331 4437 esus
343 4380 479 4438 olamans
491 4398 603 4453 magna
616 4397 688 4437 voce
703 4382 798 4437 dixit:
815 4382 898 4437 Deus

73 4481 170 4537 mens,
183 4468 265 4524 Deus
279 4485 376 4538 meus,
397 4469 507 4540 utquid
523 4470 714 4542 dereliquisti
733 4468 806 4526 mei
830 4469 896 4525 Cla·

74 4558 140 4611 mat
154 4555 246 4611 homo
259 4572 291 4611 se
302 4555 480 4612 derelictum
495 4572 589 4613 essee
604 4557 678 4627 Deo,
694 4561 723 4612 et
740 4558 897 4629 conqueri·

74 4645 127 4699 tur
139 4643 238 4700 Deum
254 4659 272 4699 a
286 4660 318 4701 se
338 4646 507 4716 recessisse,
522 4649 553 4702 et
567 4647 656 4718 quasi
678 4646 745 4702 ideo
761 4663 792 4703 se
807 4648 898 4704 mori·

75 4733 179 4787 turum
195 4734 357 4806 essequod
378 4734 461 4790 Deus
483 4735 522 4790 ab
550 4736 618 4808 ipso
646 4736 810 4791 recesserit.
828 4735 900 4792 Ideo

74 4819 163 4890 dixit,
179 4822 253 4893 quia
269 4822 381 4879 clamat
405 4823 496 4881 homo
511 4826 702 4897 separatione
727 4825 900 4881 divinitatis

75 4910 254 4966 moriturus.
271 4912 328 4967 Sed
340 4912 440 4969 videte
454 4914 537 4986 quod
551 4914 673 4971 dicitur.
693 4913 725 4970 Si
738 4915 819 4970 enim
835 4915 898 4985 agi-

76 5001 127 5054 tur
140 4998 177 5054 de
190 4998 244 5054 illa
257 5001 448 5072 separatione
463 5003 646 5072 divinitatis,
655 5018 710 5076 pro
721 5018 782 5076 qua
796 5003 898 5058 Chris-

74 5091 126 5143 tus
139 5087 230 5144 homo
243 5088 276 5144 in
291 5104 378 5146 eruce
389 5090 561 5161 clamabat;
577 5092 631 5147 illa
645 5093 752 5163 utique
763 5094 828 5163 Jam
842 5092 901 5147 iac·

73 5177 105 5231 ta
120 5179 194 5231 erat.
218 5176 288 5234 Non
305 5178 386 5234 enim
400 5178 689 5253 derelinquendum,
705 5179 758 5234 sed
779 5178 899 5234 derelic·

73 5265 139 5320 turn
150 5265 215 5335 jam
230 5281 262 5321 se
275 5268 504 5338 protestabatur
525 5267 647 5322 dicens:
663 5267 747 5322 Deus
761 5283 848 5322 meus
858 5270 902 5322 ut·

77 5352 152 5422 quid
166 5353 356 5426 dereliquisti
371 5370 419 5410 me
429 5353 444 5409 i
453 5355 484 5410 Si
499 5370 570 5424 ergo
585 5355 621 5409 de
642 5353 696 5409 illa
710 5356 902 5426 separatione

83 5439 254 5497 divinitatis
268 5443 379 5513 egitur,
400 5443 466 5514 jam
489 5446 653 5498 recesserat
676 5443 759 5498 Deus
779 5443 902 5514 quando

82 5527 174 5583 homo
188 5529 221 5585 in
235 5545 323 5586 cruce
333 5530 469 5602 pendens
482 5529 658 5586 derelictum
668 5545 704 5591 ¹se
719 5546 737 5583 a
747 5530 810 5585 Deo
822 5531 901 5585 voci·

953 4378 1033 4433 tulit.
1051 4377 1211 4433 Subtraxit
1225 4377 1456 4449 protectionem,
1473 4376 1602 4431 sednon
1624 4374 1779 4446 separavit

951 4467 1106 4522 unionem.
1129 4465 1288 4538 Separavit
1303 4481 1335 4521 so
1359 4465 1434 4521 foris
1448 4470 1484 4521 ut
1508 4465 1547 4520 ad
1569 4463 1778 4519 defensionem

952 4558 1059 4610 contra
1071 4554 1212 4609 inimicos
1227 4569 1290 4610 non
1309 4553 1438 4623 adesset,
1466 4552 1519 4609 sed
1542 4547 1603 4608 ndu
1622 4552 1780 4622 separavit

953 4659 985 4699 11
998 4645 1094 4710 intus,
1108 4646 1143 4698 ut
1157 4642 1202 4698 illi
1217 4642 1256 4699 ad
1270 4643 1415 4698 unionem
1432 4656 1570 4715 personae
1583 4639 1713 4694 deesset.
1729 4638 1780 4694 Sic

953 4746 1023 4802 ergo
1034 4730 1196 4803 dereliquit
1210 4734 1245 4786 ut
1259 4746 1321 4786 non
1336 4730 1505 4802 adjuvaret,
1527 4727 1580 4783 sed
1604 4742 1667 4782 non
1693 4727 1778 4782 dero·

951 4818 1043 4892 liquit
1058 4823 1093 4874 ut
1105 4819 1351 4875 recederetvado
1365 4834 1420 4890 per
1432 4818 1651 4887 uiam‚mecum
1664 4815 1778 4888 pergis,

952 4909 1068 4980 pariter
1080 4907 1284 4963 ambulamus.
1301 4906 1432 4963 Securus
1446 4922 1515 4963 sum
1539 4905 1628 4978 quasi
1643 4904 1779 4959 amicum

953 5013 1073 5053 mecum
1093 4997 1219 5052 hahens.
1250 4995 1341 5051 Venit
1366 4996 1465 5051 hostis
1489 5009 1576 5051 meus
1602 4996 1632 5048 et
1656 4993 1780 5047 irruens

954 5088 1100 5143 inermem
1119 5090 1149 5142 et
1174 5085 1314 5142 resistere
1337 5100 1400 5142 non
1422 5084 1576 5141 valentem
1598 5080 1781 5138 vulneribus

955 5176 1055 5231 afficit.
1072 5175 1120 5231 Tu
1133 5189 1181 5231 me
1196 5172 1316 5246 plagari
1333 5187 1459 5229 cernens
1474 5171 1552 5228 nihil
1566 5170 1709 5238 moveris,
1726 5169 1783 5224 sed

954 5264 1106 5336 patienter
1129 5263 1273 5331 sustines,
1296 5267 1327 5318 et
1348 5266 1412 5318 stas
1433 5261 1524 5334 juxta
1546 5259 1635 5332 quasi
1652 5273 1716 5314 nou
1731 5273 1781 5313 cu·

955 5368 1028 5409 rans
1041 5351 1169 5408 vulnera
1190 5367 1269 5421 mea,
1284 5355 1315 5407 et
1335 5351 1422 5408 dico:
1449 5351 1566 5422 thuid
1588 5348 1783 5420 dereliquisti

956 5439 1028 5496 mei
1042 5440 1141 5496 adhuc
1156 5444 1220 5496 stas
1230 5441 1321 5512 juxta
1332 5456 1390 5510 me,
1404 5443 1434 5495 et
1448 5455 1558 5495 causor
1577 5442 1606 5494 te
1620 5437 1783 5494 recessisse

957 5545 976 5584 a
988 5544 1046 5585 me.
1062 5529 1157 5584 Juxta
1169 5545 1201 5585 es
1212 5529 1289 5598 loco,
1306 5529 1359 5585 sed
1372 5528 1462 5600 longe
1475 5525 1782 5583 auxilioiuxtaiuis·

81 5613 249 5670 terebatur.
263 5618 302 5672 Et
311 5618 418 5691 utique
430 5618 530 5674 adhuc
543 5617 684 5675 Christus
704 5618 840 5675 incarne
863 5619 905 5674 vi·
956 5619 980 5673 ti
996 5618 1118 5690 quando
1132 5622 1162 5673 te
1176 5621 1356 5691 praesentem
1371 5617 1539 5673 exhibuisti
1557 5616 1590 5670 in
1605 5614 1778 5670 dilectione.

25 5728 30 5735 ·
82 5699 185 5772 vebat,
199 5704 323 5774 quando
346 5705 390 5762 sio
411 5706 495 5764 Deus
516 5705 557 5763 ab
578 5721 614 5764 eo
636 5709 809 5765 recesserat.
834 5706 905 5765 Res·
956 5706 1060 5778 Longe
1071 5707 1171 5762 tactus
1192 5721 1225 5761 es
1238 5706 1363 5779 quanda
1381 5706 1416 5762 in
1437 5703 1582 5779 periculis
1599 5703 1781 5774 constituto,
