3742 6082
85 169 133 230 329
595 171 649 228 DE
667 170 953 232 snennimnrm.
974 173 1084 233 LIBRI
1103 175 1117 233 l
1137 176 1238 236 PARS
1256 177 1295 235 ll.
1735 173 1791 235 330

85 294 394 351 subsistentiaeorum
407 298 453 350 est
462 294 537 350 fides
549 310 734 369 eorumque
745 296 948 353 credunturA
963 312 1000 352 ex
1014 301 1101 370 parte
1108 300 1192 357 videt
1206 305 1236 357 et
1251 317 1287 358 11
1298 301 1411 374 quaein
1424 303 1527 358 animo
1538 305 1619 357 sunt.
1629 302 1786 368 Quiavero

83 385 152 457 quia
167 388 252 455 sunt,
262 383 315 439 sed
330 400 392 439 non
400 384 506 456 qualia
514 390 587 441 sunt
597 387 906 458 comprehenduntur.
963 385 1085 443 oculum
1099 390 1365 462 contemplationis
1376 407 1437 447 non
1449 391 1551 460 habet,
1562 390 1661 446 Deum
1673 394 1703 447 et
1717 407 1785 463 quae

81 475 157 545 ltrgo
171 474 254 530 Deus
269 473 350 529 credi
362 477 472 546 potest,
485 475 702 546 comprehendi
713 476 838 531 omnino
847 492 908 531 non
962 474 994 529 in
1010 475 1074 531 Deo
1089 482 1162 533 sunt
1176 480 1278 535 videre
1300 495 1361 536 non
1377 480 1468 536 valet.
1485 479 1575 536 Fides
1602 495 1672 550 ergo
1687 494 1787 535 neces·

80 566 188 637 potest.
202 563 288 618 Dicis
303 563 379 618 mihi
394 579 400 617 2
417 562 496 628 Quid
511 562 633 619 dicam?
647 563 726 629 Quid
741 566 787 618 est
801 563 909 619 Deus?
963 565 1044 619 saria
1059 572 1105 621 111
1115 582 1178 638 qua
1188 568 1351 624 credantur
1362 586 1430 641 quae
1442 585 1503 624 non
1515 568 1669 641 videntur,
1680 573 1710 623 et
1722 567 1791 623 sub·

80 652 157 723 Ergo
180 652 239 707 tibi
253 651 420 723 respondeo
444 652 526 724 quod
547 651 702 708 indicibile
717 653 843 709 omnino
864 657 910 709 est
963 652 1075 709 sistant
1085 656 1117 710 in
1131 656 1790 730 nobisperfidern,quaenondumpraesentia

80 740 150 813 quid
180 743 228 796 est
255 740 348 797 Deus.
374 740 499 810 Saltem,
525 741 640 813 inquis,
665 741 740 813 quid
769 743 908 813 cogitabo
963 741 1051 796 nobis
1067 747 1140 798 sunt
1153 760 1207 816 per
1217 747 1414 816 speeiem.Sic
1424 748 1528 819 itaque
1542 745 1790 802 substantiaillo

80 828 203 901 quando
219 830 352 899 cogitare
361 829 429 885 volo
441 830 515 902 quid
526 834 572 886 111
582 829 681 885 Deus?
690 830 832 903 Amplius
842 831 909 888 dico
963 846 1032 886 rum
1048 837 1093 887 est
1111 833 1197 904 fides,
1214 837 1287 907 quia
1310 853 1364 908 per
1389 836 1484 892 solam
1499 837 1589 892 tidem
1614 836 1789 892 subsistunt

79 919 151 990 quia
165 918 376 989 incogitabilis
392 923 437 974 est
453 919 545 974 Deus.
563 918 719 992 Quidquid
734 919 846 976 dicitur
860 921 909 976 vel
963 921 1092 976 nuncin
1108 923 1196 977 nobis
1211 940 1216 977 :
1232 928 1261 978 et
1276 930 1490 995 argumentum
1505 926 1646 981 similiter
1664 924 1788 980 illorum

79 1008 243 1078 cogitatur,
253 1007 421 1063 secundum
432 1008 549 1081 aliquid
559 1008 671 1065 dicitur
680 1010 728 1065 vel
741 1010 908 1065 secundum
962 1013 1008 1064 est
1022 1010 1190 1082 11111111
1204 1027 1258 1084 per
1269 1012 1364 1068 solam
1375 1014 1463 1069 iidem
1475 1015 1646 1086 probantur
1656 1029 1674 1067 a
1686 1014 1785 1070 nobis.

79 1096 196 1168 aliquid
212 1097 373 1167 cogitatur.
390 1096 476 1162 Quod
497 1098 577 1153 enirn
604 1099 770 1154 secundum
791 1099 909 1172 aliquid
961 1098 1031 1154 Non
1046 1099 1126 1154 enim
1142 1100 1226 1156 aliud
1240 1106 1455 1172 argumentum
1470 1103 1571 1173 majus
1583 1103 1619 1157 de
1631 1102 1786 1157 illisdubi·

78 1185 134 1241 dici
146 1184 199 1241 vel
214 1185 342 1256 cogitari
358 1201 419 1240 non
432 1188 543 1257 potest,
560 1186 619 1241 dici
640 1189 765 1243 omnino
779 1191 809 1243 et
828 1189 907 1258 cogl·
962 1187 1102 1243 lantibus
1113 1190 1232 1260 protere
1245 1207 1420 1262 possumus,
1432 1208 1524 1264 quam
1550 1191 1700 1264 quoditie
1720 1208 1788 1265 quae

77 1275 135 1330 tari
148 1278 333 1347 nonpotest.
350 1275 908 1349 QuidergodicesvelcogitabiS,cum
962 1276 1128 1332 creduntur
1153 1278 1222 1348 fide,
1248 1280 1366 1336 ratione
1391 1296 1453 1336 non
1478 1279 1787 1353 comprehenduntur.

76 1364 106 1420 id
120 1364 207 1437 quod
222 1365 306 1421 Deus
321 1370 366 1421 111
381 1365 479 1421 dicere
494 1365 543 1422 vel
557 1367 689 1437 cogitare
706 1367 839 1423 volueris
856 1384 861 1422 :
876 1368 908 1423 si
962 1364 1049 1429 Quod
1063 1367 1144 1422 enim
1160 1367 1246 1422 aliud
1260 1374 1475 1440 argumentum
1486 1370 1525 1425 ad
1537 1369 1590 1425 illa
1601 1386 1665 1426 esse
1679 1373 1790 1442 potest,

77 1459 190 1510 terram
206 1455 333 1526 cogitas,
349 1456 375 1511 si
401 1455 511 1511 eaelum
530 1456 657 1526 cogitas,
673 1457 699 1512 si
721 1457 822 1513 omnia
839 1473 908 1529 quae
962 1454 1076 1524 quibus
1092 1455 1191 1512 simile
1213 1461 1242 1512 11
1257 1459 1462 1531 comparabile
1483 1458 1560 1514 nihil
1587 1474 1652 1514 esse
1666 1456 1791 1530 potest?

76 1544 107 1599 in
122 1543 202 1600 coelo
216 1548 290 1600 sunt
313 1549 343 1601 11
357 1547 483 1602 interra
506 1547 633 1617 cogitas,
649 1547 726 1602 nihil
741 1548 850 1615 horum
863 1551 908 1603 est
962 1540 1039 1597 Cum
1055 1545 1162 1616 utique
1177 1552 1393 1617 argumentum
1407 1547 1583 1604 nullatenus
1598 1563 1662 1603 esse
1676 1551 1789 1619 posset,

76 1631 169 1689 Deus.
186 1633 329 1706 Denique
345 1634 369 1689 si
385 1635 528 1706 spiritum
543 1636 670 1706 cogitas,
681 1636 706 1691 si
719 1636 854 1692 animam
865 1651 909 1692 co·
922 1647 948 1702 Β
962 1631 1022 1686 nisi
1036 1631 1170 1704 aliquam
1186 1650 1255 1690 cum
1266 1635 1319 1692 illo
1334 1637 1373 1692 ad
1387 1638 1470 1709 quod
1480 1641 1695 1708 argumentum
1711 1640 1791 1692 esset

77 1723 177 1792 gitas:
196 1738 259 1778 non
274 1727 320 1779 est
335 1724 391 1780 hoc
416 1724 508 1780 Deus.
525 1725 604 1793 Soio,
618 1726 733 1797 inquis,
750 1725 831 1798 quod
851 1726 909 1780 hoc
963 1720 1195 1778 similitudinem
1212 1725 1304 1780 etiam
1319 1727 1454 1782 haberet.
1470 1727 1544 1793 Quae
1558 1726 1654 1797 igitur
1668 1740 1790 1780 omnem

78 1825 137 1866 nou
152 1814 201 1867 est
216 1811 312 1882 Deus,
329 1816 431 1868 tamen
449 1813 506 1869 hoc
522 1813 620 1869 simile
635 1813 698 1869 Deo
712 1819 768 1883 111,
785 1819 814 1869 11
829 1814 909 1869 simi·
963 1809 1196 1868 similitudinem
1223 1818 1252 1869 et
1274 1815 1533 1886 comparationem
1557 1814 1788 1884 transcendunt,

77 1898 208 1954 litudine
224 1916 281 1955 sua
295 1901 378 1956 Deus
395 1902 600 1958 demonstrari
614 1905 723 1974 potest.
733 1901 807 1957 Vide
818 1903 908 1975 quale
962 1915 1024 1970 qua
1046 1901 1246 1957 similitudine
1271 1906 1358 1974 argui
1379 1908 1409 1959 et
1430 1905 1621 1976 comprobari
1639 1901 1789 1976 possunt?

79 1988 177 2044 simile
199 1989 225 2044 si
247 1990 390 2060 spiritum
405 1991 615 2048 demonstrare
636 1991 729 2047 velles
754 1995 783 2047 et
797 2008 908 2065 corpus
962 1989 1022 2043 nisi
1038 1990 1111 2060 quia
1126 2006 1163 2045 ex
1176 1992 1235 2047 fide
1251 1997 1280 2047 11
1295 1993 1455 2049 devotione
1469 1994 1705 2065 praecedentium
1722 2008 1789 2047 san-

79 2078 264 2147 ostenderes,
276 2079 376 2151 qualis
392 2081 561 2137 similitudo
577 2082 642 2137 haec
656 2084 744 2150 esset,
761 2084 908 2137 ettamen
962 2080 1079 2132 ciorum
1093 2078 1276 2150 colligimus,
1292 2083 1438 2153 quoniam
1460 2082 1499 2136 ad
1513 2082 1566 2136 illa
1586 2098 1655 2153 quae
1681 2081 1788 2135 lutura

79 2165 145 2237 plus
160 2166 253 2238 longe
267 2171 313 2223 est
327 2168 410 2224 Deus
423 2173 452 2225 11
476 2172 604 2243 spiritus
628 2187 721 2242 quam
736 2171 863 2242 spiritus
879 2175 908 2227 et
961 2165 1167 2238 praedicantur
1192 2169 1273 2224 bona
1296 2171 1445 2226 increduli
1466 2186 1530 2226 esse
1552 2186 1612 2226 non
1630 2170 1785 2226 debemus.

79 2271 199 2333 corpus,
216 2256 313 2312 Omne
329 2258 410 2312 enim
426 2259 508 2330 quod
531 2264 667 2315 creatum
690 2246 737 2314 111
749 2261 853 2316 minus
868 2261 907 2315 ab
961 2254 1074 2326 Magna
1093 2257 1174 2311 enim
1188 2261 1233 2313 est
1248 2259 1326 2314 ratio
1342 2260 1406 2316 haec
1420 2263 1450 2315 et
1465 2260 1590 2315 omnino
1605 2259 1664 2314 fide
1675 2258 1769 2329 digna
1777 2274 1786 2328 ;

78 2344 209 2400 invicem
223 2345 329 2416 distat,
343 2361 437 2420 quam
452 2347 503 2403 ille
518 2350 571 2421 qui
586 2349 659 2404 lecit
673 2348 712 2402 ab
723 2364 757 2403 eo
768 2349 850 2421 quod
864 2350 906 2405 le·
961 2344 1035 2415 quia
1048 2360 1242 2418 nequaquam
1254 2349 1352 2404 sancti
1363 2353 1392 2404 et
1399 2350 1476 2421 justi
1486 2364 1592 2404 omnes
1601 2364 1657 2421 pro
1667 2352 1789 2404 aeternae

78 2433 125 2488 cit.
146 2433 218 2491 Non
238 2438 339 2507 potest
363 2437 490 2508 eogitari
509 2436 592 2492 Deus
611 2436 757 2509 quidest,
773 2437 865 2492 etiam
881 2436 908 2493 si
960 2432 1676 2510 1111(111111111111111111111111111111111111
1691 2436 1788 2492 vitam

78 2522 156 2578 credi
173 2527 276 2595 potest
287 2525 360 2596 quia
370 2530 426 2595 est,
439 2541 500 2581 non
512 2525 613 2598 qualis
626 2528 673 2581 111
682 2525 906 2597 comprehendi.
961 2520 1159 2594 despicerent,
1175 2525 1200 2579 si
1216 2541 1278 2581 non
1291 2527 1423 2599 amplius
1438 2526 1555 2599 aliquid
1576 2528 1605 2583 et
1623 2525 1706 2582 ultra
1718 2540 1787 2581 nos·

79 2614 177 2682 Quod,
204 2612 308 2686 inquit
325 2614 501 2687 Apostolus,
518 2630 577 2670 111
601 2617 714 2670 ocutus
737 2616 833 2683 vidit,
850 2628 907 2671 111
961 2612 1042 2665 tram
1057 2611 1292 2683 intelligentiam
1307 2615 1343 2671 de
1366 2615 1451 2672 illius
1469 2616 1598 2671 veritate
1611 2614 1787 2687 1111111111-
1852 2640 1856 2649 ·

79 2703 173 2755 auris
186 2703 331 2772 audiuit,
347 2717 405 2757 111
425 2705 461 2758 in
482 2718 536 2758 cor
551 2704 695 2758 hominis
715 2703 911 2774 cicendili!
962 2704 1039 2755 sent.
1054 2699 1103 2756 Sic
1117 2701 1222 2774 itaque
1240 2703 1315 2759 tides
1338 2709 1384 2759 est
1409 2705 1584 2760 substantia
1596 2719 1699 2758 rerum
1720 2718 1786 2776 spe·

79 2789 143 2845 Cor.
160 2792 210 2861 11);
223 2789 282 2846 hoc
296 2794 342 2846 est
356 2790 433 2847 illud
444 2791 528 2864 quod
538 2791 636 2848 dicere
648 2789 804 2862 volumus,
821 2791 847 2847 11
862 2794 906 2846 11-
962 2788 1127 2846 randarum
1135 2806 1144 2860 ς
1160 2791 1234 2862 quia
1247 2807 1302 2864 per
1317 2807 1384 2847 eam
1400 2793 1464 2865 jam
1480 2791 1706 2864 quodammodo
1719 2807 1788 2863 qua>

79 2877 423 2952 mendioerepossumus
432 2881 514 2953 quod
522 2882 655 2953 cogitare
663 2897 724 2937 non
730 2897 904 2953 possumus.
961 2877 1067 2933 futura
1082 2883 1155 2935 sunt
1168 2869 1342 2937 subsistunt
1356 2882 1389 2937 in
1411 2881 1510 2951 nobie,
1524 2886 1553 2936 et
1572 2885 1787 2952 argumentum

80 2967 167 3035 Quod
184 2983 244 3024 nec
257 2972 371 3025 ocutus
386 2973 481 3039 vidit,
500 2973 665 3026 11111νὶ1
678 2973 821 3041 audivit,
833 2972 944 3060 quiec
962 2981 1024 3022 non
1046 2970 1260 3040 apparentium
1267 2988 1275 3040 ;
1299 2970 1445 3043 quoniam
1467 2986 1521 3042 per
1538 2985 1574 3024 ea
1592 2986 1661 3042 quae
1687 2969 1789 3026 oculta

80 3073 171 3114 sensu
188 3073 252 3114 non
265 3060 440 3132 percipitur.
453 3062 518 3116 Nec
529 3062 565 3115 in
576 3075 630 3116 cor
641 3062 783 3116 hercinia
796 3075 906 3118 aecen-
965 3060 1038 3111 sunt
1049 3059 1286 3131 approbantura
1298 3059 1397 3116 nobis.
1406 3059 1465 3115 Sed
1478 3059 1553 3132 quia
1564 3060 1598 3115 in
1608 3059 1666 3115 hac
1678 3059 1788 3116 descri-

79 3149 129 3203 dit
138 3165 152 3215 ,·
165 3147 242 3219 quia
257 3149 464 3219 congitatione
484 3164 545 3204 non
561 3149 836 3222 comprehenditur.
964 3146 1068 3218 ptione
1083 3162 1144 3203 non
1159 3150 1234 3220 quid
1249 3150 1290 3205 eit
1304 3149 1389 3220 tides,
1405 3150 1458 3205 sed
1470 3150 1543 3221 quid
1556 3150 1649 3206 faciat
1658 3148 1733 3205 tides
1745 3166 1789 3206 os·

112 3235 212 3292 Erant
225 3237 308 3292 enim
324 3237 383 3293 tria
395 3237 536 3310 quaedam
549 3255 555 3293 :
569 3254 679 3311 corpus
694 3244 724 3294 et
739 3239 866 3311 spiritua
880 3242 911 3295 et
964 3235 1110 3306 tenditur,
1126 3253 1181 3295 nec
1196 3254 1312 3311 eaquae
1326 3239 1362 3295 de
1376 3239 1540 3313 praeteritis
1551 3238 1599 3296 vel
1613 3239 1650 3294 de
1661 3254 1789 3311 praesen·

78 3324 161 3382 Deus
178 3341 185 3380 :
202 3341 314 3398 corpus
327 3326 451 3399 quidem
466 3327 602 3383 mundus
617 3331 692 3397 erat,
703 3329 808 3384 anima
822 3328 909 3401 spiri·
964 3324 1048 3380 tibus
1060 3325 1191 3383 habetur
1204 3328 1279 3383 tides
1294 3328 1453 3400 diffinitur,
1469 3330 1495 3385 si
1516 3330 1587 3402 quis
1609 3328 1731 3402 plenam
1753 3344 1788 3386 ac

77 3417 137 3470 tus.
154 3414 196 3470 nt
207 3415 277 3487 ipsa
291 3416 404 3486 anima,
421 3417 510 3488 quasi
527 3417 560 3472 in
582 3417 682 3473 medio
698 3418 831 3490 quodam
845 3421 909 3474 erat
963 3414 1135 3485 generalem
1150 3416 1362 3473 diffinitionem
1376 3418 1446 3473 fidei
1461 3418 1583 3490 signare
1597 3418 1729 3474 voluerit
1742 3418 1786 3476 di·

77 3502 197 3559 habens
213 3507 299 3560 extra
315 3521 347 3560 se
361 3506 612 3575 mundum,intra
625 3522 656 3561 se
670 3506 779 3576 Deum,
790 3511 820 3562 et
832 3523 911 3563 acce·
963 3519 1028 3558 ecre
1038 3507 1155 3576 potest:
1179 3527 1190 3555 ι
1212 3506 1317 3561 Fidem
1326 3522 1391 3562 esse
1399 3507 1611 3563 certitudinem
1622 3508 1787 3579 quamdam

76 3597 164 3665 perat
179 3592 376 3666 oculumque
391 3599 479 3651 entra
493 3611 524 3651 se
540 3596 689 3651 mundum
701 3596 818 3652 videret
830 3601 860 3653 et
874 3613 910 3652 ea
963 3593 1059 3647 animi
1071 3593 1108 3649 de
1122 3594 1213 3649 rebus
1237 3595 1428 3664 absentibus,
1444 3611 1537 3667 supra
1558 3596 1734 3668 opinionem
1758 3601 1788 3653 et

78 3697 146 3753 quae
158 3682 193 3738 in
208 3684 326 3739 mundo
342 3688 430 3740 erant
447 3702 452 3739 :
467 3689 497 3741 et
518 3685 567 3740 hie
587 3689 651 3741 erat
675 3684 782 3741 oculus
796 3687 906 3742 carnis.
962 3681 1045 3736 inira
1056 3682 1215 3738 scientiam
1225 3684 1435 3738 constitutam.
1455 3683 1559 3738 »Sunt
1569 3685 1651 3738 enirn
1661 3683 1787 3755 quidam

76 3769 180 3828 Alium
206 3771 329 3828 oculum
344 3777 500 3846 acceperat
514 3790 575 3845 quo
591 3775 723 3846 seipsam
748 3774 864 3830 videret
879 3779 909 3832 11
962 3771 1016 3842 qui
1031 3770 1252 3827 auditastatim
1262 3772 1366 3827 animo
1376 3771 1526 3843 repellunt
1536 3776 1566 3828 et
1573 3773 1788 3830 contradicunt

77 3875 195 3933 eaquae
209 3862 243 3916 in
256 3862 326 3933 ipsa
344 3867 441 3932 erant,
457 3863 507 3918 hic
533 3867 579 3919 est
604 3864 711 3920 oculus
735 3864 905 3922 rationalis.
962 3859 1011 3914 his
1021 3875 1090 3931 quae
1105 3860 1268 3916 dicuntur:
1282 3861 1358 3916 ethi
1372 3864 1444 3916 sunt
1458 3861 1733 3932 negantes.Aliiin
1747 3863 1786 3919 iis

78 3949 181 4007 Alium
206 3966 330 4006 rursum
355 3951 478 4007 oculum
503 3957 659 4026 acceperat
680 3970 742 4027 quo
765 3955 849 4009 intra
877 3970 908 4010 se
963 3966 1030 4022 quae
1039 3949 1172 4006 audiunt
1182 3950 1309 4006 alteram
1320 3966 1536 4023 quamcunque
1543 3954 1661 4024 partem
1670 3951 1789 4023 eligunt

78 4039 174 4096 Deum
189 4039 309 4095 videret
323 4044 352 4097 et
364 4057 398 4096 ea
414 4042 528 4114 quaein
542 4043 606 4098 Deo
622 4047 720 4113 erant,
739 4046 769 4099 et
793 4044 844 4100 hie
863 4047 909 4101 est
962 4039 1001 4094 ad
1016 4039 1286 4110 existimationem,
1298 4039 1350 4095 sed
1360 4054 1422 4095 non
1432 4040 1604 4112 approbant
1612 4040 1651 4095 ad
1664 4041 1790 4097 affirma·

78 4127 182 4184 oculus
198 4130 486 4202 comtemplationis.
501 4131 567 4187 Hos
581 4133 676 4202 igitur
691 4132 794 4188 oculos
811 4149 907 4204 quan·
962 4127 1087 4183 ii0nem·
1105 4127 1252 4193 Quamvis
1268 4129 1349 4185 enim
1373 4145 1469 4185 unum
1495 4146 1533 4185 ex
1555 4130 1676 4186 duobus
1690 4131 1789 4201 magis

78 4217 127 4274 diu
142 4219 252 4275 anima
268 4224 389 4292 apertos
404 4224 434 4276 et
448 4221 597 4277 revelatos
612 4223 757 4293 habebat,
769 4223 848 4279 clare
862 4224 906 4279 vi·
961 4217 1119 4289 probabile
1129 4217 1316 4288 intelligunt,
1324 4221 1429 4274 uirum
1439 4222 1539 4274 tamen
1546 4218 1646 4274 adhuc
1652 4219 1789 4292 idipsum

77 4307 166 4364 debat
197 4312 228 4364 et
256 4313 334 4364 11111
365 4309 576 4379 discernebat,
605 4315 770 4384 postquam
805 4317 907 4369 autem
962 4322 1069 4362 verum
1085 4307 1125 4362 111
1140 4322 1275 4362 asserere
1290 4323 1352 4363 non
1365 4311 1558 4379 praesumunt
1574 4324 1580 4362 :
1598 4307 1714 4363 hisunt
1724 4310 1788 4381 opi·

78 4398 208 4453 tenehrae
235 4398 352 4469 peccati
379 4399 412 4453 in
440 4399 525 4454 illam
557 4401 773 4471 intraverunt,
801 4402 907 4458 oculus
963 4395 1152 4451 nantes.Alii
1163 4396 1206 4451 sic
1217 4395 1344 4451 alteram
1357 4400 1475 4467 partem
1488 4396 1712 4469 approbant,ut
1722 4397 1789 4469 ejus

80 4485 202 4555 quidem
225 4486 493 4559 contemplationis
513 4489 684 4544 exstinctus
707 4495 763 4560 est,
778 4493 813 4546 ut
829 4490 908 4546 nihil
962 4486 1215 4558 approbationem
1229 4487 1321 4541 etiam
1336 4486 1370 4540 in
1389 4487 1589 4542 assertionem
1604 4490 1765 4543 assumant
1781 4504 1787 4542 :

79 4574 206 4639 rideret;
223 4575 331 4630 oculus
344 4582 447 4632 autem
461 4578 590 4633 rationis
607 4578 710 4651 lippus
733 4581 857 4637 11111111
874 4584 907 4637 ut
961 4564 1073 4630 bisunt
1084 4575 1250 4632 credentes.
1259 4576 1332 4630 Post
1340 4576 1516 4646 istagenera
1524 4576 1791 4646 cognitionisillud

78 4661 167 4719 dubie
181 4662 311 4719 videret.
329 4664 906 4741 11111111111111111111111111111
961 4664 1125 4736 parmenus
1141 4666 1280 4737 sequitur
1295 4681 1365 4720 eum
1386 4680 1434 4721 res
1458 4680 1519 4720 non
1535 4680 1571 4720 ex
1591 4666 1699 4721 auditu
1714 4666 1789 4738 solo,

78 4751 134 4807 tuit
145 4752 180 4808 in
196 4767 255 4808 sua
263 4751 400 4809 claritate
406 4758 585 4828 permansit,
593 4758 646 4829 qui
655 4758 793 4830 quandiu
802 4759 906 4815 lumen
961 4752 1014 4808 sed
1028 4769 1082 4825 per
1096 4768 1184 4808 suam
1208 4754 1404 4825 praesentiam
1419 4754 1604 4809 notificatur.
1622 4755 1791 4812 Perfectius

78 4838 304 4911 hebetatarum,
311 4843 461 4914 judicium
472 4845 601 4901 dubium
611 4847 782 4903 nonhabet.
792 4848 906 4904 Oculus
961 4842 1042 4896 enim
1058 4844 1228 4912 agnoscunt
1242 4841 1297 4913 qui
1311 4842 1411 4913 ipsam
1427 4857 1490 4916 ,rem
1506 4846 1540 4898 ut
1550 4846 1596 4898 est
1608 4844 1640 4899 in
1654 4860 1792 4917 suaprae

79 4930 905 5008 11111111ο1111111111111111111111111111111,
961 4930 1061 4984 sentia
1083 4929 1357 5001 comprehendunt,
1379 4931 1412 4986 hi
1438 4935 1510 4987 sunt
1529 4932 1669 4988 scientes.
1693 4934 1789 4989 Primi

77 5018 227 5090 iudicium
251 5023 369 5076 certum
394 5021 507 5079 hahere
522 5040 584 5079 non
598 5028 717 5096 potest3
736 5026 809 5097 quia
824 5027 906 5098 quod
960 5034 1030 5090 ergo
1043 5021 1116 5074 sunt
1129 5022 1287 5089 negantes,
1296 5020 1422 5076 secundi
1432 5021 1620 5091 dubitantes,
1630 5023 1712 5078 tertii
1723 5024 1786 5097 opi·

79 5108 156 5165 clare
171 5124 236 5165 non
252 5109 337 5165 videt
350 5110 496 5167 discernit
510 5113 662 5184 ambigue.
673 5114 755 5170 Η111
768 5116 906 5188 estquod
960 5110 1081 5176 ssantes>
1096 5108 1200 5179 quarti
1214 5109 1381 5180 credentes,
1396 5111 1498 5184 quinti
1511 5111 1651 5168 scientes·

77 5198 165 5254 eorda
187 5198 352 5255 hominum
377 5200 498 5256 facilius
519 5202 578 5257 sibi
600 5203 795 5259 consentiunt
809 5204 842 5259 in
856 5205 906 5262 his
996 5195 1043 5250 EX
1057 5196 1790 5273 hi⁸01800011jl⁰lp010⁸itiuarefidtmctfiiiudl·

76 5302 142 5359 quae
153 5287 245 5344 oculo
255 5289 357 5345 earnis
368 5291 550 5363 percipiunt,
559 5307 651 5363 quam
661 5292 694 5347 in
704 5293 753 5347 his
763 5309 832 5364 quae
843 5295 905 5349 acie
959 5301 1029 5340 nem
1052 5286 1254 5360 appellamus,
1270 5291 1417 5362 quoniam
1439 5291 1492 5348 ubi
1517 5291 1617 5347 adhuc
1638 5289 1790 5345 dubitatio

75 5379 186 5434 mentis
203 5382 233 5433 et
255 5393 349 5434 sensu
373 5380 503 5435 rationis
528 5381 695 5452 attingunt,
712 5382 785 5453 quia
804 5383 858 5437 uhi
872 5384 905 5438 in
960 5380 1006 5432 est
1020 5377 1095 5433 fides
1110 5394 1171 5434 non
1181 5382 1237 5435 est.
1249 5380 1337 5436 Patet
1349 5382 1441 5436 etiam
1453 5396 1547 5454 quare
1556 5383 1656 5453 ipsam
1668 5378 1789 5434 certitu·

75 5466 207 5523 videndo
218 5467 904 5544 noncaligant,injudicandonondiscrepant.
959 5466 1062 5522 dinem
1077 5483 1171 5540 quam
1185 5468 1276 5524 tidem
1296 5470 1485 5543 appellamus
1498 5486 1590 5541 supra
1610 5468 1786 5540 opinionem

74 5553 173 5613 Homo
185 5572 259 5628 ergo
273 5558 349 5630 quia
369 5559 491 5614 oculum
515 5559 616 5614 carnis
638 5558 731 5614 habet
754 5562 904 5617 mundum
959 5556 1007 5611 vel
1022 5557 1266 5628 aestimationem,
1276 5563 1306 5615 et
1316 5561 1398 5615 inira
1408 5561 1565 5616 scientiam
1578 5557 1710 5614 dicimus
1720 5575 1787 5617 esse

74 5645 176 5702 ridere
189 5650 392 5719 potestates
403 5649 513 5720 quaein
525 5647 640 5703 mundo
649 5652 732 5704 sunt.
745 5648 822 5705 Item
831 5652 906 5723 quia
960 5645 1168 5702 constitutam.
1185 5647 1264 5711 Quia
1278 5650 1424 5705 nimirum
1439 5648 1555 5720 aliquid
1571 5647 1690 5705 credere
1706 5650 1786 5706 sicut

73 5734 198 5794 oculum
213 5737 343 5794 rationis
355 5752 393 5794 ex
405 5742 493 5811 parte
503 5738 606 5809 habet,
614 5738 752 5796 animum
763 5739 903 5798 similiter
958 5735 1062 5791 minus
1077 5739 1123 5792 est
1135 5751 1230 5808 quam
1244 5737 1336 5809 scire,
1349 5737 1393 5794 sic
1405 5735 1475 5811 plus
1498 5739 1664 5808 astquam
1672 5739 1805 5808 odmari
