3742 6082
121 176 173 236 943
503 169 657 229 HUGONIS
675 169 721 226 nl:
741 167 771 228 S.
792 165 942 224 VICTORE
960 163 1039 225 ΟΡΡ.
1057 164 1147 224 PARS
1165 168 1213 225 lll.
1233 195 1268 207 -
1289 164 1450 224 alsuca.
1787 160 1831 218 tlt

123 296 286 372 gnoscitur‚
303 311 358 353 suo
372 299 457 353 metu
469 295 508 351 ad
519 293 745 368 cooperandum
760 292 801 349 illi
815 292 992 348 decantari
1010 291 1068 349 hoc
1082 291 1213 366 primum
1239 288 1369 362 generali
1391 285 1578 345 distinctione
1593 283 1786 354 discernitur,
1807 289 1836 343 ut

123 388 301 448 etordinate
325 392 491 443 moveatur.
515 389 557 440 lta
574 388 606 440 ut
629 383 704 439 nihil
734 381 868 452 contuse,
882 379 955 437 nihil
1009 381 1146 438 videlicet
1175 396 1334 454 nunquam
1358 378 1388 434 in
1417 376 1607 434 sermonibus
1641 372 1835 448 discipiluatia

123 482 341 552 praeposterum
358 476 397 532 ‘in
412 473 556 530 memhris
577 472 710 546 corporis
721 477 838 544 agatur,
855 470 908 527 sed
925 474 957 527 ut
1010 472 1104 527 otiosa
1116 469 1326 527 adhibeantur.
1343 466 1442 526 Otiosa
1456 472 1556 524 autem
1572 470 1643 521 suut
1656 464 1838 538 omniaque

125 553 201 625 sciat
214 565 460 640 utrumquodque
474 565 503 620 in
518 580 580 637 quo
610 563 693 619 alteri
706 563 816 620 debeat
834 577 956 618 succur·
1009 564 1079 617 sunt
1088 564 1141 617 aut
1152 559 1270 627 nociva,
1282 557 1509 627 autinhonesta,
1521 559 1573 613 aut
1584 553 1710 611 inutilia.
1726 553 1839 612 {nutui

123 672 198 725 rere,
208 662 237 713 et
249 656 279 711 in
294 672 355 728 quo
366 654 440 710 dum
456 653 537 710 aliud
552 657 700 724 movetur,
717 669 749 708 se
761 650 958 725 debeatquie·
1009 653 1110 706 autem
1125 654 1205 715 sunt,
1217 664 1286 722 quoe
1311 644 1592 719 nec.loquentibus,
1616 659 1672 700 nec
1698 642 1841 700 audienti

124 751 188 804 tum
203 744 361 802 custodire.
378 747 427 799 Est
440 743 521 800 enim
531 742 618 815 quasi
633 743 775 816 quiedam
787 740 957 814 respublica
1008 739 1212 812 husprosunt.
1230 737 1390 794 Inhonesta
1401 739 1481 804 sunt,
1492 751 1560 809 quae
1576 733 1625 791 vel
1639 732 1719 790 illins
1735 733 1789 806 qui
1801 731 1840 789 lo·

124 849 234 907 corpus
248 834 428 900 humanum,
445 832 476 888 in
497 848 559 904 quo
588 831 713 900 singulis
736 830 880 887 membris
903 845 958 886 sua
1010 828 1119 903 quitur,
1135 827 1182 884 vel
1196 826 1273 884 illius
1288 826 1336 883 cui
1359 825 1500 899 loquitur,
1515 823 1560 880 vel
1580 822 1659 880 illius
1675 821 1713 880 de
1729 821 1841 896 quoio·

123 922 222 980 cilicia
236 920 397 979 distributa
409 927 488 978 sunt.
501 923 578 977 Dum
593 937 664 992 ergo
676 937 771 977 unum
785 919 957 976 membrum
1009 916 1111 991 quitur
1125 916 1263 987 dignitati
1274 932 1338 972 non
1348 913 1541 972 conveniunt.
1558 912 1668 970 Nociva
1682 915 1756 969 sunt
1772 927 1838 986 qua

124 1010 246 1069 ulterius
259 1010 387 1068 membri
404 1009 537 1066 osticium
560 1009 729 1067 inordinato
743 1009 799 1065 sibi
814 1008 956 1075 vindicat,
1010 1007 1073 1062 suis
1088 1004 1279 1063 suasionibus
1294 1005 1412 1062 animos
1436 1003 1608 1061 auditorum
1633 1001 1696 1059 sive
1712 1000 1753 1058 ad
1764 1017 1839 1059 erro

124 1098 199 1172 quid
213 1097 296 1155 aliud
306 1114 399 1171 quam
415 1097 608 1154 concordiam
632 1096 831 1154 universitatis
844 1102 959 1171 pertur-
1009 1110 1074 1150 rem
1086 1094 1145 1151 sive
1158 1095 1198 1150 ad
1212 1093 1389 1168 pravitatem
1406 1092 1563 1150 inducunt.
1576 1094 1644 1148 lloec
1657 1095 1760 1148 autem
1775 1089 1836 1159 tria,

123 1187 352 1260 balteumque
367 1186 449 1243 aliud
466 1202 521 1242 suo
535 1192 620 1242 motu
632 1186 753 1243 alterius
771 1190 888 1242 motum
900 1184 957 1240 im-
1009 1183 1097 1240 idest
1117 1183 1236 1252 nociva,
1264 1183 1432 1253 inhonesta,
1456 1180 1581 1250 inutilia,
1608 1179 1731 1237 duobus
1744 1179 1836 1236 modis

124 1276 217 1351 pedit,
233 1281 311 1333 certe
325 1276 366 1332 illi
387 1292 480 1349 quam
496 1282 605 1332 natura
633 1276 815 1343 moderatur,
831 1272 957 1348 disposi-
1010 1261 1138 1329 discerni
1150 1277 1289 1346 possunt,
1310 1271 1341 1328 id
1355 1275 1401 1328 est
1421 1270 1588 1328 secundum
1611 1268 1786 1344 qualitatem
1799 1285 1837 1325 re·

125 1366 198 1423 tioni
212 1365 397 1422 contradicit.
410 1367 506 1422 Prima
519 1365 608 1436 igitur
623 1370 668 1421 est
678 1364 813 1421 custodia
826 1362 958 1436 discipli·
1010 1378 1079 1419 rum
1094 1361 1132 1418 de
1147 1362 1258 1436 quibus
1281 1360 1391 1418 locutio
1407 1361 1455 1429 sit,
1483 1364 1512 1417 et
1524 1358 1692 1417 secundum
1715 1358 1836 1434 qualita-

124 1471 171 1511 nae
186 1454 216 1511 in
230 1459 325 1526 gestu,
340 1459 371 1510 ut
384 1454 624 1528 unumquodque
632 1453 804 1510 membrum
818 1453 849 1508 in
868 1468 904 1509 eo
919 1451 958 1508 ad
1012 1452 1069 1507 mm
1083 1466 1282 1524 personarum
1293 1465 1347 1523 per
1355 1464 1442 1522 quas,
1457 1447 1504 1505 vel
1519 1448 1558 1504 ad
1568 1463 1656 1522 quas,
1671 1447 1721 1504 vel
1733 1447 1835 1522 dequi-

124 1543 209 1618 quod
224 1544 525 1600 creatumestolticia
554 1543 757 1609 secontineat,
775 1559 873 1616 neque
889 1542 960 1598 alte·
1011 1539 1068 1595 bus
1083 1539 1194 1596 locutio
1208 1539 1251 1595 fit.
1267 1538 1397 1606 Qualitas
1410 1553 1610 1611 personarum
1636 1541 1769 1611 quatuor
1781 1553 1835 1593 mo

124 1634 187 1691 rius
200 1632 328 1690 membri
349 1632 545 1689 ministerium
561 1633 606 1688 sui
632 1631 811 1689 admistione
835 1631 959 1687 coulun·
977 1655 997 1708 B
1012 1628 1058 1685 dis
1073 1629 1288 1697 consideratur,
1300 1628 1331 1685 id
1344 1632 1388 1685 est
1410 1627 1579 1685 secundum
1593 1631 1725 1696 atatem,
1741 1642 1834 1683 secun

125 1722 188 1779 dat.
214 1722 246 1779 ld
259 1726 314 1788 est,
338 1726 369 1777 ut
382 1721 460 1778 oculi
471 1721 602 1788 videant,
617 1737 705 1777 aures
721 1719 855 1788 audiant,
869 1735 958 1776 nares
1012 1718 1086 1775 dum
1100 1716 1761 1788 scientiam,secundumosticium,secundum
1770 1731 1833 1773 con·

126 1810 278 1879 olfaciant,
306 1827 340 1893 os
365 1809 516 1884 loquatur,
543 1827 654 1866 manus
679 1814 850 1882 operentur,
866 1809 958 1882 pedes
1012 1808 1342 1867 ditionem.Seeundum
1368 1812 1496 1876 estatem,
1523 1806 1595 1881 qnia
1609 1805 1693 1863 uliud
1706 1804 1833 1864 convenil

126 1900 292 1973 ambulent,
308 1905 457 1974 quatenus
485 1916 584 1973 neque
610 1903 845 1956 transmutentur
859 1897 959 1957 ollicia
1010 1897 1212 1956 locutionibus
1226 1914 1343 1964 senum,
1360 1896 1443 1954 aliud
1464 1896 1666 1954 locutionibus
1682 1896 1832 1969 juvenum.

125 1990 333 2047 membrorum
348 2006 445 2063 neque
460 1988 627 2045 inordinate
639 1987 885 2061 permisceantur.
1012 1987 1184 2044 Secundum
1198 1986 1438 2059 scientiam,quia
1449 1985 1530 2042 aliud
1539 1984 1679 2042 convenit
1690 1983 1835 2042 locutioni·

163 2079 300 2137 Secunda
324 2085 369 2136 est
393 2079 529 2135 custodia
553 2077 718 2151 disciplinae
744 2077 775 2132 in
807 2080 902 2148 gestu,
927 2078 960 2131 ut
1010 2076 1069 2133 bus
1083 2076 1272 2151 sapientium,
1287 2074 1836 2148 aliudlocutionibussimplicium.Se·

125 2169 367 2242 unumquodque
383 2169 553 2224 membrum
568 2167 597 2222 id
622 2167 705 2238 quod
720 2165 799 2238 lacit,
815 2181 851 2223 eo
865 2165 958 2222 mode
1011 2167 1146 2224 cundum
1157 2164 1300 2233 officium,
1311 2163 1476 2239 quinaliud
1490 2164 1629 2222 convenit
1642 2163 1835 2221 locutionibus

126 2262 215 2329 atque
229 2273 372 2312 mensura
398 2256 487 2312 lactat
514 2272 575 2328 quo
601 2254 773 2311 laciendum
804 2259 857 2326 est,
872 2254 900 2309 id
915 2258 959 2309 est
1011 2273 1117 2314 eorum
1127 2256 1180 2330 qui
1193 2255 1313 2327 negotia
1325 2254 1471 2311 exteriora
1484 2254 1707 2321 tractant,aliud
1721 2253 1836 2311 locutio

126 2361 181 2400 nec
196 2344 264 2416 plus
278 2359 332 2398 nee
348 2343 460 2409 minus,
474 2359 529 2398 nec
545 2342 629 2398 aliter
654 2359 747 2415 quam
764 2346 890 2414 oportet,
916 2341 958 2397 la·
1010 2344 1219 2402 nibuseorum
1233 2343 1284 2417 qui
1305 2342 1469 2400 secretioris
1489 2342 1554 2398 vitae
1578 2342 1672 2415 quieti
1701 2347 1731 2399 et
1746 2340 1835 2398 studio

127 2431 193 2487 ciat.
212 2433 366 2496 Quatenus
378 2431 409 2485 in
428 2435 496 2485 actu
523 2445 578 2485 suo
593 2429 633 2485 sic
649 2433 677 2484 et
695 2428 840 2500 dirigatur
855 2432 883 2484 et
895 2445 958 2484 mo-
1011 2431 1273 2505 contemplationis
1285 2431 1626 2501 invigilantsecundum
1641 2429 1837 2488 conditionem

126 2522 242 2586 veatur,
260 2518 336 2573 utin
349 2517 432 2575 nulla
447 2533 584 2580 unquam
609 2521 693 2591 parte
707 2516 910 2591 temperantiae
925 2515 957 2572 li·
1011 2538 1046 2579 ac
1062 2524 1183 2589 statum,
1199 2519 1271 2593 quia
1283 2519 1365 2576 aliud
1377 2519 1515 2576 convenit
1528 2518 1836 2576 locutionibuseorum

127 2607 229 2664 mitem
250 2612 301 2663 aut
315 2607 445 2663 formam
461 2607 624 2663 honestatis
639 2606 774 2679 excedat,
789 2607 847 2662 hoc
862 2608 958 2678 est(ut
1010 2609 1062 2684 qui
1074 2613 1145 2665 sunt
1155 2608 1279 2682 praelati,
1292 2607 1374 2665 aliud
1384 2607 1585 2665 locutionibus
1595 2624 1701 2664 eorum
1715 2608 1838 2682 quisunt

127 2695 159 2752 id
171 2695 275 2768 paucis
287 2695 432 2768 exemplis
444 2695 621 2768 probemus)
640 2695 736 2751 ridere
752 2693 815 2751 sine
831 2694 957 2767 apertio·
1011 2697 1132 2755 subditi.
1149 2699 1244 2754 Senes
1267 2695 1351 2771 loqui
1370 2696 1481 2753 debent
1508 2695 1546 2752 de
1568 2696 1747 2753 discretione
1767 2695 1838 2753 bene

127 2800 165 2840 ne
180 2783 325 2852 dentium,
341 2783 441 2840 videre
454 2784 518 2839 sine
533 2782 681 2840 defixione
689 2783 857 2855 oculorum,
874 2782 957 2856 loqui
1011 2786 1200 2844 consulendi.
1211 2789 1339 2843 iuvenes
1353 2786 1390 2842 de
1406 2785 1546 2843 instantia
1560 2784 1778 2843 benefaciendi.
1794 2787 1839 2843 Sa·

128 2874 193 2931 sine
207 2873 378 2930 extensione
390 2889 537 2929 manuum
563 2878 592 2929 et
605 2873 768 2930 intentione
781 2873 955 2943 digitorum,
1010 2876 1127 2950 pientes
1141 2875 1178 2932 de
1204 2875 1353 2949 mysteriis
1379 2875 1609 2948 Scriptmarum.
1637 2874 1791 2949 Simplices
1803 2875 1837 2931 de

128 2962 191 3019 sine
207 2961 397 3018 contorsione
410 2960 571 3032 labiorum,
587 2962 649 3018 sine
667 2962 828 3033 jactatione
841 2961 955 3035 capitis,
1011 2964 1157 3038 exemplis
1180 2964 1331 3021 bonorum
1347 2980 1483 3038 operum.
1509 2964 1530 3021 li
1541 2964 1593 3038 qui
1608 2965 1756 3022 exteriora
1769 2968 1837 3022 trac·

129 3052 193 3109 sine
204 3051 365 3109 elevatione
392 3051 619 3125 superciliorum
634 3070 640 3120 ;
666 3051 802 3107 incedere
818 3051 881 3108 siue
894 3067 957 3107 mo·
1010 3059 1077 3112 tant
1089 3053 1219 3125 negotia,
1231 3053 1268 3111 de
1284 3052 1403 3110 solertia
1413 3053 1599 3128 acquirendi,
1610 3053 1630 3110 ii
1641 3053 1694 3128 qui
1711 3053 1836 3128 quietam

128 3141 280 3198 dulatione
304 3157 473 3212 gressuum,
489 3140 552 3196 sine
575 3139 798 3211 gesticulatione
823 3139 960 3213 scapula·
1011 3145 1105 3203 vitam
1120 3145 1245 3214 ducunt,
1274 3143 1312 3201 de
1337 3142 1496 3217 disciplina
1520 3143 1652 3200 vivendi.
1674 3142 1787 3200 Praelati
1805 3140 1838 3197 de

127 3244 215 3296 rum;
232 3228 335 3285 sedere
363 3229 426 3285 sine
446 3228 660 3286 divaricatione
685 3245 817 3299 crurum,
834 3228 897 3285 sine
914 3228 957 3285 al·
1011 3233 1182 3308 provisione
1194 3248 1306 3302 rerum,
1317 3232 1441 3304 subjecti
1451 3233 1489 3289 de
1501 3233 1838 3307 obedientiapraecepto·

128 3322 240 3375 terutra
254 3318 470 3391 superjectione
494 3318 618 3392 pedum,
634 3318 697 3375 sine
727 3320 897 3375 extensione
911 3316 959 3374 vel
1011 3340 1089 3380 rum.
1106 3325 1139 3378 Et
1150 3321 1358 3396 uuusquisque
1372 3322 1422 3396 qui
1446 3321 1578 3396 loquitur
1592 3322 1762 3380 secundum
1773 3336 1839 3396 qua·

128 3407 288 3479 agitatione
304 3407 455 3475 tibiarum,
473 3407 535 3462 sine
551 3407 664 3463 alterna
684 3407 901 3464 accubitatione
916 3406 957 3463 la·
1010 3411 1123 3469 litatem
1139 3427 1276 3484 persona
1298 3428 1369 3479 sure,
1381 3410 1557 3485 qualitatem
1566 3411 1700 3468 materia
1715 3409 1838 3485 inquirat

127 3501 235 3567 terum,
252 3498 352 3569 jacere
368 3495 431 3552 sine
454 3495 627 3565 disjectione
642 3495 858 3553 membrorum.
881 3498 914 3552 Et
925 3499 959 3552 ut
1012 3516 1179 3572 congruam
1189 3500 1227 3558 de
1240 3500 1463 3575 quoloquatur.

128 3585 250 3642 tandem
277 3585 314 3642 de
334 3585 391 3641 bac
405 3589 488 3658 parte
516 3583 608 3641 finem
629 3583 773 3658 loquendi
799 3584 957 3656 iaciamus,
1208 3592 1274 3647 Car.
1295 3592 1361 3647 lllV.
1377 3591 1435 3647 θαι·
1448 3591 1639 3663 loquendum.

128 3674 370 3746 gestushominis
385 3673 510 3730 inomni
528 3679 596 3731 actu
611 3691 677 3730 esse
701 3673 791 3730 debet
809 3673 958 3744 gratiosus
1049 3679 1187 3753 sequitur
1201 3683 1233 3735 ut
1243 3682 1406 3752 postquam
1420 3679 1541 3748 clegerit
1557 3679 1651 3735 bomo
1666 3677 1743 3752 quid
1754 3677 1837 3744 dicat,

128 3765 191 3822 sine
202 3763 336 3836 mollitie,
349 3764 468 3839 quietus
483 3764 546 3821 sine
559 3763 764 3836 dissolutione,
781 3763 881 3835 gravis
895 3763 958 3820 sine
1012 3771 1102 3827 etiam
1116 3768 1163 3825 cui
1187 3768 1268 3825 dicat
1281 3768 1437 3838 diligenter
1452 3768 1594 3825 attendat.
1620 3768 1696 3834 Quia
1711 3768 1787 3825 sicut
1801 3766 1838 3823 ait

102 3844 115 3863 '
128 3853 275 3920 tarditate,
297 3853 395 3908 alacer
417 3853 480 3908 sine
501 3853 716 3926 inquietudine,
744 3858 882 3910 maturus
895 3853 958 3909 sine
1011 3858 1137 3932 quidam
1153 3857 1273 3931 sapiens
1291 3875 1297 3913 :
1315 3859 1370 3926 Qu·
1383 3864 1492 3913 narrat
1509 3857 1631 3914 verbam
1647 3874 1707 3914 non
1723 3857 1839 3914 audiea-

127 3940 287 4013 protervia,
304 3941 403 3996 etsine
419 3940 602 3996 turbulentia
621 3957 751 3997 severus.
763 3941 879 3998 llollern
892 3957 958 4012 ges·
1013 3949 1045 4015 ti,
1057 3948 1145 4019 quasi
1160 3948 1213 4019 qai
1226 3946 1338 4003 encitat
1362 3946 1557 4002 dormientem
1582 3945 1618 4002 de
1639 3947 1731 4017 graui
1743 3957 1838 4002 somno

128 4030 192 4082 turn
209 4029 354 4097 temperat
368 4026 514 4097 turbidus,
530 4030 559 4082 et
574 4026 726 4083 turbidum
742 4028 849 4096 mollis,
865 4028 959 4085 disso-
1012 4035 1106 4107 (Eiet,
1117 4035 1198 4108 xxti).
1215 4038 1249 4091 Et
1260 4033 1367 4091 iterum
1383 4053 1389 4090 ;
1405 4035 1479 4091 Cam
1493 4035 1586 4091 stateo
1606 4049 1644 4091 ne
1657 4035 1789 4090 malliam
1804 4034 1839 4089 tc

127 4116 226 4173 lutum
237 4131 523 4191 procax,precacem
535 4115 818 4184 dissolutus,citatus
826 4118 958 4185 tardum,
1012 4125 1125 4196 quatis,
1141 4129 1168 4181 et
1184 4139 1252 4180 cam
1278 4124 1426 4180 insensato
1442 4139 1479 4180 ne
1493 4122 1718 4194 actantiae).
1741 4125 1776 4178 Et
1792 4124 1839 4179 Sa·

128 4212 157 4265 et
171 4208 273 4266 tardus
284 4207 416 4274 «sitarum,
441 4207 513 4281 quia
538 4207 613 4263 inter
637 4207 705 4264 vitia
720 4210 868 4266 contraria
894 4226 958 4267 me·
1011 4212 1115 4269 lomon
1126 4213 1212 4270 dicit:
1227 4213 1285 4282 Qai
1296 4213 1397 4283 arguit
1411 4213 1676 4284 impiumgenerat
1689 4213 1839 4270 maculam

127 4299 195 4356 dius
209 4299 296 4357 limes
310 4299 401 4356 virtus
414 4301 467 4355 est.
494 4301 561 4354 llaec
576 4297 613 4354 de
628 4302 714 4368 gestu
728 4297 768 4354 ad
781 4304 957 4371 presentem
1011 4301 1076 4357 sihi.
1090 4302 1162 4358 Noti
1179 4315 1306 4372 arguere
1320 4301 1492 4372 derisorem,
1513 4316 1552 4358 ne
1561 4301 1666 4357 oderit.
1678 4301 1782 4371 Argue
1795 4313 1838 4355 sa·

127 4390 295 4447 doctrinam
310 4389 389 4445 dicta
414 4388 574 4445 sulliciaut.
602 4387 631 4444 Si
654 4389 706 4460 qui
717 4404 788 4444 vero
815 4394 875 4445 tam
891 4389 958 4446 duri
973 4362 997 4419 Β
1008 4391 1151 4460 niceten,
1167 4395 1194 4445 et
1207 4388 1311 4460 diliget
1328 4395 1363 4445 te.
1388 4390 1435 4444 Da
1449 4390 1579 4458 sapienti
1606 4389 1802 4458 occasionem,
1814 4389 1838 4442 et

127 4477 228 4533 cordis
242 4476 360 4542 luerint,
373 4477 457 4532 uthis
473 4474 729 4533 admonitionibus
738 4476 895 4534 informari
909 4495 958 4535 ne·
1012 4479 1142 4536 addetur
1165 4479 1193 4535 ei
1218 4480 1376 4548 sapientia.
1393 4480 1472 4535 Doce
1484 4481 1615 4549 justum,
1631 4485 1660 4536 et
1686 4476 1838 4550 festinabit

127 4568 251 4638 queant,
276 4563 341 4620 ilios
365 4562 489 4637 quidem
517 4563 683 4621 acrioribus
705 4565 831 4623 stimulis
860 4567 958 4639 urgeri
1011 4569 1146 4638 accipere
1159 4567 1260 4639 (Pron.
1273 4568 1322 4639 ixl.
1342 4567 1399 4624 Sed
1412 4583 1532 4624 rursum
1545 4567 1576 4624 in
1591 4567 1669 4624 libro
1685 4566 1840 4625 Ecclesias-

128 4657 253 4726 oportet,
271 4659 303 4711 ut
314 4654 397 4728 quod
416 4659 523 4728 sponte
537 4654 634 4710 lacere
657 4655 773 4728 nolunt,
787 4656 899 4714 iaciant
913 4658 959 4715 vel
1011 4658 1069 4715 tice
1084 4659 1122 4714 de
1132 4657 1310 4714 discretione
1322 4655 1466 4730 loquendi
1480 4656 1594 4714 dictum
1610 4661 1655 4714 est
1671 4674 1678 4713 :
1693 4658 1770 4715 Cam
1782 4657 1839 4714 uiro

127 4742 221 4800 inviti.
240 4744 305 4801 Scio
317 4743 397 4800 enim
410 4758 504 4816 quam
528 4743 648 4800 difficile
664 4745 709 4813 sit,
725 4762 776 4802 cor
789 4747 904 4804 malitia
915 4747 958 4803 in·
1011 4746 1179 4819 irreligioso
1194 4752 1293 4804 tracta
1314 4745 1350 4801 de
1363 4747 1525 4802 sanctitate
1549 4752 1659 4803 etcum
1682 4746 1797 4816 injuste
1808 4743 1840 4800 de

128 4831 269 4889 duratum
283 4833 322 4889 ad
338 4833 466 4889 sormam
487 4832 651 4906 discipliuae
671 4839 700 4890 et
723 4835 852 4908 speciem
866 4837 958 4893 hone·
1007 4838 1170 4908 jnstitia,et
1185 4851 1252 4892 cum
1266 4835 1392 4891 muliere
1406 4834 1442 4891 de
1455 4835 1490 4890 iis
1507 4850 1573 4907 que
1586 4836 1762 4906 emulatur,
1779 4849 1839 4892 cmn

128 4921 213 4979 statis
228 4921 395 4989 incurvare,
419 4922 471 4978 sed
485 4938 607 4979 necesse
626 4929 670 4981 est
690 4925 808 4981 utdura
833 4925 958 4982 materia
1012 4928 1115 4983 timide
1130 4926 1167 4982 de
1182 4924 1268 4994 betta,
1295 4940 1362 4980 cum
1392 4925 1579 4995 incantatore
1602 4925 1639 4981 de
1654 4927 1838 4996 trajectione,

127 5026 198 5067 cum
212 5009 298 5067 facile
323 5011 363 5067 ad
377 5011 505 5067 sormam
529 5028 590 5068 non
601 5011 737 5080 flectitur,
753 5013 779 5069 ei
792 5017 821 5070 et
834 5013 957 5070 acrioris
1012 5032 1078 5072 carn
1094 5021 1224 5085 emptore
1233 5014 1453 5082 decenditicne,
1469 5029 1535 5070 cum
1547 5015 1611 5071 citu
1624 5014 1717 5071 tivido
1733 5016 1841 5087 deora-

127 5099 259 5157 llammaa
275 5099 448 5156 incendium
461 5103 488 5156 et
500 5099 600 5157 mallei
613 5101 756 5171 gravioris
768 5101 865 5158 tunsio
876 5101 958 5157 adbi-
1012 5107 1060 5162 tiis
1072 5105 1205 5176 accedis,
1222 5120 1288 5161 cam
1303 5104 1394 5173 impio
1408 5104 1445 5161 de
1468 5105 1591 5174 pietate,
1608 5119 1674 5161 cunr
1690 5104 1840 5161 inhonesta

125 5189 242 5248 beatur.
1011 5195 1048 5250 cte
1063 5195 1295 5261 honestatemque
1312 5194 1450 5262 operatio
1463 5193 1586 5264 agraria
1601 5192 1638 5248 de
1649 5195 1736 5250 amni
1748 5206 1839 5264 epm,

127 5281 194 5337 Car.
211 5279 511 5349 transcampana
527 5281 557 5335 in
573 5281 719 5337 locatione
733 5281 882 5336 servanda
898 5296 910 5336 .·
930 5285 957 5337 et
1011 5299 1078 5339 cain
1087 5283 1225 5353 operario
1236 5282 1367 5338 annuali
1373 5283 1409 5338 de
1419 5282 1769 5353 consummationeanni,
1780 5295 1841 5339 ctae

347 5369 444 5437 primo
457 5369 531 5440 qaid
546 5369 735 5440 loquendam.
1011 5386 1095 5428 servo
1107 5374 1196 5443 piare
1218 5371 1254 5429 de
1274 5373 1372 5427 matta
1396 5372 1569 5443 operatione
1596 5372 1692 5443 (licet.
1725 5369 1839 5440 xxxva).

163 5460 195 5512 lu
204 5454 355 5512 locutione
370 5456 503 5528 quinque
525 5473 572 5511 res
599 5461 668 5511 sunt
683 5455 890 5528 observanda,
901 5457 958 5514 boc
1012 5460 1066 5517 Ubi
1081 5461 1207 5531 intelligi
1229 5461 1318 5517 datur
1329 5459 1413 5534 quod
1427 5460 1500 5516 boui
1515 5476 1680 5534 pravorum
1693 5458 1841 5534 colloquia

127 5543 254 5616 estquid
264 5545 389 5612 dicatur,
400 5545 447 5601 cui
462 5543 648 5614 dicatur,ubi
658 5544 960 5618 dicaturquandodi·
1011 5549 1175 5623 aliquando
1190 5548 1508 5623 appetere,aliquando
1516 5551 1610 5607 vitare
1624 5549 1841 5625 dehentappe

127 5634 380 5706 catur,quomod0
390 5633 517 5691 dicatur.
532 5632 610 5699 Quid
624 5638 726 5692 autem
740 5634 957 5708 dicendumsit,
1012 5639 1269 5699 teredebenthoni
1279 5654 1443 5712 pravorum
1453 5638 1745 5714 colloquia,quando
1754 5646 1841 5698 etsua
