3742 6082
57 239 114 298 589
541 232 596 290 DE
612 231 902 293 sacamnrms.
923 232 1035 295 LIBRI
1053 235 1083 296 n
1101 233 1203 296 Pane
1220 232 1301 295 xvl.
1718 232 1775 295 590

59 365 207 422 stridores
213 364 352 421 dentium
360 363 562 437 spiritualiter
569 365 888 438 accipimus‚tiammas
901 368 929 425 A
942 351 1006 425 aua}
1016 368 1225 426 damnationis
1237 367 1450 440 affligat.Sicut
1459 365 1564 423 electis
1573 365 1656 437 ignis
1667 364 1772 422 mdere

59 469 184 526 quoque
198 455 421 509 tormentorum
435 452 468 507 in
483 452 559 524 ipsis
575 468 636 508 non
651 454 888 525 corporales,eed
942 457 1030 512 novit
1039 457 1078 512 ad
1093 457 1285 527 solatium,et
1297 460 1401 513 tamen
1413 455 1519 512 ardere
1531 454 1571 509 ad
1585 452 1770 526 supplicium

58 540 887 615 spiritualescredercdebemus,eiesaneintelligipotest
943 545 1049 615 nescit,
1064 546 1139 600 itae
1155 544 1275 601 diverso
1290 544 1438 615 gehennae
1448 543 1572 598 flamma
1589 539 1770 614 reprobis,et

58 631 85 685 ai
99 629 289 686 cruciatibus
304 629 478 684 animarum
490 629 543 702 qui
556 644 594 683 ex
606 628 739 683 flammis
751 644 888 701 corpora·
942 646 1139 704 nequaquam
1157 632 1238 688 lucet
1260 632 1299 687 ad
1325 630 1544 687 consolationis
1573 629 1714 700 gratiam,
1741 630 1771 683 et

57 718 141 774 libus
151 717 291 789 generari
306 717 484 786 creduntur,
501 732 562 772 non
578 715 785 788 corporaliter,
794 718 826 773 id
841 722 887 773 est
942 722 1045 774 tamen
1066 718 1147 774 lucet
1171 720 1210 775 ad
1234 735 1367 791 poenam,
1384 723 1419 774 ut
1433 717 1651 773 damnatorum
1673 713 1770 772 oculis

57 806 268 862 mediantibus
280 804 497 877 corporibusin
505 804 654 875 ipsieiieri
662 805 884 876 intelligantur.
942 806 1023 877 iguis
1042 807 1183 879 supplicii
1209 812 1239 863 et
1262 807 1348 864 nulla
1369 807 1508 863 claritate
1532 803 1671 872 candeat,
1687 806 1718 858 et
1732 800 1771 857 ad

57 894 159 951 Multa
175 898 248 950 sunt
263 893 323 948 alia
338 908 407 965 quae
423 892 471 948 vel
485 893 630 965 ambigue
643 893 726 949 dicta
742 898 825 964 sunt,
838 895 888 952 vel
942 894 1055 951 doloris
1093 895 1251 951 cumulum
1288 895 1391 951 electis
1430 893 1562 964 qualiter
1597 891 1771 948 crucientur

58 982 204 1053 ambigue
216 982 277 1038 dici
288 980 488 1054 possunt.Sed
497 980 581 1035 aliud
592 985 637 1037 est
647 996 749 1037 rerum
760 983 886 1055 veritas,
943 983 1093 1039 ostendat.

57 1069 145 1125 aliud
171 1070 336 1124 verborum
374 1069 518 1123 varietas.
547 1068 654 1141 Neque
684 1085 740 1126 nos
768 1075 888 1143 oportet
943 1074 1030 1132 Quod
1046 1074 1300 1142 ignisgebennoe
1310 1071 1771 1126 coinitiosiccreatuscstut

57 1160 184 1229 propter
199 1156 430 1212 multitudinem
452 1155 572 1211 dicendi
587 1172 605 1210 a
620 1157 815 1229 simplicitate
836 1161 886 1215 de·
1005 1163 1210 1217 nutrimento
1227 1165 1408 1230 nenegant.
1426 1161 1517 1213 idem
1534 1160 1571 1211 in
1584 1161 1704 1214 cociam.

57 1246 145 1301 viare
159 1244 310 1302 credendi.
327 1244 409 1299 Dicit
428 1245 623 1314 Augustinus
637 1245 671 1300 in
685 1245 861 1302 Enehiridio
878 1265 884 1302 :
978 1248 1213 1320 omnipotentis·
1224 1248 1349 1320 justitia
1377 1248 1554 1303 futurorum
1579 1246 1771 1317 praescientia

57 1332 149 1398 Quod
163 1338 284 1406 tempus
296 1333 378 1404 quod
393 1333 473 1387 inter
487 1331 622 1388 hominis
634 1336 764 1389 mortem
776 1337 806 1389 et
820 1334 888 1390 ulti·
942 1335 1064 1407 abipsa
1087 1337 1195 1393 mundi
1210 1337 1328 1407 origine
1342 1335 1491 1406 gebenna
1516 1333 1619 1403 ignem
1643 1333 1769 1402 creavit,

58 1436 143 1476 mam
155 1421 411 1477 resurrectionem
424 1419 560 1491 positum
574 1423 629 1489 est,
641 1421 762 1476 animas
773 1421 887 1478 abditis
942 1424 996 1494 qui
1010 1425 1043 1479 in
1057 1440 1149 1496 poena
1161 1426 1360 1498 reproborum
1376 1424 1469 1480 semel
1484 1421 1772 1495 esseinciperet,sed

57 1508 260 1581 receptaculis
275 1509 411 1565 continet
426 1508 505 1563 111111
519 1523 714 1581 unaquaeque
734 1509 827 1580 digna
841 1514 887 1566 est
942 1512 1080 1568 ardorem
1094 1529 1185 1570 suum
1196 1515 1289 1569 etiam
1300 1515 1366 1569 sine
1376 1512 1471 1583 lignis
1483 1525 1643 1582 nunquam
1656 1509 1768 1565 finiret.

58 1596 109 1652 vel
122 1597 228 1669 requie
238 1595 288 1654 vel
302 1612 449 1652 aerumna.
457 1597 538 1667 Ergo
551 1596 657 1652 abdita
672 1600 745 1652 suut
757 1600 888 1671 recepta·
942 1598 1028 1669 Ignis
1047 1615 1181 1673 namque
1196 1616 1359 1674 corporeus
1371 1604 1407 1656 ut
1419 1615 1485 1655 esse
1498 1599 1580 1670 ignis
1596 1597 1698 1654 valeat
1712 1611 1773 1653 eor·

58 1685 131 1741 cula
153 1686 338 1754 animarum,
356 1701 411 1741 nec
435 1688 537 1757 potest
560 1685 599 1740 ab
620 1685 745 1742 homine
767 1686 888 1743 definiri
903 1701 929 1759 B
941 1688 1043 1759 poreis
1057 1688 1175 1761 indiget
1190 1690 1345 1758 fomentis,
1361 1689 1415 1761 qui
1434 1701 1504 1744 cum
1526 1701 1648 1742 necesse
1669 1687 1772 1741 estut

60 1773 145 1845 qnod
161 1789 223 1829 non
235 1777 337 1846 potest
351 1773 390 1828 ab
401 1773 527 1829 homine
541 1774 622 1829 sciri.
639 1774 717 1830 Item
732 1775 834 1846 qualis
849 1776 891 1832 sit
944 1779 1082 1831 servetur
1092 1792 1147 1849 per
1156 1780 1301 1848 congesta
1309 1776 1394 1847 ligna
1403 1775 1511 1848 procul
1519 1774 1613 1830 dubio
1623 1773 1770 1844 nutritur,

60 1860 280 1933 intelligendus
287 1862 369 1932 ignis
376 1861 427 1917 ille
434 1861 624 1933 gehennae,et
631 1862 890 1934 quemadmodum
943 1878 999 1919 nec
1010 1863 1093 1919 valet
1107 1864 1167 1920 nisi
1183 1880 1347 1921 succensus
1360 1879 1436 1932 ease,
1452 1867 1483 1919 et
1495 1862 1556 1918 nisi
1569 1861 1687 1918 refotus
1699 1862 1770 1919 sub·

62 1949 135 2020 igne
162 1948 312 2021 corporali
337 1950 508 2021 incorporei
532 1950 660 2021 spiritus
690 1951 754 2007 sive
779 1952 889 2007 animae
944 1951 1059 2007 sistere.
1076 1952 1117 2007 At
1142 1957 1249 2009 contra
1263 1951 1518 2023 gehennaeignis,
1533 1965 1602 2005 cum
1615 1951 1656 2005 sit
1671 1965 1771 2022 corpo

63 2038 244 2110 corporibus
266 2037 373 2094 solutae
397 2037 526 2094 cruciari
548 2038 678 2110 possint,
703 2054 765 2094 non
790 2039 889 2096 solum
943 2055 1013 2095 reus
1021 2044 1051 2096 et
1060 2041 1220 2097 universes
1230 2041 1375 2113 reprobos
1385 2037 1583 2111 corporaliter
1594 2041 1770 2108 exurat,nec

63 2123 135 2181 fidei
150 2125 338 2195 christianae,
354 2125 408 2181 sed
422 2125 500 2182 sacri
515 2125 629 2198 eloquii
644 2127 812 2184 auctoritas
827 2142 889 2183 non
943 2128 1045 2184 studio
1066 2128 1203 2185 humano
1218 2129 1423 2198 succenditur,
1438 2141 1494 2182 nec
1507 2124 1602 2197 lignis
1620 2127 1768 2197 nutritur,

60 2213 184 2269 enodat.
943 2215 996 2271 sed
1011 2219 1131 2272 creatus
1146 2217 1239 2272 semel
1253 2216 1345 2272 durat
1367 2212 1641 2285 inexstinguibilis,
1656 2217 1688 2268 et
1702 2229 1768 2270 suc·

62 2303 152 2362 Quod
178 2315 348 2371 corporeus
374 2303 462 2372 ignis
487 2304 642 2372 gebennen
666 2317 730 2357 non
755 2307 888 2359 tanturn
942 2304 1085 2360 censione
1102 2319 1165 2360 non
1182 2304 1309 2375 indiget,
1325 2309 1355 2360 et
1374 2303 1481 2359 ardore
1497 2316 1560 2356 non
1577 2304 1669 2357 caret.
1685 2301 1768 2357 Bene

98 2404 234 2459 corpora
249 2391 479 2456 manabitsed
494 2392 597 2446 etiam
609 2392 887 2461 spiritualiaque
942 2406 1014 2463 ergo
1028 2391 1065 2448 de
1079 2393 1187 2466 iniquo
1202 2392 1314 2449 dicitur
1324 2408 1330 2446 :
1342 2391 1514 2447 Devorabit
1524 2404 1600 2445 cum
1611 2390 1699 2458 ignis
1710 2391 1770 2458 qai

98 2479 192 2532 tinus
204 2479 249 2532 De
263 2479 397 2533 civitate
408 2480 467 2533 Dei
481 2481 520 2534 de
535 2481 655 2535 eodem.
943 2494 1009 2535 non
1024 2482 1238 2536 succenditur
1253 2480 1329 2551 (Iob.
1343 2478 1410 2550 xx).

96 2564 256 2634 Gehenna,
268 2566 351 2637 quod
366 2565 458 2621 etiam
469 2570 613 2637 stagnum
627 2566 709 2637 ignis
723 2570 753 2623 et
766 2567 890 2640 sulphu·
942 2569 1059 2626 Quales
1073 2569 1366 2638 suntpurgators'oe
1379 2581 1487 2636 poenoe
1503 2567 1541 2620 in
1563 2566 1624 2620 hac
1651 2566 1721 2620 vita
1736 2569 1768 2620 et

60 2653 104 2708 ris
119 2653 237 2709 dictum
251 2658 307 2723 est,
321 2669 485 2726 corporeus
503 2655 585 2726 ignis
609 2655 676 2724 erit,
688 2658 718 2709 et
739 2655 888 2711 cruciabit
996 2656 1111 2723 quales
1120 2659 1202 2723 post.
1215 2655 1424 2724 Augustinus
1437 2654 1482 2706 De
1496 2653 1631 2706 civitate
1642 2653 1710 2706 Dei.

60 2755 190 2813 corpora
205 2741 421 2798 damnatorum
434 2747 464 2799 et
476 2743 636 2799 hominum
649 2747 680 2799 et
690 2742 865 2799 daemonum
877 2759 886 2813 ;
978 2741 1014 2796 In
1028 2741 1087 2798 hac
1100 2742 1165 2798 vita
1184 2741 1308 2814 quidem
1322 2738 1445 2796 mortali
1460 2753 1526 2794 esse
1540 2737 1692 2810 quaedam
1705 2753 1765 2811 pae-

60 2829 160 2884 eolida
187 2829 358 2900 hominum,
375 2831 458 2886 aeria
481 2830 665 2900 daemonum,
685 2834 739 2886 aut
765 2833 886 2887 tantum
941 2844 998 2884 nas
1012 2830 1206 2901 purgatorias
1220 2829 1410 2896 confitemur,
1426 2842 1488 2882 non
1501 2825 1615 2896 quibus
1626 2825 1765 2897 affligun-

60 2916 223 2972 bominum
231 2919 885 2991 corporacumspiritibus3daemonesautem,
942 2921 993 2973 tur
1005 2932 1136 2989 quorum
1149 2918 1215 2972 vita
1228 2917 1275 2972 vel
1286 2931 1349 2972 non
1368 2915 1439 2971 inde
1457 2914 1493 2970 tit
1510 2912 1627 2983 melior,
1650 2913 1699 2969 vel
1713 2930 1765 2986 po·

61 3005 601 3078 spiritussinecorporibushaerentes
610 3006 758 3062 sumendo
763 3022 886 3079 poenam
906 3004 1084 3095 Gtiusinde
1098 3006 1134 3060 fit
1147 3005 1245 3077 pejor:
1262 3002 1394 3059 sediliis
1415 3004 1489 3058 sunt
1509 3001 1694 3073 purgatoriae
1714 3002 1768 3075 qui

61 3092 173 3149 nonin
187 3095 380 3167 percipiendo
404 3096 501 3152 vitam
525 3095 736 3168 corporalibus
750 3095 884 3166 ignibus.
941 3093 985 3147 eis
999 3092 1121 3147 coerciti
1132 3092 1337 3162 corriguntur.
1352 3090 1476 3147 Caeterae
1495 3104 1602 3146 omnes
1615 3104 1713 3162 poenae
1726 3090 1765 3146 si·

61 3180 141 3235 Cum
156 3182 238 3236 enim
257 3197 318 3238 non
343 3183 491 3252 dicamus,
507 3183 649 3254 quamvis
663 3183 770 3251 miris,
784 3185 886 3238 tamen
941 3196 978 3236 ve
994 3179 1176 3252 temporales
1190 3180 1254 3235 sive
1270 3180 1477 3252 sempiternae,
1498 3179 1578 3233 sicut
1598 3179 1764 3250 unusquis·

60 3268 145 3323 veris
154 3269 254 3324 modis
263 3271 355 3325 etiam
365 3272 888 3344 spiritueineorporeosposeepaena
941 3283 1001 3340 que
1011 3267 1116 3323 divine
1130 3266 1323 3339 providentia
1336 3266 1516 3322 tractandus
1524 3269 1571 3322 est
1577 3266 1764 3336 inferuntur3

61 3355 229 3427 corporalis
239 3357 321 3427 ignis
330 3359 423 3429 affligi
433 3375 442 3428 3
454 3360 614 3431 sispiritus
625 3358 887 3415 hominumetiam
941 3356 989 3410 vel
1003 3356 1203 3428 propeccatis
1222 3356 1286 3412 sive
1300 3355 1333 3411 in
1347 3355 1590 3428 praeteritis,sive
1602 3355 1636 3410 in
1649 3354 1763 3427 quibus

60 3444 122 3515 ipsi
133 3444 269 3517 proiecto
279 3446 448 3518 incorporei
462 3451 492 3503 et
506 3451 579 3503 tunc
592 3451 760 3522 potuerunt
771 3448 887 3504 includi
941 3444 1041 3499 adhuc
1048 3444 1126 3500 vivit
1139 3444 1191 3500 ille
1205 3444 1259 3516 qui
1273 3443 1427 3516 plectitur,
1442 3443 1492 3500 vel
1511 3459 1567 3516 pro
1590 3444 1765 3500 exercendis

60 3533 271 3604 corporalibus
292 3537 448 3605 membris,
461 3539 491 3592 et
506 3540 579 3592 tunc
597 3541 742 3609 poterunt
760 3552 885 3593 suorum
941 3532 1193 3605 declarandisque
1206 3532 1376 3588 virtutibus
1390 3531 1628 3604 perhomineset
1640 3532 1766 3602 angelos

60 3635 223 3693 corporum
238 3623 368 3679 vinculis
381 3623 587 3680 insolubiliter
602 3622 750 3695 alligari?
940 3620 1005 3675 sive
1019 3621 1127 3689 bonos,
1150 3621 1214 3676 sive
1237 3618 1344 3675 malos.
1369 3618 1427 3674 Sed
1453 3618 1634 3690 temporales
1658 3635 1767 3691 poenas

95 3708 127 3765 si
138 3710 271 3766 viventis
279 3711 413 3768 hominis
424 3713 621 3785 incorporeus
629 3713 757 3785 spiritus
765 3717 886 3770 tenetur
940 3706 993 3763 alii
1008 3707 1041 3762 111
1055 3707 1112 3763 hao
1124 3709 1189 3762 vita
1203 3711 1336 3776 tantum,
1349 3706 1403 3763 alii
1417 3710 1487 3777 post
1501 3709 1641 3775 mortem,
1666 3706 1720 3762 alii
1734 3711 1765 3763 et

58 3795 92 3851 in
104 3811 297 3869 corpore,cur
310 3814 373 3855 non
385 3803 455 3871 post
467 3801 885 3874 mortem,cumincorporeue
941 3809 1022 3850 nunc
1040 3798 1070 3850 et
1088 3799 1172 3863 tunc,
1192 3797 1402 3851 verumtamen
1424 3798 1495 3850 ante
1516 3793 1667 3866 judicium
1685 3793 1763 3850 illud

59 3885 100 3939 sit
115 3885 255 3956 spiritua,
271 3887 362 3942 etiam
385 3903 528 3960 corporeo
542 3889 613 3959 igne
633 3892 773 3944 teneatur
787 3886 802 3942 1
816 3889 884 3944 Ete-
940 3882 1166 3938 severissimum
1198 3882 1463 3954 novissimumque
1496 3883 1668 3955 patiuntur.
1693 3883 1764 3940 Non
1813 3955 1820 3964 ε

56 3972 121 4027 nim
143 3988 198 4046 per
220 3975 323 4044 ignem
343 3976 487 4049 spiritum
507 3977 603 4032 teneri
629 3976 770 4046 dicimus,
795 3982 831 4033 nt
851 3977 885 4032 in
939 3975 1042 4026 autem
1056 3971 1295 4027 venientomnes
1309 3971 1343 4027 in
1355 3972 1557 4044 sempiternas
1566 3986 1683 4045 poenas,
1695 3987 1764 4046 quae

58 4063 302 4132 tormentoignis
312 4064 353 4119 sit
362 4064 494 4120 videndo
504 4069 597 4138 atque
607 4064 884 4136 sentiendo.lgnem
938 4063 1009 4134 post
1021 4058 1256 4131 illudjudioium
1269 4060 1383 4116 1111111111
1394 4063 1478 4130 sunt,
1491 4061 1545 4132 qui
1554 4064 1764 4133 postmortem

58 4162 194 4220 namque
208 4163 243 4205 eo
258 4151 325 4222 ipso
348 4151 543 4224 patiturque
562 4153 656 4222 videt,
672 4156 703 4208 et
726 4153 800 4225 quia
815 4168 883 4209 con-
940 4148 1093 4204 sustinent
1107 4147 1300 4220 temporales.
1323 4148 1402 4204 Nam
1420 4148 1606 4221 quibusdam
1630 4150 1713 4221 quod
1732 4150 1766 4206 iu

59 4237 189 4291 cremari
203 4252 235 4293 se
250 4239 359 4310 aspicit
377 4245 596 4296 concrematur.
610 4240 720 4313 Sisque
738 4240 774 4297 fit
787 4245 822 4297 ut
836 4256 885 4297 res
938 4237 999 4292 isto
1014 4251 1076 4292 non
1087 4237 1264 4306 remittitur,
1281 4237 1396 4292 remitti
1420 4237 1453 4291 in
1473 4237 1579 4292 futuro
1592 4237 1713 4306 soeculo,
1732 4237 1765 4293 id

59 4339 205 4397 corporea
218 4326 252 4381 in
266 4342 441 4398 corpoream
455 4333 573 4399 exurat,
589 4330 663 4384 dum
677 4344 716 4384 aa
728 4329 800 4401 igne
811 4330 883 4385 visi·
941 4329 997 4394 eet,
1010 4340 1048 4379 ne
1062 4325 1160 4380 futuri
1171 4323 1273 4381 saeculi
1288 4328 1402 4380 aeterno
1418 4323 1567 4396 supplicio
1581 4325 1763 4396 puniantur,

60 4411 114 4468 bili
122 4413 886 4490 ardoracdolorinvisibilistrahitur,utperignem
941 4412 1129 4468 confitemur.
1142 4413 1389 4470 Rarissimisunt
1407 4416 1510 4468 autem
1536 4413 1589 4485 qui
1609 4412 1710 4469 nullas
1730 4413 1764 4470 in

59 4515 240 4573 corporeum
276 4519 363 4560 meus
396 4506 574 4577 incorporea
616 4506 709 4561 etiam
743 4521 887 4578 corporea
940 4500 998 4556 hac
1009 4501 1141 4571 vita,sed
1152 4505 1275 4558 tantum
1285 4505 1356 4576 post
1370 4517 1437 4557 eam
1451 4515 1559 4574 poenas
1567 4500 1666 4557 luant.
1676 4501 1764 4558 Fuis-

59 4587 187 4643 flamma
198 4592 358 4647 crucietur.
375 4592 414 4648 Et
426 4598 497 4666 post
512 4608 609 4666 pauca
622 4610 627 4647 :
640 4594 722 4649 Dum
738 4608 809 4665 ergo
822 4609 887 4666 pec·
941 4603 973 4642 se
988 4591 1092 4644 tamen
1107 4589 1228 4661 sliquos
1239 4591 1293 4663 qui
1307 4590 1455 4663 usquead
1469 4589 1655 4663 decrepitam
1668 4606 1767 4647 senec·

58 4679 196 4732 catorem
207 4677 333 4734 divitem
349 4680 529 4737 damnatum
543 4682 657 4737 veritas
672 4682 705 4737 in
714 4683 818 4753 ignem
823 4698 887 4755 per.
941 4680 1039 4733 tutem
1053 4692 1092 4733 ne
1105 4677 1293 4734 levissimam
1314 4679 1438 4751 quidem
1458 4678 1638 4735 febriculam
1664 4695 1763 4737 sense·

57 4763 303 4837 bibet,quisnam
313 4769 435 4840 sapiens
446 4770 566 4825 animas
576 4771 776 4842 reproborum
789 4774 886 4828 teneri
939 4764 1012 4833 rint,
1029 4769 1300 4838 quasststfflssuflqffl
1312 4766 1456 4822 duxerint
1469 4767 1584 4835 vitam;
1599 4770 1629 4822 θῑ
1642 4768 1768 4842 11181110·

56 4851 186 4922 ignibus
200 4852 318 4925 neget?
940 4852 1042 4907 vimus
1056 4857 1086 4908 et
1099 4853 1285 4921 audivimus,
1303 4869 1481 4926 quanquam
1490 4854 1557 4910 vita
1570 4855 1639 4927 ipsa
1650 4861 1765 4914 morta·

56 4936 218 5004 0111111111
235 4940 361 5005 pedenna
385 4941 422 4995 ad
440 4944 549 5011 aliquid
570 4943 666 4996 1111111
680 4951 704 4996 ct
727 4945 764 4997 ad
777 4946 886 5012 aliquid
933 4939 1014 5007 ,lium
1030 4943 1096 4995 tota
1109 4956 1201 5013 poena
1214 4942 1263 4997 sit.
1278 4941 1348 4997 Non
1362 4943 1443 4997 enim
1451 4957 1548 5014 parva
1560 4946 1607 4999 est
1617 4959 1710 5016 poena
1723 4944 1766 5017 ip·

115 5019 292 5074 maturabit.
308 5021 447 5076 1111111111
464 5024 607 5088 Gregorius
623 5025 655 5076 tn
670 5024 829 5077 illocalitas.
939 5043 974 5084 11
982 5027 1161 5099 insipientia
1173 5029 1221 5084 vel
1235 5030 1400 5102 imperitia,
1417 5045 1487 5102 quaa
1506 5046 1605 5104 usque
1624 5032 1701 5089 adeo
1714 5032 1761 5089 iu·

91 5099 153 5156 Illa
161 5100 389 5160 ultrixilamma
398 5105 544 5161 vitiorum
552 5105 769 5161 cremationem
778 5106 883 5177 habet,
938 5115 1050 5187 gienda
1064 5117 1173 5172 merito
1185 5117 1351 5189 judicatur,
1366 5122 1401 5174 ut
1413 5134 1467 5192 per
1481 5119 1589 5192 plenas
1607 5119 1765 5176 doloribus

55 5188 203 5247 etlumen
217 5208 279 5250 non
290 5194 549 5267 habetlllicignis
559 5200 590 5251 11
597 5195 635 5251 ad
645 5195 884 5254 consolationem
938 5220 1045 5277 poenae
1054 5206 1141 5277 pueri
1156 5211 1305 5277 cogantur
1321 5222 1451 5280 quaeque
1462 5209 1592 5264 artificia
1612 5208 1661 5264 vel
1682 5206 1762 5264 litte·

55 5293 119 5334 non
133 5277 225 5351 lucet,
238 5286 267 5337 et
283 5287 386 5339 tamen
402 5287 436 5339 ut
451 5285 549 5356 magis
564 5288 705 5358 torqueat
715 5283 754 5340 ad
766 5285 884 5358 aliquid
937 5308 988 5349 ras
1003 5293 1127 5364 discere,
1142 5295 1304 5368 ipsumque
1316 5295 1430 5353 discere
1445 5295 1484 5351 ad
1496 5295 1579 5369 quod
1592 5296 1692 5367 poenis
1704 5294 1765 5350 adi·

53 5364 146 5423 lucet.
164 5368 245 5425 Nam
258 5386 404 5444 sequaces
419 5388 540 5445 quoque
563 5388 635 5429 suos
659 5389 762 5430 secum
773 5374 807 5430 in
823 5379 882 5430 tor·
937 5385 1054 5452 guntur
1061 5386 1126 5438 tarn
1139 5383 1259 5456 poenale
1273 5388 1320 5440 eet
1333 5385 1387 5455 eis,
1399 5389 1435 5440 ut
1444 5398 1667 5456 nonnunquam
1678 5383 1763 5455 ipsae

54 5460 161 5513 mento
184 5460 307 5531 reprobi
330 5461 454 5517 flamma
475 5460 649 5517 illustrante
675 5462 773 5519 visuri
799 5470 882 5535 sunt,
937 5485 1044 5543 poenas
1056 5486 1110 5543 per
1122 5486 1200 5543 quas
1215 5471 1439 5546 compelluntur
1448 5472 1572 5541 discere,
1584 5470 1695 5528 malint
1709 5470 1764 5528 fer·

54 5545 190 5617 quorum
198 5547 262 5602 vivi
273 5563 375 5604 amore
383 5548 883 5627 deliquerunt,quatenusquorum
937 5573 1076 5631 requam
1097 5559 1221 5616 discere.
1244 5561 1319 5627 Quis
1339 5564 1441 5617 autem
1465 5574 1527 5616 non
1551 5559 1712 5617 exhorreat
1735 5564 1766 5618 et

52 5637 154 5693 vitam
164 5636 328 5693 carnaliter
339 5641 445 5693 contra
459 5643 611 5712 praecepta
620 5641 794 5700 Conditoris
805 5659 884 5700 ama·
936 5647 1015 5703 mori
1030 5647 1122 5718 eligat
1136 5648 1162 5704 si
1172 5653 1362 5722 proponatur
1374 5649 1401 5704 ei
1409 5652 1463 5703 aut
1470 5663 1553 5704 mora
1560 5663 1615 5722 per
1625 5664 1760 5724 poenanr,

53 5726 318 5801 verant,ipaorum
328 5742 452 5803 quoque
460 5728 594 5788 intuitus
608 5731 883 5807 eosinaugmento
937 5741 992 5796 aut
1000 5751 1108 5796 rursus
1118 5735 1364 5807 iniantiaiQua
1376 5734 1504 5812 quidem
1513 5737 1774 5812 auennense-
