3742 6082
534 170 583 231 ne
597 169 783 232 artusiae
802 168 931 228 iutilia
949 190 985 214 ὸ
999 176 1063 242 ΗΒ.
1082 179 1105 233 l.
1608 186 1678 241 ttae

60 299 152 353 ‚Eece
168 297 206 352 ad
226 297 412 354 chananeos
434 298 523 355 mittit
549 300 600 373 qni
616 296 797 357 habitantia
817 300 968 360 aversus,
983 302 1011 355 et
1024 299 1076 372 qui
1099 303 1236 373 portatur
1249 300 1397 357 intumus.
1415 303 1445 355 in
1461 304 1588 375 utroque
1603 305 1683 378 peri·

59 387 125 444 imis
134 392 162 444 et
175 403 230 460 per
240 394 385 445 montana
399 393 427 446 et
440 405 493 463 per
507 403 642 463 campos,
652 390 799 459 adregem
854 385 1054 462 cutemque
1078 404 1198 462 semper
1216 405 1329 446 casum
1351 393 1382 446 et
1405 391 1524 446 munem
1551 393 1684 452 minatur

59 492 88 532 m
101 476 313 547 [Semeroniet
327 477 356 533 in
374 478 549 535 Fennendor
562 477 800 550 [cenerothtsed
853 475 1101 547 supersistere
1126 481 1291 549 sequuntur
1305 493 1409 550 equos.
1432 480 1572 536 Praecedit
1600 483 1682 540 enim

59 564 121 621 tros
136 565 211 621 alios
227 571 389 635 congregat
402 581 479 639 quos
495 573 540 624 est
555 582 731 624 enumerare
744 565 799 621 dit·
852 578 939 621 amor
952 565 1128 623 dominandi
1138 566 1326 638 jactantiam,
1343 569 1565 642 amorproprioe
1584 570 1682 628 laudis

59 654 157 724 (derue
171 657 222 726 xi).
240 655 297 712 Sed
311 655 385 729 quid
409 655 449 713 uit
470 658 612 713 tiomiuus
636 656 674 713 ad
697 659 798 713 lesum
851 655 1065 723 arrogantiam,
1083 659 1272 728 contemptus
1298 655 1459 725 levitatem,
1479 657 1683 719 inobedientia

59 747 164 802 illave
179 744 232 818 qui
249 745 452 818 principatum
475 752 543 819 post
568 750 686 820 tloysen
700 760 799 803 susee-
849 742 1071 801 verbositatem.
1097 745 1197 802 Solent
1223 745 1303 801 enim
1318 744 1524 802 inobedientes
1543 748 1575 804 in
1589 749 1683 808 verba

58 832 95 888 i«
114 837 153 890 h'e
168 835 308 906 verearis,
320 835 362 890 ait
376 835 530 903 Dominus,
546 836 653 892 ladem
667 836 796 907 iliorum,
850 831 1032 888 detensionis
1042 849 1250 908 prcurmpere,
1261 834 1463 891 Prrecedentes
1472 835 1562 907 hujus
1576 855 1682 896 eunus

59 923 182 978 eastina
192 923 240 979 die
255 923 294 980 ad
308 925 385 980 hanc
397 925 503 981 horam
527 926 646 981 tradam
663 940 714 981 eos
727 941 796 981 serv·
850 924 922 977 rotie
938 919 1056 977 altiores
1069 927 1139 978 sunl
1166 922 1391 995 posteriotlbtss,
1415 927 1443 978 et
1467 923 1534 980 ideo
1555 925 1681 983 demen-

58 1018 171 1069 osante
191 1013 298 1069 taciem
315 1013 415 1084 lsrael,
439 1020 578 1088 etequos
601 1031 705 1072 eorum
726 1014 796 1071 sub·
849 1008 919 1065 dere
948 1011 1040 1079 nevit,
1063 1026 1125 1068 nen
1158 1011 1331 1080 ascendere,
1354 1012 1436 1067 viam
1462 1012 1545 1070 novit
1571 1014 1611 1070 ad
1636 1015 1681 1072 in-

60 1100 261 1170 bis,eteurrus
277 1119 381 1158 eorum
393 1100 484 1174 digne
496 1105 657 1161 combures
674 1105 796 1169 libidi.»
849 1098 938 1166 leros
968 1115 1028 1155 non
1057 1099 1096 1155 ad
1118 1104 1252 1156 montem
1282 1100 1409 1156 ltomini.
1449 1100 1586 1158 Similiter
1611 1112 1680 1160 cur·

58 1191 212 1263 ‚thoequi
227 1193 691 1260 estdeexereitutesu,nontilii
706 1199 796 1264 Nave,
849 1201 917 1241 tum
945 1186 1105 1260 voluptatis
1133 1192 1161 1244 el
1193 1204 1288 1261 equos
1320 1187 1454 1257 ¹¹1le
1488 1194 1517 1245 ti
1540 1191 1682 1263 quetnm

58 1279 217 1336 ditectio
230 1297 291 1336 uno
306 1282 385 1337 enim
405 1299 526 1356 quoque
548 1283 669 1339 homine
684 1284 797 1340 bellum
849 1275 920 1332 vitia
934 1276 1046 1349 quibus
1065 1278 1224 1334 trahuntur
1247 1277 1384 1335 homines
1412 1279 1500 1351 quasi
1528 1280 1613 1353 equis
1641 1282 1681 1338 ad

58 1364 158 1440 aperiri
169 1369 277 1438 potest.
294 1365 380 1421 iabin
392 1367 482 1438 enim,
502 1383 554 1422 rex
574 1373 656 1434 hsor,
672 1382 796 1437 congre·
849 1369 1017 1437 peceatum,
1041 1367 1224 1424 subnervare
1248 1383 1311 1424 nen
1338 1367 1524 1426 difleramus.
1554 1373 1682 1429 Possunt

58 1454 212 1512 xercitum.
226 1454 312 1510 talrin
333 1460 433 1511 autem
461 1456 669 1529 interpretatur
694 1473 796 1515 sensus
850 1453 930 1510 enim
949 1454 1124 1526 hujusmodi
1152 1456 1222 1528 equi
1244 1455 1352 1527 vigiliis
1373 1461 1402 1513 et
1416 1457 1614 1530 orationibus,
1638 1461 1682 1532 je-

58 1544 214 1601 radentia.
238 1547 312 1600 Aser
333 1560 405 1601 vero
427 1547 510 1613 cute,
525 1544 555 1601 id
583 1551 637 1616 cst,
652 1547 795 1610 mundus,
848 1541 940 1613 juniis
950 1547 980 1598 et
992 1542 1095 1599 labore
1110 1543 1253 1601 continuo
1272 1544 1457 1603 sulmervari.
1473 1549 1583 1604 Census
1607 1530 1679 1604 vero

63 1648 134 1703 erge
150 1633 189 1689 ad
202 1633 392 1690 chanana-os
420 1634 472 1706 qui
495 1632 672 1692 habitantia
687 1635 797 1692 mariti·
816 1631 917 1710 Bigne
932 1631 1027 1688 saneti
1043 1631 1169 1704 Spiritus
1184 1633 1320 1689 comburi
1334 1639 1474 1706 possunt.
1487 1636 1536 1691 llic
1551 1636 1680 1707 estignis

58 1721 129 1789 ocis,
159 1721 273 1779 viciuos
299 1723 450 1794 lluetibus,
465 1725 518 1798 qui
541 1725 737 1782 inmentihus
768 1731 797 1782 et
849 1720 913 1775 hec
929 1724 1097 1778 suntarma
1125 1720 1341 1777 claustralium,
1372 1722 1405 1778 lli
1420 1727 1491 1779 sunt
1508 1723 1669 1796 quiinterii

58 1827 104 1868 >ns
132 1818 310 1886 permovent
335 1820 455 1885 cuneta,
479 1816 531 1888 qui
556 1819 627 1871 sum
639 1830 675 1871 ex
689 1831 796 1885 genere
849 1808 932 1865 ciunt
947 1808 1039 1878 labin,
1051 1809 1354 1883 quiehunaneorum
1364 1810 1602 1868 habitantiumin
1616 1828 1680 1871 ma-

58 1903 300 1978 rantihicham,
321 1904 373 1960 filii
387 1908 456 1962 Noe,
473 1904 566 1961 ciram
588 1905 797 1980 interpretatur
848 1897 954 1954 ritimis
974 1899 1208 1955 commotionem
1239 1912 1301 1956 uon
1330 1900 1445 1968 timent,
1470 1901 1523 1974 qui
1543 1901 1681 1976 superbis

58 1987 218 2047 ‚Chanaan
246 2005 318 2045 vero
342 1991 506 2046 restructio.
531 1990 586 2054 Qui
605 1995 706 2047 autem
721 1990 797 2048 calet
848 1987 1098 2044 habitantibusin
1114 1987 1265 2045 montanis
1289 2004 1350 2045 non
1366 1989 1486 2058 cedunt,
1505 1990 1682 2063 necvolup-

58 2080 253 2134 ammovetur.
277 2077 449 2135 Mittitetad
469 2083 623 2146 monnau,
640 2078 671 2135 id
686 2084 740 2146 est,
756 2079 794 2136 ad
848 2075 942 2132 tuosis
964 2091 1142 2149 camporum
1166 2076 1287 2149 planitie
1311 2075 1513 2147 gaudentibus
1538 2078 1682 2135 cominis-

58 2166 99 2240 [ui
114 2167 280 2237 gloriantur
299 2169 329 2224 in
345 2168 533 2241 sublimibus,
548 2173 577 2226 et
595 2168 795 2226 ambulantia
849 2169 962 2234 centur,
989 2181 1008 2223 a
1029 2165 1140 2239 qttibus
1161 2182 1223 2223 non
1250 2165 1408 2223 exauditur
1423 2165 1611 2239 supradictus
1636 2167 1680 2225 Si·

58 2255 83 2312 is
96 2261 125 2313 et
139 2257 327 2314 mirabilibus
357 2274 499 2332 superse.
527 2259 647 2316 iiittitet
661 2259 700 2316 ud
715 2274 796 2316 cam·
847 2271 948 2325 meon,
972 2273 1028 2314 nec
1058 2260 1273 2313 convertuntur
1301 2271 1372 2312 eum
1409 2256 1465 2312 iilis
1494 2256 1533 2312 de
1548 2260 1681 2314 Fennen·

57 2343 139 2417 dest,
154 2346 194 2403 ad
208 2363 259 2403 eos
274 2347 325 2420 qui
339 2349 596 2421 terrenasepiunt,
611 2349 664 2422 qui
675 2348 795 2423 planitie
848 2343 914 2414 dor,
940 2345 994 2402 sed
1015 2344 1196 2402 interficiunt
1221 2360 1322 2415 regem
1356 2358 1426 2403 eum
1453 2346 1595 2419 exercitu,
1609 2346 1681 2402 sub-

60 2438 154 2492 tatum
183 2435 376 2501 delectantur,
400 2436 453 2509 qui
481 2442 550 2493 sunt
572 2436 660 2510 quast
686 2453 795 2511 pecora
848 2438 975 2491 herrant
988 2450 1083 2508 equos
1102 2437 1131 2491 et
1142 2434 1324 2491 comburunt
1339 2448 1455 2491 currus.
1475 2435 1681 2518 ascendamus

57 2523 74 2594 i,
89 2523 177 2598 proni
191 2525 229 2580 ad
243 2524 323 2581 vitia.
341 2525 422 2582 ltittit
447 2529 476 2581 et
490 2525 529 2581 ad
542 2540 644 2596 regem
663 2526 792 2597 Simeon,
847 2539 919 2594 ergo
932 2523 1043 2580 summi
1053 2524 1139 2596 Regis
1150 2539 1282 2596 currum,
1296 2526 1325 2581 et
1338 2525 1677 2598 prosequamnrhestes.

57 2617 241 2687 terpretatur
256 2616 419 2671 recreditio.
438 2619 470 2671 tn
485 2615 598 2672 bonam
609 2615 794 2689 quandoque
848 2613 943 2671 Habet
954 2614 1035 2670 enim
1051 2630 1145 2686 equos
1174 2630 1244 2671 suos
1258 2613 1401 2687 Christus,
1431 2615 1468 2672 de
1482 2615 1594 2688 quibus
1608 2615 1679 2672 dicit

57 2714 79 2759 n
90 2703 213 2777 ponitur
225 2704 386 2772 exauditio,
403 2706 435 2761 ut
448 2720 518 2761 eum
533 2705 660 2761 dieitur:
691 2704 792 2762 Verere
846 2704 995 2777 propheta
1011 2721 1017 2759 :
1035 2726 1048 2753 u
1065 2703 1231 2760 ascendisti
1246 2718 1336 2776 super
1358 2719 1454 2776 equos
1477 2709 1544 2760 tuos
1565 2708 1594 2761 et
1607 2720 1681 2778 qua·

59 2793 119 2848 mei
132 2793 545 2860 eraudieitliomiuestPsal.
564 2794 793 2865 v·1),secundum
847 2791 939 2863 drigee
953 2796 1010 2849 tuae
1030 2791 1154 2848 salvatio
1182 2793 1306 2864 (Hebae.
1332 2793 1382 2864 rut.
1402 2813 1416 2842 u
1444 2813 1458 2842 «
1476 2792 1599 2859 ilerum,
1617 2812 1630 2842 u
1647 2795 1681 2851 'ut

60 2879 178 2938 Simeon
206 2897 285 2936 unus
310 2881 346 2937 de
358 2881 534 2954 patriarchis
553 2897 664 2939 nomen
680 2882 794 2956 accepit
854 2882 895 2938 ait
909 2885 938 2939 Β.
952 2881 1128 2938 Ambrosius
1143 2898 1234 2955 super
1256 2883 1345 2938 Beati
1355 2883 1552 2954 immaculati,
1570 2882 1680 2940 eirena

76 2971 167 3042 xxix).
196 2969 373 3026 Exaudierat
399 2972 479 3027 enim
503 2973 646 3028 ltominus
673 2987 793 3045 precem
812 2972 942 3065 Cpacis,
957 2972 1164 3028 habeuoesunt
1186 2970 1347 3036 charitatis,
1363 2971 1529 3026 constricte
1556 2971 1631 3027 inter
1646 2987 1678 3028 se

57 3076 65 3116 s
87 3061 166 3133 ejus.
192 3060 301 3116 Dicitur
323 3066 422 3117 autem
451 3062 617 3119 econtrario
631 3061 791 3135 exauditio,
847 3060 1015 3118 concordie
1025 3059 1162 3128 vinculis,
1177 3063 1205 3116 et
1214 3061 1288 3131 jnge
1296 3058 1367 3116 fidei
1380 3059 1532 3131 subjecte,
1548 3062 1679 3133 quatuor

57 3148 85 3208 lo
111 3150 181 3224 quis
208 3151 329 3207 exaudit
355 3157 536 3225 preceptum
556 3149 678 3208 diaboli.
715 3152 793 3209 Solet
846 3151 917 3207 rotis
933 3149 1082 3221 Evangelii
1098 3149 1213 3205 bouum
1228 3149 1365 3219 aurigam
1383 3153 1536 3222 portantes
1550 3147 1677 3207 verbuin

57 3238 153 3297 dicere
168 3258 174 3297 :
189 3241 224 3297 St
235 3241 394 3311 meristeos
409 3241 583 3299 adoraveris
594 3256 650 3310 rue,
666 3242 743 3298 dabo
757 3245 793 3298 ti·
847 3239 907 3295 liei.
925 3238 1016 3310 Cujus
1028 3236 1147 3308 flagello
1174 3236 1316 3308 lugentur
1334 3237 1480 3295 illecebra
1504 3237 1674 3312 seaculares,

57 3329 310 3401 :contelerunt
326 3334 373 3393 ut.
392 3332 424 3386 Et
436 3330 475 3386 ad
492 3333 581 3386 Evam
597 3329 708 3387 dixisse
720 3330 792 3402 legi·
846 3328 994 3385 elmundi
1017 3327 1102 3383 istius
1117 3326 1256 3400 princeps
1266 3327 1489 3385 exterminatura
1504 3348 1519 3378 u
1533 3329 1603 3386 llira
1616 3340 1674 3387 res.

57 3418 136 3475 bitis
151 3420 286 3475 ricuidis·
305 3419 387 3487 (Gen.
402 3419 451 3490 ru).
468 3417 604 3476 Promisit
618 3434 684 3476 esse
706 3419 789 3489 deos,
845 3421 918 3475 itata
936 3416 1015 3474 intra
1038 3420 1135 3474 rotam
1161 3416 1308 3485 currebat,
1324 3421 1430 3473 etnon
1456 3416 1676 3491 impediebatur

57 3510 207 3563 eretreos.
224 3509 257 3562 Et
275 3506 346 3562 inde
372 3506 479 3563 dieitur
495 3505 625 3577 Simeon,
655 3509 791 3583 qtriaqui
845 3523 951 3563 currus
966 3505 1110 3574 celeritas,
1129 3504 1160 3561 id
1186 3508 1369 3573 estuomm
1395 3507 1616 3564 Testamentum
1643 3507 1675 3563 in

57 3595 180 3653 audiunt
190 3595 346 3652 diabolum
360 3612 428 3653 eum
451 3613 521 3667 rege
536 3600 610 3653 hsor
631 3600 791 3654 occurrunt
843 3595 938 3652 Veteri
951 3597 1150 3660 Testamenta,
1167 3593 1244 3651 intra
1259 3593 1332 3650 illud
1347 3592 1494 3662 currebat,
1511 3608 1565 3667 per
1592 3595 1675 3667 quod

59 3683 105 3742 tis.
122 3685 203 3743 tiittit
212 3689 241 3741 et
262 3685 293 3741 in
307 3685 492 3752 l‘ennendor,
506 3686 559 3759 qui
582 3685 791 3759 interpretatur
844 3683 1088 3741 annuntiabatur.

56 3776 121 3832 rste.
137 3775 298 3832 Conversio
323 3776 481 3849 dupliciter
495 3775 611 3832 dicitur.
638 3777 686 3831 Est
709 3773 789 3831 enim
862 3777 928 3830 Cir.
940 3774 995 3828 Vll.
1014 3769 1481 3842 Quornodcinetdieturdtebetus
1496 3775 1530 3826 at
1542 3774 1654 3842 rapiet.

56 3866 115 3922 rsio
139 3879 200 3940 qua
221 3869 289 3940 quis
318 3867 357 3924 ad
377 3870 470 3923 iteum
486 3865 676 3922 convertitur.
694 3868 743 3921 Est
762 3870 790 3922 et
878 3862 1078 3917 Nuncautem
1088 3858 1195 3915 ultime
1221 3856 1288 3915 loeo
1312 3859 1349 3915 de
1369 3859 1593 3934 superbiaque
1604 3860 1674 3918 insi-

56 3970 139 4029 equa
153 3957 313 4030 Apostolus
324 3957 363 4013 ad
378 3957 495 4012 Galatas
506 3955 575 4012 dicit
591 3973 596 4011 :
615 3954 788 4012 Currebatis
842 3949 952 4018 dietus,
972 3953 1006 4006 ut
1016 3948 1123 4022 rapiat,
1143 3953 1188 4005 est
1200 3948 1365 4020 agendum,
1380 3965 1461 4023 qua,
1477 3949 1547 4008 licet
1559 3950 1675 4025 peceati

56 4047 121 4118 pais
136 4061 185 4104 vos
197 4048 351 4118 impertivit
365 4048 474 4116 (Gelai.
500 4047 537 4116 v),
551 4045 582 4101 ld
596 4049 649 4115 est,
666 4060 684 4101 a
699 4059 789 4100 cursu
841 4039 959 4098 initium
971 4040 1069 4110 tuerit,
1094 4062 1107 4088 v
1123 4043 1235 4107 nmen,
1251 4059 1266 4089 r
1291 4043 1323 4095 ut
1349 4039 1391 4097 ait
1414 4038 1520 4097 beatus
1536 4041 1673 4113 Augusti-

56 4138 76 4191 rt
89 4149 178 4209 opere
193 4140 273 4192 recto
289 4136 459 4195 convertit?
473 4134 644 4208 ilisnntqui
659 4148 788 4207 sequen·
841 4146 911 4199 nus,
925 4153 940 4180 «
967 4129 1067 4204 prima
1088 4129 1152 4201 brit,
1181 4133 1209 4186 et
1230 4128 1335 4186 ultima
1358 4129 1513 4188 delebitur:
1541 4133 1608 4189 ltoee
1627 4137 1674 4189 est

56 4223 104 4280 bin
119 4240 219 4295 regem
233 4231 316 4294 hsor,
333 4226 363 4282 id
388 4230 440 4293 est,
456 4225 649 4299 prudentiam
669 4223 785 4280 mundi.
841 4236 910 4294 que
923 4220 1080 4277 saeeulares
1090 4218 1223 4293 possidet
1236 4221 1265 4274 et
1277 4218 1381 4275 retinet
1394 4237 1401 4286 ;
1416 4219 1533 4276 noviter
1547 4234 1672 4277 eonver-

56 4311 134 4370 leant
147 4313 236 4385 igitur
251 4315 308 4372 sibi
317 4316 410 4373 hemo
422 4316 544 4373 interior
558 4318 587 4370 et
600 4313 736 4382 exterior,
755 4317 788 4369 ut
843 4327 892 4367 sos
905 4314 994 4367 vexat
1010 4315 1040 4366 et
1052 4313 1182 4379 revocat,
1197 4308 1293 4379 justos
1307 4323 1379 4364 vere
1392 4310 1485 4365 tentat
1496 4314 1524 4364 et
1533 4308 1638 4367 illudit.
1654 4328 1669 4361 n

56 4403 101 4461 rtis
115 4403 291 4478 hujusmodi
310 4407 446 4463 hostibus
475 4422 569 4480 equos
594 4421 699 4464 eorum
715 4403 785 4460 sub·
801 4368 823 4424 D
845 4398 1082 4456 insecutoribus
1096 4401 1230 4473 apparet,
1246 4396 1278 4454 in
1291 4396 1407 4453 noviter
1422 4395 1574 4453 conversis
1588 4396 1671 4452 nete

56 4508 155 4551 renen
168 4495 318 4562 differant,
344 4495 438 4551 sedet
459 4511 563 4552 currus
588 4509 692 4552 eorum
717 4494 786 4564 igne
843 4493 899 4559 tur,
916 4493 944 4545 et
957 4487 989 4544 in
1003 4486 1150 4559 religiosis
1160 4485 1347 4560 quandoque
1370 4483 1450 4543 latet
1478 4483 1671 4542 secularium

56 4587 145 4640 arant.
160 4587 209 4640 Est
220 4583 251 4638 in
266 4584 323 4639 hoc
336 4583 465 4640 exercitu
479 4584 614 4640 elationis
626 4598 740 4655 currus,
755 4585 787 4640 in
841 4583 957 4636 mentes
973 4593 1027 4652 per
1040 4576 1223 4634 voluntatem
1237 4574 1393 4647 inhabitat,
1421 4574 1453 4632 tn
1467 4572 1583 4631 noviter
1602 4576 1671 4628 een·

56 4688 81 4729 rr
95 4672 321 4729 similitudinem
336 4677 416 4729 rotas
431 4673 543 4745 quibus
555 4673 674 4741 teratur,
691 4689 786 4746 equos
841 4668 934 4725 versis
948 4683 984 4724 ex
999 4667 1179 4740 praecedenti
1193 4682 1250 4723 usu
1276 4664 1400 4733 redolet,
1430 4663 1575 4735 religiosis
1588 4675 1672 4720 men·

56 4777 123 4819 sum
137 4763 268 4832 trahant,
284 4762 421 4834 aurigam
449 4761 501 4836 qui
523 4764 617 4832 regat,
638 4763 727 4835 quive
741 4780 786 4821 se·
842 4758 920 4814 tibus
947 4772 1001 4829 per
1024 4757 1249 4827 suggestionem
1276 4770 1307 4810 se
1332 4753 1488 4810 interserit.
1511 4750 1671 4811 insidiatur

56 4853 150 4927 nlpso
165 4868 265 4925 eumn,
279 4853 433 4923 assignare
444 4866 616 4924 pessumus.
843 4845 1046 4913 secularibus,
1083 4850 1116 4902 ut
1139 4845 1170 4902 in
1188 4860 1282 4917 pravo
1308 4841 1545 4914 comprehendet
1568 4854 1669 4917 apere,

520 4997 525 5009 ¹
571 4997 576 5008 ,
840 4933 986 5004 religiosis
998 4947 1069 4990 vero
1091 4932 1249 4990 insidietur
1260 4946 1314 5004 per
1340 4929 1467 5003 gloriam
1493 4929 1591 4990 laudis
1612 4931 1670 4988 hu*

147 5002 214 5055 Cli·
228 5002 272 5056 Ἦ·
287 5000 332 5056 De
343 5014 437 5057 cm
451 5000 599 5055 ⁶²⁰²²⁰m³·
840 5039 951 5081 manee.
975 5020 1141 5092 Eleazarus,
1167 5026 1200 5078 ut
1235 5020 1366 5079 veridice
1399 5020 1502 5080 namet
1535 5021 1668 5087 historia,

57 5126 125 5180 tuor
139 5122 220 5180 enlm
232 5123 361 5196 suntqui
373 5123 495 5179 trallunt
509 5134 630 5177 eurmm
640 5118 785 5186 elationis,
841 5112 1030 5186 elephantem
1046 5110 1164 5179 occidit,
1186 5114 1215 5168 et
1242 5109 1359 5168 occisus
1383 5110 1424 5168 ab
1451 5109 1607 5184 elephante
1630 5110 1670 5167 le

79 5227 166 5269 amor
194 5212 382 5279 dominandi,
413 5226 499 5268 amor
524 5206 785 5283 proprietaneis,
841 5204 920 5276 gitur
929 5218 1003 5260 esse.
1020 5201 1129 5260 Cecidit
1138 5201 1219 5260 enim
1234 5200 1355 5276 elephas
1375 5213 1466 5275 snper
1485 5201 1668 5267 metretam,

55 5307 146 5377 nptus
158 5306 187 5359 et
198 5302 409 5369 inobedientia,
427 5304 506 5358 ltotre
516 5314 588 5355 vero
599 5303 668 5354 sunt
675 5299 788 5370 jactan-
841 5299 870 5352 et
884 5292 963 5350 mole
974 5292 1020 5349 sui
1034 5293 1168 5366 eorporis
1193 5293 1344 5367 oppressit
1368 5300 1438 5348 eum
1464 5291 1493 5360 ll
1505 5282 1604 5346 Mart.
1616 5293 1666 5357 tr).

58 5391 134 5449 entis
162 5396 191 5447 et
217 5391 398 5462 arrogantia,
428 5389 591 5446 verbositas
616 5392 645 5444 et
671 5387 785 5444 levitas.
842 5388 894 5442 Per
910 5383 1080 5441 Eleazarum
1103 5383 1144 5439 ilii
1166 5383 1362 5453 designantur
1384 5379 1436 5454 qui
1457 5377 1669 5435 manditastus

55 5479 109 5538 tin
123 5482 181 5538 hoc
201 5496 290 5538 curru
304 5484 402 5554 potest
416 5494 480 5535 esse
494 5478 614 5552 spiritus
630 5473 786 5549 superbire.
841 5475 1001 5548 repudiant
1026 5489 1080 5547 per
1104 5473 1313 5531 humilitatem
1339 5466 1394 5525 Per
1419 5468 1608 5542 elephantem
1622 5482 1670 5525 su·

55 5571 228 5630 irasmundi
241 5570 373 5645 suntqui
401 5569 535 5625 teruntur
561 5568 592 5624 in
614 5564 673 5623 hoc
688 5580 787 5623 curru.
842 5563 948 5635 perbis
982 5563 1088 5621 mundi
1123 5564 1314 5635 designetur.
1351 5561 1427 5616 lium
1460 5557 1541 5614 enim
1581 5558 1668 5617 vestis

56 5672 89 5721 ss
112 5667 182 5721 sunt
202 5664 281 5736 equi,
304 5660 452 5720 volubiles
477 5663 560 5739 rote,
588 5656 695 5728 auriga
722 5667 789 5730 per·
843 5652 1035 5727 asperitatem
1059 5653 1186 5712 libenter
1210 5652 1351 5727 putenm,
1367 5646 1442 5706 dum
1465 5651 1570 5708 moues
1587 5656 1669 5708 atna-
