3742 6082
35 188 45 199 .
110 151 174 204 soar
584 142 755 198 irrnunrx
773 138 821 193 uo
840 131 993 190 uucours
1013 115 1360 192 ornaa'noorniuca.
1768 136 1826 191 ron

108 289 178 332 mus
191 284 320 345 pannos,
336 266 411 324 dum
433 265 542 329 vilibus
563 267 676 322 utimur
705 264 790 333 cibis,
809 259 883 317 dum
898 257 976 314 let-A
995 263 1096 317 caecat.
1126 259 1217 327 Quasi
1245 258 1325 315 enim
1351 258 1423 314 nido
1442 257 1642 315 hirundinum
1658 259 1828 333 suppositus

108 362 182 421 bore
193 359 306 417 callosa
320 356 438 431 squalet
450 373 572 426 manus,
600 359 628 412 et
642 355 718 411 cutis
733 353 841 423 frigore
854 349 938 419 riget,
994 349 1114 417 dormit,
1130 348 1305 423 quilevitati
1319 364 1354 404 ac
1369 348 1516 421 superbiae
1543 352 1680 405 mentem
1693 348 1830 407 incautus

108 455 138 510 ct
152 450 214 508 sole
223 447 374 519 nigrescit,
400 449 470 502 tunc
486 445 643 502 Eleazarus
669 443 777 501 occidit
802 439 941 513 clephan·
995 438 1124 510 subjicit.
1142 461 1156 488 »
1170 438 1218 495 His
1232 454 1304 509 ergo
1320 437 1418 493 modis
1436 437 1579 510 superbia
1594 437 1755 510 religiosos
1768 439 1830 496 illu-

107 542 179 599 tem.
196 541 358 597 Cumvero
376 535 406 591 in
430 535 608 607 hujusmodi
637 533 719 604 vulgi
740 533 874 589 favorem
890 532 941 585 aut
993 527 1046 596 dit,
1061 544 1167 600 «quae,
1184 531 1216 584 ut
1230 527 1271 584 ait
1284 527 1391 583 beatus
1405 527 1604 598 Augustinus,
1634 527 1729 584 etiam
1746 527 1831 585 bonis

107 627 231 687 laudem
242 624 415 700 quaerimus,
432 627 503 680 tunc
521 622 694 680 Eleazarum
713 621 824 678 cadens
839 617 940 692 oppri-
994 616 1152 673 insidiatur
1167 621 1200 673 ut
1213 622 1346 690 pereant.
1365 635 1380 669 s
1406 616 1486 673 Sicut
1505 616 1610 673 fratres
1635 616 1728 689 longe
1744 634 1832 692 supe-

107 717 163 775 mit
177 714 309 788 elephas.
325 715 358 769 Et
367 711 491 785 pulchre
504 728 558 786 per
584 712 773 786 elephantem
796 709 941 780 figuratur
993 705 1054 761 rius
1069 705 1107 762 do
1122 705 1242 762 duobus
1256 704 1344 762 sociis
1359 704 1489 761 discreto
1504 710 1532 760 et
1544 705 1705 762 indiscreto
1714 706 1830 763 evenire

109 803 260 879 superbia,
280 802 435 876 utriusque
472 802 553 858 enim
578 805 687 858 natura
711 799 838 856 similem
864 800 942 853 tenet
993 811 1084 868 posse
1097 796 1342 865 monstravimus,
1370 795 1412 850 sic
1438 795 1532 851 homo
1546 795 1669 852 interior
1683 796 1829 870 superbie

108 892 369 967 compositionem.
386 890 559 964 Elephantis
573 894 684 946 natura
712 888 777 944 talis
791 904 855 943 esse
871 885 941 941 dici·
994 884 1108 957 insidiis
1120 885 1270 954 resistens,
1298 884 1464 940 mundanae
1491 884 1659 958 prudentiae
1681 902 1828 959 respuens

107 985 167 1052 tur,
183 985 216 1038 ut
228 996 298 1038 ossa
312 995 435 1036 crurum
446 978 525 1034 illius
533 977 680 1051 juncturis
691 980 820 1043 careant,
833 979 861 1030 et
874 973 940 1029 ideo
994 974 1366 1047 munera,pulehritudinis
1375 973 1549 1047 temporalis
1561 990 1622 1030 non
1634 975 1828 1047 acquiescens

107 1070 226 1130 flectere
239 1086 328 1127 crura
344 1084 399 1124 sua
413 1071 557 1142 nequeat,
574 1067 628 1123 sed
655 1071 709 1123 stet
722 1081 850 1138 semper,
865 1068 893 1120 ct
917 1062 941 1117 si
994 1063 1218 1131 blandimentis,
1239 1064 1443 1120 delectationis
1471 1064 1600 1121 carnalis
1628 1065 1729 1120 minas
1748 1082 1828 1139 sper-

108 1159 273 1234 aliquando
287 1157 418 1231 quictem
431 1156 548 1231 corpori
564 1173 619 1212 suo
632 1155 702 1214 uelit
714 1151 941 1222 inlerre,stando
993 1171 1081 1224 nens,
1092 1155 1207 1211 socium
1217 1154 1516 1211 videliccthominem
1527 1155 1705 1212 exteriorem
1718 1162 1825 1224 moret,
1870 1143 1871 1188 1

107 1251 185 1309 latus
200 1248 377 1306 inclinatad
408 1248 558 1316 arborem,
588 1247 629 1304 sic
645 1251 673 1304 ct
688 1262 794 1303 somno
814 1244 904 1299 utitur
913 1246 941 1297 et
994 1260 1029 1299 ac
1040 1245 1175 1299 hortatur
1188 1243 1227 1298 ad
1242 1259 1388 1316 pugnam,
1405 1244 1495 1299 trahit
1506 1244 1545 1300 ad
1559 1243 1732 1317 praemium.
1750 1245 1827 1301 Unde

109 1339 219 1414 quiete.
236 1338 291 1396 Sed
308 1337 446 1394 homines
467 1337 596 1408 regionis
625 1337 703 1393 illius
727 1337 757 1392 in
781 1351 843 1408 qua
855 1332 941 1389 habi-
994 1331 1141 1388 Eusebius
1154 1332 1342 1388 Caesariensis
1359 1349 1365 1387 :
1384 1331 1548 1404 ‹Suscipe,
1563 1332 1672 1406 inquit,
1695 1332 1825 1401 Domine,

107 1433 173 1487 tant
185 1427 362 1500 hujusmodi
379 1427 493 1494 bestiae,
508 1426 538 1482 in
552 1426 600 1483 die
616 1426 711 1482 solent
720 1424 859 1481 arborem
874 1438 941 1477 suc·
995 1421 1150 1491 geminum
1161 1421 1270 1476 animae
1286 1420 1447 1494 carnisque
1458 1421 1611 1477 servitium
1629 1440 1635 1489 ;
1653 1425 1680 1477 te
1693 1421 1776 1478 enim
1786 1423 1826 1494 ju

109 1517 218 1591 cidere,
231 1520 264 1574 ut
278 1533 348 1573 oum
362 1519 450 1572 nocte
459 1514 583 1581 venerit,
600 1513 689 1570 cadat
702 1518 837 1586 uterque,
854 1515 883 1566 ct
896 1510 941 1565 in·
994 1509 1082 1565 bente
1098 1513 1126 1564 et
1141 1509 1313 1577 auxiliante,
1331 1525 1525 1565 communem
1544 1510 1664 1566 hostem
1677 1511 1825 1567 communi

109 1605 271 1663 terficiatur
286 1605 417 1678 elephas.
429 1607 591 1676 Utrumque
600 1604 651 1658 tit:
669 1602 830 1657 succiditur
840 1600 939 1669 arbor,
960 1616 981 1671 Β
995 1598 1161 1655 intentione
1173 1598 1351 1654 devicimus.
1369 1620 1383 1648 u
1400 1598 1493 1655 Habet
1506 1599 1596 1671 igitur
1611 1599 1759 1672 speciales
1772 1599 1824 1655 hu·

109 1697 139 1750 et
151 1693 325 1750 interficitur
339 1693 443 1748 bestia.
458 1695 577 1748 Cuncta
603 1692 659 1747 ista
673 1690 820 1764 superbiae
833 1705 940 1746 conre-
995 1693 1060 1744 ctus
1076 1687 1221 1759 fragilitas
1242 1686 1375 1761 corporis
1388 1688 1528 1759 mei.Ego
1543 1688 1704 1761 intellectu,
1721 1689 1825 1746 discre-

109 1781 206 1849 niunt,
223 1785 252 1837 et
265 1780 332 1837 talis
347 1784 392 1838 est
407 1781 471 1852 ejus
485 1779 674 1853 compositio,
695 1780 826 1837 Membra
839 1795 942 1853 super·
995 1779 1084 1849 tione,
1100 1778 1224 1835 consilio
1235 1777 1424 1851 spiritualiter
1435 1782 1540 1836 contra
1548 1779 1740 1836 adversarios
1750 1780 1823 1849 steti;

109 1868 168 1927 biae
182 1868 356 1925 inflexibilia
371 1872 450 1925 sunt.
475 1872 550 1925 Cum
566 1869 646 1924 euim
672 1868 779 1942 aliquis
794 1869 942 1942 superbus
995 1884 1065 1924 caro
1081 1868 1145 1924 haec
1161 1867 1366 1941 corporaliter,
1381 1867 1480 1941 operis
1494 1868 1614 1936 sudore,
1629 1868 1789 1926 sobrietate
1802 1873 1825 1925 et

109 1957 252 2032 loquitur,
266 1958 291 2012 si
303 1957 443 2029 imponas
462 1958 489 2012 ei
518 1957 679 2026 silentium,
693 1974 755 2014 non
771 1958 941 2031 acquiescit,
993 1956 1114 2030 jejuniis
1139 1956 1300 2013 dimicavit.
1323 1980 1337 2005 «ι
1356 1957 1571 2013 Laborandum
1586 1957 1698 2031 itaque,
1715 1981 1729 2008 u
1744 1962 1778 2014 ut
1789 1958 1825 2014 in·

109 2047 171 2113 aed,
188 2048 221 2102 ut
231 2045 273 2102 ait
288 2044 441 2114 Salomon,
458 2050 551 2102 totum
566 2048 706 2116 spiritam
724 2064 810 2103 suam
823 2049 943 2118 profert
994 2047 1059 2121 quit
1075 2047 1155 2102 idem
1170 2045 1314 2102 Eusebius
1343 2046 1544 2118 Caesariensis,
1562 2067 1576 2100 ι
1591 2052 1620 2103 et
1633 2048 1703 2104 totis
1719 2047 1824 2104 viribus

109 2136 221 2193 stultus
249 2134 350 2207 (Pron.
379 2135 471 2206 xxix).
499 2135 527 2192 Si
547 2135 621 2192 dum
650 2136 941 2194 confabulationibus
997 2135 1151 2208 utriusque
1160 2133 1292 2191 hominis
1304 2135 1481 2191 luctandum
1494 2138 1584 2204 estut
1593 2136 1693 2208 magis
1703 2136 1826 2194 nobilior

95 2240 216 2282 -aurem
231 2223 346 2298 praebet
371 2224 584 2297 reprehendas,
610 2226 756 2299 negligit;
786 2227 810 2282 si
829 2227 943 2300 aliquid
995 2224 1094 2298 portio
1110 2223 1280 2280 inferiorem
1302 2225 1341 2280 ad
1355 2225 1499 2281 coelorum
1514 2226 1749 2283 secumexcclsa
1768 2243 1825 2282 sus-

110 2317 251 2388 operatur
260 2317 289 2370 et
299 2313 488 2384 contradicis,
498 2329 560 2371 non
570 2320 709 2388 cessat,et
722 2316 764 2373 sic
776 2317 840 2389 ejus
855 2333 942 2372 crura
996 2314 1088 2382 tollat,
1105 2330 1199 2387 quam
1214 2319 1246 2370 ut
1260 2314 1383 2371 inferior
1396 2314 1580 2387 superiorem
1591 2315 1622 2371 in
1637 2315 1749 2372 inferni
1763 2331 1825 2390 pro·

110 2402 189 2460 flecti
199 2406 364 2476 nequeunt.
382 2405 471 2459 Actus
483 2404 629 2476 superbiae
645 2421 764 2478 semper
779 2409 846 2473 stat,
859 2408 891 2460 ut
904 2406 941 2461 dc
996 2403 1090 2459 lunda
1104 2402 1269 2473 demergat,
1283 2426 1297 2454 »
1313 2407 1404 2460 Datur
1416 2403 1581 2478 igiturpost
1591 2404 1748 2462 victoriam
1760 2421 1827 2480 prae

110 2491 268 2566 elephante
280 2491 421 2560 diximus,
437 2492 489 2548 sed
503 2492 556 2565 qui
579 2493 621 2549 sic
636 2497 703 2562 stat,
720 2494 798 2550 male
814 2497 880 2550 stat.
897 2494 941 2549 Ad
995 2491 1102 2560 mium,
1118 2490 1207 2548 datur
1217 2492 1334 2566 utrique
1347 2491 1506 2548 haereditas
1521 2493 1616 2564 regni,
1632 2498 1753 2550 aeternae
1764 2494 1826 2550 bea·

109 2579 610 2656 propriam'voluntatemquasiad
621 2584 843 2642 arboremlatus
856 2583 941 2640 incli-
995 2580 1129 2637 titudinis
1150 2581 1309 2655 praemium
1335 2581 1470 2652 largitur,
1487 2585 1516 2636 ot
1529 2581 1570 2637 sic
1597 2582 1691 2639 homo
1706 2583 1828 2639 exterior

110 2673 163 2728 nat
177 2670 336 2744 superbus,
352 2673 385 2727 ut
398 2670 530 2744 quietem
545 2671 677 2746 recipiat.
695 2674 780 2738 Quod
796 2674 876 2729 euim
888 2690 942 2747 per
995 2668 1128 2725 interiori
1142 2668 1321 2739 congaudet,
1337 2668 1368 2724 id
1393 2674 1447 2737 est,
1475 2685 1545 2725 caro
1572 2669 1742 2741 glorificata
1761 2688 1827 2728 con·

110 2758 338 2832 dispositionem
344 2759 474 2832 propriae
486 2759 648 2817 voluntatis
663 2760 942 2835 agimushocquie-
996 2759 1163 2830 gratulatur
1177 2758 1302 2832 spiritui,
1319 2759 1522 2832 quianullum
1547 2761 1748 2834 corruptionis
1766 2778 1828 2818 am-

108 2851 140 2905 to
153 2848 334 2922 suscipimus
341 2848 461 2918 animo;
474 2848 499 2904 si
511 2853 612 2906 autem
622 2849 705 2906 aliter
715 2851 877 2924 ordinetur,
885 2868 940 2925 pro
995 2849 1075 2922 plius
1085 2853 1238 2921 exspectat
1247 2849 1408 2920 jacturam.

108 2934 213 2993 labore
234 2939 397 3010 reputatur.
415 2937 590 2994 Succidatur
604 2938 692 3008 igitur
707 2939 797 2996 arbor
811 2942 940 3015 propriae
956 2977 976 3034 C
997 2941 1063 2995 Car.
1076 2940 1144 2993 Vlll.
1161 2938 1311 3005 Quomodo
1325 2940 1471 3009 marcescat
1484 2940 1825 3008 speluncaiotronumet

108 3024 281 3094 voluntatis,
298 3029 330 3082 ut
344 3025 432 3083 cadat
445 3031 473 3083 et
487 3027 641 3083 occidatur
663 3027 757 3086 bestia
780 3029 939 3102 superbiae.
1031 3028 1135 3083 domas
1143 3029 1354 3098 negotiationis
1365 3034 1392 3086 et
1406 3030 1571 3085 meretricis
1580 3030 1793 3099 prostibulam.

110 3113 178 3184 Sed,
195 3114 381 3185 uidiximuS,
398 3117 568 3172 carendum
589 3122 633 3173 est
655 3117 753 3187 nobis,
769 3135 807 3174 ne
828 3119 939 3175 cadens
1032 3116 1089 3173 Sed
1104 3116 1299 3190 quandoque,
1327 3117 1441 3186 fratres,
1468 3122 1500 3173 ut
1527 3117 1667 3191 superius
1687 3119 1824 3186 diximus,

109 3203 261 3277 opprimat
274 3203 415 3278 aliquem.
444 3206 489 3262 Sic
504 3206 593 3278 igitur
605 3209 721 3264 noviter
731 3210 882 3265 conversis
895 3210 940 3265 in·
995 3206 1179 3263 contrarium
1195 3207 1348 3277 contingit,
1379 3212 1407 3264 et
1421 3207 1568 3263 miramur
1585 3208 1745 3280 quomodo
1760 3223 1826 3265 con·

108 3292 234 3348 sidietur
248 3292 399 3365 superbia.
409 3294 566 3366 Religiosis
578 3312 648 3353 vero
658 3297 753 3354 tribus
762 3298 861 3355 modis
871 3298 940 3354 insi·
994 3294 1098 3366 tingat.
1116 3295 1187 3361 Quis
1211 3296 1291 3352 enim
1315 3313 1377 3352 non
1407 3295 1530 3353 miretur
1545 3295 1760 3355 abindiscreto
1773 3297 1826 3353 dis·

108 3381 226 3438 dictur:
243 3385 313 3439 tunc
329 3382 438 3440 seilicet
453 3401 523 3442 cum
541 3386 649 3459 aliquis
660 3404 691 3443 sc
702 3388 784 3444 solus
793 3388 941 3444 existimat
995 3385 1110 3455 cretum
1122 3382 1229 3455 decipi,
1242 3383 1357 3457 epigro
1372 3382 1479 3439 fortem
1507 3383 1643 3456 superari
1657 3386 1770 3458 posse?
1785 3383 1827 3440 lli·

108 3484 173 3526 esse
179 3469 305 3541 justum,
322 3470 369 3528 rol
387 3473 512 3545 quando
527 3472 655 3529 nimium
670 3474 707 3532 de
720 3476 835 3547 justitia
847 3477 939 3533 confi·
994 3470 1190 3526 131111111111110
1205 3471 1342 3527 ordinem
1355 3472 1632 3541 ssaiuroe‚fflil'afflur
1647 3477 1677 3529 θῐ
1691 3473 1825 3541 modum,

107 3557 160 3628 dit,
171 3559 218 3615 vel
228 3560 352 3633 quando
368 3567 466 3619 cessat
480 3563 586 3619 abono
602 3565 783 3637 opere.Elias
796 3582 827 3622 se
841 3566 940 3622 solum
996 3560 1165 3616 succumbit
1177 3560 1262 3630 111110,
1276 3560 1450 3618 dominatur
1474 3562 1655 3631 animalitas,
1672 3562 1826 3620 1111111111ὓῦ

105 3648 222 3721 justum
234 3666 299 3709 esse
313 3653 497 3722 existimans,
521 3653 551 3708 in
578 3654 643 3710 haec
667 3655 758 3712 verba
779 3657 938 3730 prorupit:
996 3649 1093 3705 carnis
1113 3648 1362 3723 11111111111111111111
1381 3650 1529 3720 1111111111,
1546 3651 1827 3724 11111111011111110·

106 3739 243 3811 Domine,
260 3742 374 3799 altaria
386 3748 440 3799 tac
458 3742 678 3817 subverterunt,
686 3747 852 3816 prophetas
876 3753 941 3803 taos
995 3739 1256 3808 minus‚11lhosiis
1269 3740 1438 3813 recipiatur·
1464 3742 1540 3797 Proh
1565 3741 1676 3799 (101011
1698 3741 1826 3798 1111111111

107 3829 293 3900 redderent,
307 3837 334 3888 rt
347 3847 399 3904 ego
415 3834 723 3891 remancieoiasinter
737 3850 785 3890 eos
800 3837 939 3907 (Illlieg.
996 3829 1127 3885 Christus
1157 3832 1186 3884 θῑ
1213 3845 1275 3884 non
1303 3829 1422 3886 timetur
1439 3849 1445 3897 ;
1474 3827 1627 3904 1116111111,
1644 3835 1674 3888 el
1688 3848 1752 3888 non
1767 3847 1825 3888 CN·

106 3922 181 3988 xix).
198 3919 251 3977 Cui
265 3919 410 3977 Dominus
426 3921 616 3995 respondisse
625 3922 733 3992 legitur
747 3939 754 3977 ε
768 3924 941 3982 Adharres·
995 3917 1074 3973 ditur
1099 3917 1144 3987 1ῑὶ
1174 3918 1339 3989 blanditur,
1365 3925 1393 3977 ⁰1
1418 3922 1536 3995 PflJ'Ol'es
1564 3920 1721 3979 efficifflur·
1752 3920 1824 3989 Quid

108 4011 295 4079 taatseptem
305 4010 414 4077 millia,
430 4011 483 4080 qai
496 4017 941 4082 coacervaverantgenaasua
995 4006 1139 4080 ptomitfit
1168 4008 1330 4066 Christus?
1351 4011 1444 4067 vitam
1472 4017 1625 4068 [eternam.
1641 4011 1719 4075 Quid
1734 4011 1825 4068 11111111·

108 4097 269 4155 antcBaci
288 4095 396 4168 iibfdl·
411 4098 513 4152 Petrus
528 4113 600 4154 vero
615 4098 745 4155 nimium
758 4101 942 4158 confidenter
995 4100 1042 4151 1111
1056 4095 1070 4149 1
1084 4095 1186 4166 ignem
1205 4102 1360 4156 1116111111-
1378 4101 1535 4166 Quomodo
1557 4099 1710 4156 1111111111
1725 4102 1740 4157 ’1
1762 4119 1825 4158 0¹⁵·

107 4185 237 4261 loquens
251 4185 294 4242 ait
309 4205 316 4242 ε
332 4187 592 4256 Etsioportuerit
607 4191 746 4245 memori
760 4195 865 4257 tecam,
881 4208 941 4248 nora
994 4185 1144 4257 peclasstlo
1165 4202 1219 4259 per
1251 4188 1501 4246 misericordiam·
1542 4190 1826 4263 1101111111111111111

109 4275 264 4348 tenepabo
279 4275 544 4349 (Matth.xxv1).Et
563 4280 666 4333 tamen
690 4279 820 4351 negavit,
832 4283 860 4335 ct
874 4280 941 4338 ideo
995 4279 1152 4347 pervertat,
1167 4277 1220 4332 sed
1237 4283 1398 4336 convertat.
1428 4279 1548 4352 Ejicitur
1562 4283 1673 4349 tamen,
1690 4285 1719 4337 et
1733 4282 1824 4338 conti-

107 4360 237 4419 nimium
249 4361 368 4419 locutus
381 4367 425 4419 est
450 4363 644 4420 confidenter.
659 4365 766 4422 Tobias
781 4367 848 4424 illos
863 4368 941 4425 desi·
995 4365 1037 4435 git
1050 4363 1124 4420 illud
1136 4365 1220 4437 quod
1235 4366 1380 4440 scriptum
1407 4370 1496 4427 estin
1522 4369 1679 4442 Evangelio
1694 4388 1702 4427 ι
1715 4372 1824 4428 Domus

108 4453 183 4518 gnat
197 4449 249 4520 qui
262 4454 382 4508 cessant
397 4451 508 4507 abono
522 4467 622 4525 opere.
637 4455 785 4527 Scriptum
800 4459 880 4514 enim
898 4464 942 4516 est
995 4469 1059 4511 raca
1070 4455 1173 4510 (tomus
1184 4457 1329 4514 orationis
1351 4460 1517 4531 vocabitur,
1534 4476 1583 4517 vos
1604 4466 1705 4517 cutem
1714 4463 1824 4532 secutis

108 4532 483 4607 deTobiazFatigatasa
509 4541 668 4609 sepultura
690 4545 940 4614 Tarracinensem
994 4544 1166 4613 speluncam
1197 4546 1349 4604 latronum
1363 4550 1482 4620 (Mutila.
1494 4550 1566 4621 xxi).
1581 4549 1623 4605 Fit
1636 4549 1727 4620 igitur
1741 4566 1824 4606 meus

107 4621 229 4679 donum
243 4635 339 4692 suam,
354 4630 382 4681 et
398 4640 464 4682 cam
484 4629 631 4697 jactasset
645 4645 676 4688 se
684 4634 778 4702 Juuta
797 4638 940 4706 parietem
993 4633 1152 4689 hominum
1168 4637 1352 4711 quandoque
1381 4639 1526 4711 spelunca
1550 4638 1714 4710 latronum,
1730 4639 1766 4695 tit
1776 4640 1824 4696 do

109 4716 137 4769 et
152 4709 356 4784 obdormisset,
372 4728 410 4770 ec
423 4715 494 4772 nido
511 4716 553 4772 hir
562 4717 709 4776 audinum
724 4723 825 4781 calida
835 4731 942 4783 sterco-
995 4739 1063 4778 mus
1084 4724 1305 4797 negotiationis,
1318 4726 1352 4783 lit
1366 4727 1528 4784 meretricis
1547 4728 1761 4801 prostibulum.
1786 4729 1824 4786 Fit

108 4815 146 4858 rc
165 4799 336 4858 ceciderant
358 4804 390 4860 ia
410 4806 511 4862 oculos
534 4808 608 4876 ejice,
626 4813 654 4863 et
667 4811 769 4880 sactus
784 4818 826 4868 cst
846 4829 941 4870 caecus
996 4812 1139 4885 spelunca
1151 4814 1314 4884 latronum,
1329 4816 1453 4890 quando
1468 4817 1576 4890 abquis
1588 4816 1753 4874 inridendo
1767 4818 1822 4875 ira·

108 4890 193 4960 (ch.
207 4890 248 4962 ιι).
262 4893 336 4949 Cum
351 4891 490 4965 aliquisa
515 4895 597 4954 bono
619 4914 711 4972 opere
738 4905 843 4970 cessat,
873 4907 941 4958 tunc
995 4903 1032 4958 tri
1055 4919 1109 4958 suo
1122 4908 1156 4960 ut
1179 4905 1316 4961 detrahat
1329 4906 1495 4980 insidiatur,
1520 4906 1704 4964 etvirtutum
1719 4908 1823 4982 spoliat

109 4977 219 5038 Tobias
229 4978 369 5051 fatigatus
382 4984 566 5057 saepultura
572 4986 653 5043 venit
663 4987 693 5043 in
704 4989 832 5045 domum
842 5007 940 5048 suam.
995 4991 1237 5049 indumentis.Fit
1249 4993 1358 5050 domus
1367 4996 1716 5071 negotiationis,quando
1728 4997 1822 5072 proiis

110 5072 225 5128 Domus
237 5069 335 5128 Tobiae
349 5073 631 5132 moralitercarnem
644 5081 778 5134 nostram
793 5080 940 5152 designat.
996 5097 1063 5153 quae
1074 5081 1203 5152 agimus,
1213 5083 1458 5142 humanifavoris
1474 5085 1574 5143 lorum
1586 5086 1821 5161 frequentamus,

110 5159 203 5218 Nidus
217 5159 425 5233 hirundinum,
435 5163 487 5235 qui
498 5179 534 5220 ex
544 5165 607 5221 luto
618 5165 775 5224 conficitur
787 5173 816 5225 ot
829 5185 865 5226 ex
875 5171 943 5244 plu·
997 5170 1144 5227 etibidem
1160 5176 1291 5228 ementes
1309 5175 1522 5245 attendentes,
1537 5176 1660 5233 laudem
1673 5193 1730 5250 pro
1745 5179 1821 5235 bono

110 5248 169 5304 mis
183 5247 298 5306 levibus
326 5249 407 5308 intus
422 5254 557 5325 paratur,
572 5252 798 5311 delectationem
813 5262 943 5314 terrena·
996 5274 1085 5331 opcre
1095 5259 1183 5332 quasi
1191 5260 1270 5318 stulti
1280 5269 1460 5320 mercatores
1470 5264 1688 5337 recipimusl'it
1696 5265 1823 5323 meretri·

111 5350 181 5393 rum
194 5352 296 5394 rerum
309 5338 433 5411 pulchre
448 5339 645 5399 demonstrat.
675 5365 689 5394 a
705 5344 895 5415 Hirundines,
911 5351 945 5403 ut
996 5347 1038 5403 cis
1048 5348 1256 5420 prostibulum,
1272 5352 1395 5424 quando
1414 5353 1445 5409 in
1458 5352 1589 5410 thalamo
1604 5360 1695 5411 castae
1706 5356 1821 5423 mentis,

112 5425 153 5483 ait
167 5425 247 5483 Beda
263 5441 353 5496 rupo·
378 5428 508 5499 Tedium,
537 5435 659 5504 propter
685 5431 783 5486 levem
810 5434 944 5492 volatum
995 5436 1125 5510 lupanar
1136 5438 1302 5495 libidinosae
1316 5441 1519 5499 delectationis
1532 5443 1662 5514 erigitur.
1670 5448 1732 5501 Hoc
1742 5443 1823 5519 quod

114 5514 287 5611 superbiam
311 5516 408 5574 cordis
433 5519 646 5591 levitatemque
667 5518 799 5588 figurant
813 5539 943 5596 quarum
996 5527 1720 5603 dicosarcularcspertimescant‚etsimilitudinem
1732 5550 1824 5608 quam

113 5604 304 5665 immunditia
318 5606 474 5666 confestim
483 5624 536 5666 eos
558 5606 671 5680 quibus
686 5607 870 5683 dominatur,
891 5631 943 5672 ex·
996 5617 1824 5698 deduobussociisassignavimuspraetendantno,cum
