3742 6082
72 201 125 259 let
389 203 567 261 HUGONIS
584 203 638 261 DE
656 203 686 261 S.
706 201 876 260 VICTORI!
894 200 979 257 OPP.
1000 198 1101 256 PARS
1118 199 1157 255 11.
1171 229 1207 243 -
1224 195 1471 256 DOGMATICA.

72 345 148 386 smo.
164 328 315 402 Deinceps
329 335 431 387 autem
457 331 603 387 continuo
627 346 691 386 esse
706 345 775 384 reus
790 327 900 399 incipit
913 324 940 378 A
953 327 1039 379 trone
1053 322 1241 379 declaratum
1256 327 1311 379 est.
1330 322 1387 378 Sed
1415 325 1490 377 tunc
1511 320 1656 393 impletur
1672 323 1684 378 i

74 433 137 474 non
151 418 250 475 solum
266 420 528 493 consequentium,
545 420 597 475 sed
616 423 646 473 et
672 417 898 489 praeteritorum
953 412 1056 467 biliter
1070 412 1252 482 mysterium
1262 411 1419 483 baptismi,
1429 425 1497 465 cum
1509 425 1571 464 ncn
1585 414 1686 467 contet

72 506 202 577 dierum,
217 509 375 577 horarum,
385 504 827 575 momentorum,redeuntibus
839 520 898 559 om·
953 500 1110 571 religionis
1126 500 1178 556 sed
1191 499 1339 555 articulus
1350 499 1542 554 necessitatis
1552 498 1686 556 excludi

75 596 167 651 nibus
182 612 250 668 quac
265 597 391 652 dimissa
407 600 488 651 sunt.
504 595 563 650 Sed
578 596 634 650 hoc
650 611 710 651 non
727 594 898 651 secundum
953 590 1060 646 dicunt
1085 591 1210 662 quidam
1239 590 1297 645 boc
1323 593 1504 646 retractasse
1534 589 1686 660 Augustin

73 699 105 740 se
121 684 209 754 dixit,
227 701 294 740 cuin
309 684 459 739 Dominus
485 684 517 737 in
540 684 706 754 Evangelio
734 683 837 740 dicat:
864 685 899 737 Si
952 679 1035 751 quod
1049 679 1162 735 falsum
1174 681 1229 735 est.
1257 680 1326 735 Non
1340 679 1422 734 enim
1438 678 1624 733 sententiam
1640 681 1686 735 ret

75 787 140 828 uon
167 775 363 827 remiseritis
385 773 571 827 homiuibus
595 775 742 828 eucorde
765 776 899 842 peccata
952 769 1009 837 vit,
1021 768 1074 823 sed
1094 767 1267 840 exemplum
1292 768 1375 840 quod
1401 767 1437 822 de
1462 767 1581 822 latrone
1602 767 1686 823 indu:

75 876 198 928 eorum,
208 866 372 928 uecpatcr
386 866 490 915 vester
506 863 652 916 remittet
666 863 752 917 vobis
765 866 899 931 peccata
952 856 1146 928 Augustinus
1160 857 1193 912 in
1205 857 1284 913 libro
1304 855 1567 913 Retractationum
1584 872 1590 910 :
1605 855 1682 912 Cum

77 954 182 1002 uestra
200 950 311 1017 (iletre.
330 948 374 1017 rr).
400 948 435 1004 ld
458 964 579 1020 quoquc
607 950 801 1019 Augustinus
825 949 899 1005 alibi
953 961 1016 1001 rem
1032 945 1129 1001 vicem
1139 945 1286 1017 baptismi
1295 946 1468 1018 passionem
1479 960 1568 1017 posse
1583 945 1686 1002 habere

76 1035 167 1090 dicit:
182 1036 268 1090 Tunc
284 1036 383 1092 valere
396 1037 503 1108 incipit
517 1037 555 1091 ad
569 1036 697 1092 salutem
711 1039 897 1110 baptismus,
954 1035 1030 1090 satis
1044 1034 1188 1090 idoneum
1204 1036 1294 1106 posui
1314 1035 1486 1106 exemplum
1513 1035 1598 1090 iliius
1624 1034 1685 1091 latr

77 1140 145 1179 cunt
162 1123 214 1178 illa
229 1125 311 1179 tiotio
331 1126 431 1180 veraci
443 1126 633 1180 confessione
657 1127 823 1183 recesserit.
840 1127 898 1198 Op·
954 1125 1028 1196 quia
1040 1128 1145 1179 utrum
1161 1139 1222 1178 non
1248 1123 1341 1178 fuerit
1368 1124 1543 1195 baptizatus
1568 1124 1686 1180 incertu

76 1215 202 1284 ponitur
216 1213 292 1268 illud
308 1214 465 1285 Apostoli:
493 1218 684 1284 Quicunque
712 1218 748 1270 iu
773 1217 899 1271 Christo
953 1213 1115 1284 magisque
1128 1212 1320 1283 baptizatum
1334 1212 1429 1267 fuisse
1439 1211 1622 1267 credendum
1635 1215 1686 1268 est.

76 1303 236 1370 baptizati
247 1304 326 1357 estis
339 1304 502 1358 Christum
512 1305 672 1359 treduistis
683 1304 766 1375 (Gal.
783 1303 831 1373 111)
842 1303 899 1358 Sed
953 1301 1076 1356 brosius
1091 1300 1127 1355 de
1140 1301 1356 1356 Valentiniano
1377 1318 1382 1355 :
1397 1300 1540 1356 Ventrem
1560 1315 1662 1356 meum
1682 1320 1686 1352 t

75 1389 205 1445 dicimus
226 1391 259 1445 in
272 1391 394 1446 Christo
419 1391 568 1463 baptizari
589 1407 640 1447 eos
664 1393 766 1465 quiin
781 1392 898 1448 confor-
954 1392 984 1444 et
996 1390 1173 1461 prophetico
1186 1392 1256 1444 utar
1271 1389 1419 1461 exemplc,
1429 1390 1503 1461 quia
1520 1405 1611 1461 quem
1627 1405 1686 1461 reg«

75 1479 182 1534 mitate
194 1478 309 1534 Christi
329 1479 536 1552 baptizantur,
556 1483 592 1535 ut
610 1481 783 1537 moriantur
796 1486 898 1537 vetus·
954 1481 1043 1533 turus
1057 1493 1139 1533 eram
1155 1479 1256 1547 amisi,
1271 1477 1322 1532 ille
1337 1481 1440 1532 tamen
1452 1478 1583 1547 gratiam
1611 1493 1686 1550 quar.

75 1567 132 1622 tati
146 1568 271 1639 peccati,
284 1567 364 1623 sicut
375 1568 407 1622 in
422 1567 544 1624 Christo
556 1584 610 1640 per
623 1575 751 1625 mortem
760 1573 900 1626 vetustas
954 1567 1052 1638 poscit
1066 1581 1129 1621 non
1140 1566 1252 1622 amisit.
1269 1567 1341 1621 Istis
1350 1566 1587 1622 auctoritatibus
1600 1569 1686 1638 patet

73 1656 189 1727 peccati
211 1657 355 1711 crucifixa
376 1656 444 1711 fuit.
469 1657 663 1727 Augustinus
692 1657 781 1713 aliter
808 1658 901 1713 solvit
916 1667 940 1723 Β
956 1655 1069 1710 sufficit
1095 1654 1169 1710 tides
1193 1655 1260 1710 sine
1287 1656 1476 1710 sacramento
1503 1670 1564 1709 non
1595 1654 1686 1711 haber

74 1744 142 1812 hoc,
157 1743 280 1800 dicens:
297 1744 435 1800 Induunt
451 1749 553 1801 autem
577 1746 717 1801 homines
741 1745 898 1802 Christum
951 1747 1083 1814 tompus,
1099 1742 1181 1814 quod
1196 1745 1226 1797 et
1248 1743 1326 1798 ratio
1348 1743 1465 1814 probat.
1489 1741 1575 1805 Sicut
1599 1743 1682 1798 enim

75 1832 242 1904 aliquando
256 1848 353 1904 usque
373 1833 412 1888 ad
439 1835 622 1889 sacramenti
651 1834 897 1907 perceptionem,
951 1832 1063 1886 tismus
1077 1831 1277 1902 sinepropria
1301 1829 1359 1886 fide
1381 1829 1462 1886 valet
1484 1831 1622 1903 parvulis
1645 1845 1685 1887 nc

76 1919 242 1992 aliquando
257 1936 355 1992 usque
370 1921 409 1976 ad
422 1922 494 1977 vitae
509 1922 792 1993 sanctificationem,
806 1926 899 1996 atque
951 1920 1088 1976 lentibus
1102 1919 1213 1975 habere
1232 1919 1334 1988 tidem,
1354 1919 1398 1974 ita
1416 1919 1490 1975 tides
1514 1935 1576 1976 non
1604 1917 1686 1976 valer

74 2008 151 2065 illud
164 2008 298 2080 primum
313 2012 344 2064 et
357 2008 447 2065 bonis
461 2014 491 2064 et
511 2009 602 2065 malis
616 2014 718 2083 potest
734 2026 801 2068 esse
815 2028 895 2069 com·
952 2009 1301 2064 haberesaoramentum
1323 2009 1412 2065 debet
1429 2009 1539 2064 valere.
1568 2009 1645 2065 item
1674 2025 1686 2064 1

76 2111 178 2153 mune.
195 2097 270 2153 Rem
290 2100 320 2153 et
348 2113 408 2153 non
433 2103 659 2155 sacramentum
678 2099 803 2171 habent,
819 2101 898 2157 sicut
953 2098 1078 2169 negabit
1106 2100 1177 2152 ante
1205 2097 1394 2169 baptismum
1419 2097 1508 2152 fidem
1540 2101 1571 2153 et
1598 2097 1686 2153 chari¹

76 2188 280 2256 martyres,et
299 2185 471 2257 appellatur
489 2187 591 2258 ipsum
612 2190 795 2260 martyrium
824 2189 898 2261 bap·
952 2186 1159 2258 possehaberi
1172 2202 1181 2255 3
1198 2184 1289 2240 multi
1304 2186 1385 2240 enim
1405 2201 1474 2240 cum
1498 2185 1557 2240 fide
1580 2189 1608 2241 et
1630 2185 1686 2241 cha

76 2273 197 2342 tismus‚
213 2273 393 2345 quiavicem
408 2273 556 2346 baptismi
571 2276 710 2348 complet.
726 2268 900 2349 Opponitur
954 2274 992 2329 ad
1007 2274 1196 2346 baptismum
1218 2273 1374 2329 accedunt.
1397 2272 1508 2328 Nullus
1532 2274 1625 2329 etiam
1651 2288 1686 2342 ne

76 2360 112 2416 de
127 2362 184 2417 hoc
198 2361 281 2433 quod
292 2362 325 2417 in
341 2362 508 2433 Evangelio
519 2362 632 2434 legitur
648 2381 654 2419 :
671 2366 746 2419 Nisi
761 2367 835 2434 quis
850 2381 899 2422 re·
953 2376 1004 2417 ecs
1020 2365 1093 2417 tunc
1106 2376 1195 2433 posse
1205 2361 1282 2416 mori
1297 2377 1306 2430 3
1323 2365 1353 2416 et
1369 2361 1395 2416 si
1411 2364 1483 2416 tunc
1505 2362 1686 2417 morirentur

74 2455 175 2505 untur
188 2450 294 2519 suerii
316 2465 357 2505 en
370 2466 459 2520 aqua
483 2457 515 2506 et
537 2454 664 2520 Spiritu
689 2459 813 2524 sancto,
833 2470 899 2510 nou
952 2451 1084 2506 fidemet
1096 2450 1276 2505 charitatem
1301 2451 1445 2519 babeant,
1461 2454 1576 2507 certum
1592 2454 1638 2506 est
1652 2465 1686 2507 oo

67 2544 174 2609 potest
189 2541 319 2595 intrare
334 2542 370 2594 iu
394 2555 532 2609 reguum
556 2542 615 2596 Dei
630 2542 735 2611 (Joau.
749 2547 811 2613 111.)
841 2541 899 2598 Sed
927 2581 934 2591 .
952 2539 1102 2595 damnari.
1114 2539 1150 2595 In
1164 2539 1313 2595 charitate
1327 2539 1409 2594 enim
1420 2538 1686 2595 nullusdamnatut

75 2627 263 2683 consuetudo
276 2631 322 2683 est
336 2628 500 2700 Scripturas
513 2628 714 2685 determinare
728 2630 897 2702 praeceden·
952 2628 1060 2684 dicunt
1074 2643 1136 2683 non
1148 2642 1238 2701 posse
1259 2642 1325 2683 esse
1339 2630 1374 2682 ut
1389 2627 1502 2699 aliquis
1517 2627 1630 2682 habeat
1643 2626 1686 2684 nd

74 2716 118 2772 tia
131 2731 186 2788 per
200 2716 369 2787 sequentia.
394 2717 476 2773 Dicit
498 2718 578 2772 enim
595 2717 690 2774 alibi:
709 2721 770 2780 Oui
786 2722 897 2789 perdi·
952 2717 1133 2773 charitatem
1144 2720 1174 2772 et
1186 2717 1335 2773 moriatur
1350 2717 1586 2789 sinebaptismc.
1603 2716 1686 2773 Non«

76 2808 163 2861 derit
175 2807 326 2861 animam
343 2821 440 2862 ruam
454 2813 588 2877 propter
599 2823 649 2863 mc
665 2809 812 2864 inveniet
825 2824 898 2865 eam
953 2809 988 2860 ut
1001 2805 1118 2877 dicunt,
1133 2806 1322 2878 permitteret
1345 2821 1397 2861 eos
1421 2807 1500 2861 mori
1526 2807 1591 2861 sine
1610 2806 1686 2878 bapt

76 2893 339 2964 (distinxiltemr
354 2897 416 2956 Oui
430 2911 481 2950 me
491 2896 658 2965 consessus
670 2894 777 2965 suerit
788 2910 897 2953 coram
952 2893 1020 2964 Sed,
1039 2898 1074 2948 ut
1089 2894 1166 2950 mihi
1181 2894 1313 2964 videtur,
1338 2910 1406 2950 cum
1431 2895 1491 2967 ipsi
1506 2911 1567 2950 non
1593 2895 1657 2949 sint
1678 2909 1686 2950 t

76 2984 272 3053 homiuibus,
294 2989 325 3038 et
348 2999 403 3054 epo
419 2986 515 3056 confit
533 2987 606 3041 ebor
623 3001 697 3041 eum
716 3000 826 3042 coram
839 2988 899 3042 Pa·
916 2983 1034 3068 Cliarii
1043 2982 1100 3038 Dei
1127 2982 1256 3038 stultum
1272 2985 1318 3038 est
1332 2986 1362 3038 et
1381 2984 1575 3039 temerarium
1597 2981 1686 3039 ecch

79 3070 482 3145 trementibid.)Deillisqut
497 3073 587 3129 fidem
596 3073 899 3144 Christihabent,sed
953 3072 1084 3129 firmare.
1101 3071 1177 3127 ltem
1196 3065 1250 3144 qui
1262 3072 1319 3127 hoc
1334 3071 1450 3141 dicunt,
1467 3072 1580 3128 scilicet
1594 3070 1686 3127 nullut

77 3156 206 3212 articulo
221 3157 481 3214 necessitatisnon
489 3164 820 3232 possuntsacramenta
831 3178 899 3218 sus·
952 3160 1020 3215 vari
1036 3160 1100 3214 sine
1114 3159 1268 3231 baptismo
1282 3159 1331 3215 vel
1345 3161 1503 3230 martyrio,
1519 3160 1686 3216 auctoritat

77 3245 185 3316 cipere,
199 3245 350 3315 quaeritur
368 3251 473 3301 utrum
499 3248 658 3304 salventur
687 3251 854 3307 auctoritas
869 3255 899 3307 et
953 3247 1001 3303 his
1015 3250 1174 3319 opponunt
1190 3265 1196 3302 :
1213 3248 1406 3318 Augustinus
1433 3246 1551 3304 Deude
1572 3248 1611 3303 ad
1627 3247 1686 3304 Pet:

76 3332 155 3387 ratio
168 3332 312 3388 videntur
325 3334 503 3405 approbare.
520 3337 556 3391 In
570 3337 736 3408 Evangelio
751 3337 825 3395 dicit
839 3340 898 3395 Dc·
953 3336 999 3390 Ex
1013 3335 1065 3391 illc
1079 3339 1214 3407 tempore
1227 3351 1289 3408 quc
1303 3336 1443 3391 Salvator
1457 3337 1536 3392 dixit
1549 3337 1633 3392 :Nisi
1647 3351 1686 3410 qu

76 3420 180 3475 minus
193 3422 255 3482 Qui
274 3425 451 3478 crediderit
462 3426 498 3479 iu
512 3440 572 3494 ure,
594 3428 728 3481 etiamsi
749 3433 899 3483 mortuus
953 3427 1044 3479 natus
1058 3423 1151 3479 fuerit
1166 3439 1203 3479 ex
1215 3441 1295 3496 aqua
1323 3428 1352 3480 et
1374 3425 1490 3496 Spiritu
1505 3429 1621 3495 sancto,
1651 3440 1686 3481 nc

75 3507 475 3583 suerit,oivet(Joau.11t.
504 3513 542 3569 Et
557 3513 652 3570 alibi:
679 3517 831 3572 Siceuim
848 3519 896 3572 di·
954 3515 1014 3568 test
1026 3512 1152 3567 introire
1167 3513 1200 3567 in
1216 3527 1344 3582 regnum
1359 3514 1415 3569 Dei
1430 3530 1439 3583 ;
1456 3514 1572 3586 absque
1586 3528 1686 3569 sacras

22 3643 26 3650 .
78 3600 346 3670 territruuudum,
363 3608 401 3658 ut
423 3604 551 3660 Filium
570 3620 668 3660 cuum
685 3608 897 3676 unigenitum
931 3600 1220 3686 'baptismipreeter
1232 3615 1284 3656 ecs
1297 3602 1352 3672 qui
1362 3602 1395 3656 in
1407 3602 1541 3657 Ecclesia
1551 3601 1686 3659 catholici

75 3691 180 3759 daret,
194 3695 232 3746 ut
246 3693 352 3746 omnis
368 3694 426 3760 qui
449 3695 554 3748 credit
577 3695 613 3749 iu
640 3696 748 3764 ipsum
771 3711 836 3751 non
847 3711 903 3764 pe·
951 3689 1137 3762 baptismate
1152 3689 1334 3758 sanguinem
1349 3690 1494 3760 fundunt,
1511 3705 1686 3762 neoressnut

74 3783 157 3848 reat,
172 3782 228 3835 sed
243 3781 359 3836 habeat
371 3784 474 3837 vitam
485 3788 644 3840 (eternam
659 3785 762 3854 (locu.
780 3785 828 3853 111>
839 3784 898 3840 Sed
949 3776 1052 3834 lorum
1060 3781 1161 3850 potest
1176 3778 1340 3848 quisquam
1353 3779 1497 3850 accipere,
1511 3795 1566 3835 nec
1580 3780 1677 3836 vitam

74 3868 240 3938 opponitur
264 3866 364 3923 illud:
391 3869 459 3924 Nisi
488 3871 558 3941 quis
586 3875 712 3928 renatus
740 3873 834 3929 inerit
861 3888 899 3929 ex
952 3882 1033 3922 nam·
1048 3866 1124 3922 Item
1137 3881 1175 3920 ex
1189 3865 1279 3921 dictis
1294 3866 1431 3922 Anselmi
1453 3867 1607 3940 episcopi:
1625 3869 1686 3925 Cat

75 3968 156 4026 aqua
170 3958 200 4009 et
213 3954 330 4026 Spiritu
343 3961 459 4026 sancto,
476 3973 537 4013 non
549 3963 651 4031 potest
666 3961 793 4017 introire
805 3961 838 4016 in
852 3977 897 4017 re·
950 3955 1070 4010 minum
1082 3954 1225 4026 quamvis
1239 3954 1272 4010 in
1284 3956 1374 4010 1101118
1384 3957 1528 4028 operibus
1543 3956 1686 4013 defunctu

74 4057 170 4112 gnum
185 4042 250 4097 Dei.
266 4042 333 4098 Nisi
349 4044 429 4099 enim
443 4048 665 4117 persequentia
679 4048 895 4105 determinare·
951 4046 1015 4098 11111
1031 4042 1535 4116 13111910110181111118,θ11611[)10
1551 4045 1686 4101 duntaxa

75 4134 136 4200 tur,
151 4130 228 4187 illud
240 4131 352 4187 fulsum
371 4136 450 4188 esset
474 4133 556 4205 quod
578 4139 729 4206 martyres
745 4136 811 4193 sine
823 4137 897 4211 bap·
951 4135 1174 4188 sacramentum
1191 4132 1338 4203 martyrio
1353 4132 1512 4205 compleat.
1538 4133 1597 4189 Sed
1615 4134 1681 4190 haec

75 4219 167 4276 tismo
187 4220 389 4277 salvarentur.
414 4222 610 4292 Augustinus
635 4223 681 4280 De
705 4224 796 4281 unico
823 4226 897 4298 bap·
950 4220 1037 4275 milia
1050 4219 1086 4275 de
1097 4221 1375 4277 contemnonnibus
1385 4222 1467 4278 dicta
1477 4227 1559 4278 sunt.
1571 4222 1683 4294 Siquis

76 4309 177 4380 tismc,
201 4309 280 4366 libro
304 4313 425 4383 quarte,
454 4311 528 4367 dicit
553 4311 700 4385 baptismi
722 4313 817 4369 vicem
843 4314 896 4370 ali·
912 4309 1357 4408 Dcontemnitsacramentum
1371 4311 1578 4384 baptismatis,
1591 4314 1686 4368 caetort

74 4399 198 4468 quando
218 4397 367 4470 complere
391 4400 577 4471 passionem,
593 4405 629 4457 ut
650 4401 684 4456 in
698 4402 817 4458 latrone
844 4402 897 4459 illo
953 4399 1120 4455 sufficiunt.

73 4485 123 4540 cui
150 4501 212 4542 ncn
240 4485 396 4557 baptizato
420 4487 536 4542 dictum
562 4492 608 4544 est
624 4506 630 4544 τ
648 4491 751 4545 Hodie
769 4505 895 4546 mecum
1020 4487 1094 4543 Car.
1111 4488 1161 4544 VI.
1184 4491 1297 4544 Utrum
1313 4492 1453 4559 paruuli
1467 4492 1540 4545 siue
1551 4491 1686 4559 baptism

73 4575 139 4628 eris
154 4574 190 4627 iu
201 4576 360 4642 paradiso
378 4576 453 4644 (Luc
464 4576 567 4646 xxrnt.
583 4576 697 4633 Beatus
722 4578 896 4651 Cyprianus
1272 4581 1453 4634 solventur.

73 4660 209 4717 ncnleve
217 4661 433 4719 documentum
449 4666 617 4737 assumpsit
634 4681 640 4720 :
653 4666 739 4731 Quod
754 4667 846 4723 etiam
855 4673 897 4725 at·
985 4664 1138 4728 Quaeritur
1153 4665 1190 4721 de
1204 4666 1341 4739 parvulis
1353 4668 1409 4740 qui
1429 4669 1494 4722 sine
1516 4668 1686 4740 baptismat

73 4764 132 4821 que
147 4749 239 4805 etiam
255 4751 460 4822 considerans,
475 4753 599 4809 invenio
614 4769 675 4810 non
704 4755 802 4812 solum
827 4773 895 4829 pas·
950 4753 1082 4823 riuntur,
1098 4769 1160 4809 non
1185 4770 1222 4810 ex
1246 4759 1421 4828 contemptu
1442 4756 1609 4827 religionis,
1635 4755 1686 4811 sed

73 4838 175 4893 aiones
190 4853 244 4910 pro
259 4840 382 4895 nomine
396 4840 510 4896 Christi
524 4841 557 4897 id
568 4843 649 4915 quod
658 4844 762 4900 decrat
774 4860 812 4900 ex
825 4846 897 4918 bap
949 4858 1011 4898 non
1021 4847 1122 4914 potest
1135 4844 1270 4900 succurri
1283 4845 1327 4900 eis
1337 4847 1517 4902 necessitate
1532 4846 1645 4918 aliqua:
1670 4861 1686 4901 u

72 4925 164 4981 tiemo
178 4941 267 4998 posse
282 4927 433 5000 supplere,
461 4930 514 4985 sed
539 4933 631 4987 etiam
655 4931 745 4988 tidem
771 4949 893 4990 conver·
950 4931 1107 4987 salventur
1121 4930 1135 4986 i
1148 4932 1196 4988 Ad
1210 4932 1292 5003 quod
1306 4933 1419 4989 dicitur
1434 4936 1517 5007 qucd
1531 4951 1593 4991 non
1604 4934 1686 4990 salva

73 5012 250 5085 sionemque
264 5015 374 5085 cordis,
390 5017 416 5071 si
435 5017 513 5073 forte
536 5018 576 5073 ad
589 5020 803 5077 celebrandum
818 5038 896 5094 mys·
950 5020 1024 5090 quia
1044 5034 1106 5074 non
1132 5019 1246 5075 habent
1274 5021 1376 5092 fidem,
1403 5039 1472 5095 quae
1490 5026 1524 5080 in
1550 5023 1675 5093 adultis,

74 5102 183 5157 terium
201 5102 398 5174 baptismatis
412 5105 445 5160 in
455 5108 607 5176 augustiis
631 5111 803 5180 temporum
829 5126 894 5165 suc·
950 5107 1095 5176 diximus,
1112 5123 1181 5163 cum
1197 5125 1258 5164 ncn
1281 5109 1322 5165 sit
1337 5116 1533 5184 contemptus
1554 5112 1686 5183 religion

73 5191 153 5247 curri
168 5205 230 5247 non
244 5195 354 5263 potest.
377 5193 483 5265 Neque
511 5197 592 5250 enim
612 5195 691 5254 latro
710 5197 760 5254 iile
773 5214 827 5270 pro
842 5215 894 5254 no·
950 5211 1013 5252 cem
1028 5196 1176 5268 baptismi
1191 5199 1322 5270 supplet.
1336 5200 1376 5256 Et
1392 5201 1476 5272 quod
1490 5217 1552 5257 non
1573 5201 1686 5257 salvent

71 5281 154 5337 mine
168 5280 283 5336 Christi
295 5280 459 5337 crucifixus
482 5287 537 5352 est,
554 5284 607 5340 sed
624 5301 679 5357 pro
705 5286 895 5343 facinoribus
950 5283 1056 5340 multis
1068 5286 1202 5343 ostendtt
1215 5287 1290 5343 locis
1304 5288 1507 5360 Augustinus.
1525 5291 1652 5359 Tamen,
1664 5305 1684 5345 u

73 5370 147 5425 suis.
163 5369 269 5442 Neque
284 5370 357 5441 quia
370 5369 498 5425 credidit
507 5374 739 5443 passusest,eed
754 5375 827 5432 dum
842 5391 895 5448 pa·
950 5375 994 5429 ait
1007 5375 1040 5429 in
1055 5375 1241 5447 Euchiridio,
1257 5379 1422 5434 mitissima
1444 5381 1583 5436 omnium
1606 5395 1686 5452 poent

72 5458 149 5513 titur
164 5457 268 5515 credit.
285 5459 442 5524 Quantum
454 5460 550 5530 igitur
564 5462 644 5517 valet
658 5464 750 5519 etiam
766 5463 832 5520 sine
849 5465 894 5520 tn'·
949 5462 1021 5535 illis,
1037 5466 1091 5538 qui
1105 5471 1216 5539 praeter
1241 5472 1400 5540 peccatum
1417 5469 1567 5540 originale
1590 5467 1686 5524 nullut

31 5556 34 5561 ·
74 5545 155 5601 sibili
177 5550 367 5605 sacramento
400 5547 582 5620 baptismus,
603 5551 685 5623 quod
708 5552 752 5608 ait
770 5552 896 5624 Apostc·
950 5555 1248 5626 superaddiderunt.
1273 5557 1442 5628 Hicquaeri
1458 5557 1572 5613 solctsi
1599 5561 1686 5629 capta

75 5631 124 5687 lus
137 5649 143 5688 ε
157 5636 255 5692 Corde
281 5639 429 5693 creditur
450 5641 494 5693 ad
503 5640 674 5708 justitiam
690 5657 702 5709 ;
716 5656 771 5697 ore
782 5648 894 5698 auteur
950 5645 1013 5697 tate
1026 5643 1130 5717 aliqua
1145 5661 1163 5699 a
1176 5646 1306 5717 paganis
1316 5647 1559 5703 interficerentur
1567 5647 1655 5719 pueri
1669 5663 1686 5703 u

74 5720 232 5791 consessio
246 5726 286 5797 fit
310 5730 355 5783 ad
382 5729 524 5786 satutem
552 5728 649 5800 (Rom.
671 5727 715 5802 x),
730 5730 764 5787 in
786 5730 839 5787 illo
851 5732 893 5787 la·
954 5730 1158 5804 salvarentur,
1174 5748 1214 5790 an
1228 5750 1301 5805 non,
1321 5750 1461 5809 cumpro
1477 5736 1600 5794 Christo
1621 5735 1686 5808 cuju
