3742 6082
457 196 461 207 ’
532 218 577 273 nn
597 214 777 273 CLAUSTRO
796 213 924 275 ruina.
940 217 1054 274 -nn
1075 185 1120 275 iv.
1615 216 1684 282 sein

57 340 169 396 ,Nemo
180 336 262 395 enim
276 338 425 396 adificare
440 344 540 414 potest
556 326 801 414 aliquem'reatus
814 343 839 396 A
854 340 989 397 omnihus
1001 341 1075 398 abiit
1089 340 1121 399 in
1137 348 1250 400 terram
1275 343 1370 402 suein.
1394 346 1467 402 Post
1490 348 1563 404 decos
1583 353 1682 404 cutem

57 426 153 500 clpam
167 424 389 496 defendentem,
406 429 459 485 sed
472 446 541 486 cum
552 426 802 503 culpacognosci-
854 443 949 486 annos
963 432 1043 487 misit
1054 446 1110 489 rea
1120 434 1287 503 principem
1303 429 1482 493 tributorum
1500 440 1530 493 in
1546 440 1681 495 civitates

57 531 113 572 une
120 514 247 573 civitatis
261 533 377 588 murus,
393 516 424 574 id
440 522 495 587 est,
508 518 624 575 bouum
639 533 716 590 opus
728 515 799 573 adi·
852 519 945 588 rada,
955 525 984 577 et
997 523 1077 578 venit
1088 522 1289 593 Hierusalem,
1304 539 1370 580 crem
1387 526 1475 583 linha
1503 542 1625 598 rriupnn,
1642 521 1682 584 'et

65 603 255 678 permittitur.
271 608 304 661 ln
318 604 418 679 platea
432 605 541 677 latiori,
557 606 633 663 sicut
659 602 799 679 predixi·
853 609 946 665 irruit
959 626 1050 681 saper
1064 613 1212 670 civitatem
1222 607 1351 684 repente,
1363 610 1680 687 etperdietitpopulnne

61 693 152 768 cidpa
165 692 347 765 detenditur,
363 695 416 768 sed
434 694 466 752 in
490 696 591 769 platea
614 695 724 752 domus
748 693 800 751 Dei
852 698 981 756 multum
995 715 1033 756 ec
1046 701 1152 770 Israel,
1166 706 1194 758 et
1207 703 1322 772 occepit
1331 703 1572 773 spoliarieitctis,
1584 708 1681 763 clsn'c·

57 787 136 856 atur,
152 787 181 840 et
195 783 360 854 corrigitur.
383 787 494 842 Domus
518 786 578 854 Dei,
591 789 636 843 est
649 801 735 842 mens
763 784 798 841 in
852 787 952 843 cendit
963 802 1028 846 earn
1042 790 1117 861 inni,
1132 789 1161 847 et
1172 790 1322 849 destruxit
1331 792 1432 848 domos
1447 796 1522 863 ejus,
1538 801 1564 848 el
1580 810 1680 851 neuros

57 871 158 950 tabitat
172 870 268 943 gratia
283 872 408 946 Spiritus
432 874 537 931 saneti.
564 874 663 931 Platea
686 872 796 930 domus
851 874 1023 934 incircuitu
1039 895 1046 934 :
1059 884 1087 936 et
1101 875 1338 950 captivassent
1350 879 1488 939 insiliens
1504 875 1680 951 eiecisset
1741 870 1744 877 ‘

57 957 345 1035 eeordatio‘peccati.
358 963 413 1030 oui
428 969 529 1021 autem
553 981 607 1039 per
628 965 708 1022 hanc
731 962 796 1037 pla·
847 956 959 1034 pecora
982 969 1196 1038 possederant:
1223 975 1252 1027 et
1277 971 1501 1041 (edificaverunt
1529 973 1678 1028 civitatem

58 1051 224 1109 discurrere
238 1057 467 1125 consueverant,
482 1070 563 1111 nune
577 1054 607 1111 in
623 1069 797 1127 eupropec·
850 1053 950 1110 David
960 1071 1046 1113 muro
1059 1071 1179 1130 maeno,
1198 1063 1225 1114 et
1235 1059 1334 1129 firmo,
1350 1066 1377 1115 et
1404 1056 1539 1116 turribus
1558 1062 1676 1130 firrnis':

57 1146 205 1212 ramentas
220 1141 343 1211 sedeut;
360 1146 388 1199 et
414 1143 467 1217 qui
491 1143 601 1218 ineptae
623 1143 727 1201 laetitiae
743 1141 795 1199 diu
848 1147 876 1197 et
887 1144 973 1212 sacta
983 1150 1026 1201 est
1037 1146 1101 1202 iltis
1114 1146 1148 1202 in
1163 1161 1273 1204 ercan.
1289 1145 1507 1219 Et'posuernnt
1520 1149 1584 1205 illic
1605 1165 1677 1220 pen·

57 1234 151 1300 erant,
166 1235 325 1305 peecatum
338 1232 450 1303 lugent.
466 1237 498 1289 ln
513 1231 793 1306 hacplateaEsdras
849 1234 905 1286 tem
917 1238 1122 1305 peccatorum,
1134 1238 1163 1291 et
1176 1235 1256 1292 viros
1270 1236 1397 1308 iniquos.
1415 1241 1441 1292 et
1455 1236 1634 1306 possuernrit
1643 1238 1678 1293 it-

57 1319 115 1387 los,
131 1320 184 1393 qui
199 1335 304 1377 carnes
318 1321 465 1394 immolat,
478 1321 509 1378 id
523 1327 576 1390 est,
591 1321 720 1389 animus,
741 1321 794 1394 qui
849 1320 887 1375 tic
899 1335 996 1391 orma,
1010 1328 1038 1379 et
1051 1337 1132 1381 escas
1145 1323 1321 1396 (illacheh.
1338 1325 1368 1395 ι).
1385 1324 1561 1381 Ascenditin
1573 1324 1677 1380 Hieru-

57 1408 112 1466 eria
125 1409 227 1468 carnis
246 1408 322 1466 inse
337 1413 458 1478 iunctm,
473 1410 622 1484 poprium
647 1409 791 1482 increpat,
847 1407 941 1465 salem
952 1426 1006 1468 rex
1014 1413 1187 1485 Antiochus,
1200 1413 1325 1488 quando
1338 1413 1369 1470 in
1384 1415 1512 1471 Ecclesia
1537 1415 1676 1472 dontinu-

57 1503 230 1573 troeceptum
246 1498 361 1555 Domini
379 1504 582 1569 transgressus
593 1498 793 1569 sacrasacra·
846 1501 894 1553 tur
905 1497 1054 1574 diabolus,
1065 1496 1118 1560 'vel
1131 1504 1162 1560 in
1177 1503 1280 1562 anima
1297 1501 1424 1562 carnalis
1436 1504 1596 1577 appetitus.
1622 1510 1675 1560 As-

57 1589 88 1660 ri,
102 1586 210 1661 inquit,
225 1603 243 1645 a
249 1588 363 1658 populo
377 1593 500 1645 terrast
509 1588 547 1646 ah
562 1589 706 1646 naomhns
721 1589 792 1646 alie
846 1587 944 1645 cendit
958 1594 1059 1648 autem
1073 1592 1105 1649 in
1119 1591 1309 1650 multitudine
1324 1593 1417 1665 grani,
1434 1593 1463 1650 id
1476 1598 1529 1658 est,
1539 1594 1569 1649 in
1580 1594 1674 1651 uhnn-

57 1677 208 1747 ellasar.
221 1678 262 1750 x).
275 1676 406 1752 Populus
417 1682 512 1750 terres,
524 1685 593 1735 sunt
602 1684 789 1736 terrenarum
810 1689 831 1746 n
846 1673 949 1736 dantia
963 1678 1150 1752 delictorum,
1165 1686 1194 1739 et
1207 1678 1244 1738 in'
1253 1681 1397 1753 gravitate
1407 1683 1455 1754 cuj
1460 1682 1568 1738 uslibet
1579 1682 1675 1739 crimi-

57 1765 342 1840 teoneupisoentioe3
371 1783 480 1825 uxores
493 1769 676 1839 alienigenae.
691 1768 789 1825 carnis
844 1765 921 1824 natis
934 1770 1058 1840 peccati.
1074 1774 1166 1828 tntrat
1178 1771 1209 1827 in
1232 1770 1500 1828 sanctificationem
1529 1788 1599 1828 cum
1627 1770 1674 1827 sn'-

57 1853 121 1912 itiee.
137 1853 182 1911 Ab
196 1854 322 1913 hisvero
332 1861 466 1914 mentem
477 1861 628 1931 separant,
640 1857 692 1931 qui
702 1872 789 1913 mun·
843 1856 957 1930 perbia,
966 1860 1091 1931 quando
1104 1861 1290 1919 sanctificata
1305 1877 1359 1934 per
1371 1861 1590 1918 contessionem
1615 1862 1674 1919 ela-

57 1943 265 2016 teupisceutias
281 1944 447 2019 negligunt,
463 1948 493 2002 et
506 1945 719 2003 blandimentis
733 1945 787 2001 mi·
843 1945 931 2003 tionis
942 1948 1063 2022 spiritus
1079 1950 1174 2025 aperit
1187 1950 1243 2008 sibi
1256 1951 1358 2008 corda.
1374 1949 1494 2022 Accepit
1509 1951 1600 2008 altare
1620 1961 1673 2007 au*-

57 2033 143 2091 arnis
158 2037 257 2091 mente
272 2034 491 2093 contradicunt.
508 2036 646 2109 Sequitur
660 2035 697 2092 de
723 2035 787 2109 pla·
841 2051 938 2104 reum,
951 2041 980 2095 et
994 2039 1211 2097 candelabrum
1234 2039 1366 2107 luminis,
1382 2039 1413 2095 id
1437 2044 1490 2109 cst,
1511 2040 1671 2113 puritatem

57 2139 98 2180 nse
112 2128 239 2182 estante
258 2129 378 2199 portam
400 2140 560 2200 aquarum.
584 2129 670 2183 Porta
694 2142 787 2199 aqua·
842 2126 995 2196 orationis,
1010 2131 1040 2184 et
1056 2127 1156 2185 lucem
1182 2127 1291 2185 divinae
1313 2122 1536 2202 completionis,
1552 2129 1672 2201 Accepit

57 2218 95 2270 ist
106 2213 202 2285 gratia
214 2214 429 2288 lacrymarum.
444 2215 543 2273 Platea
557 2232 627 2272 vero
647 2231 714 2294 quae
742 2220 786 2272 est
841 2215 983 2275 universa
990 2218 1234 2276 sanctificationis
1243 2233 1329 2289 vasa,
1342 2218 1461 2275 diversa
1469 2209 1604 2274 videlicet
1613 2219 1670 2274 rir-

57 2307 162 2361 nram
175 2319 337 2377 aquarum,
351 2310 395 2361 est
409 2304 544 2362 contritio
559 2304 652 2361 animi
664 2321 720 2379 pro
735 2304 785 2361 de·
840 2308 936 2362 tutum
949 2321 1069 2378 genera.
1085 2310 1119 2365 Et
1133 2307 1237 2366 omnia
1245 2309 1432 2377 comminuit,
1445 2304 1570 2381 quando
1581 2306 1670 2364 virtu·

57 2407 111 2466 one
124 2393 249 2466 peccati.
265 2396 297 2449 ln
312 2393 369 2450 hac
384 2395 484 2468 platea
501 2394 632 2468 populus
661 2410 785 2465 cougre-
839 2396 903 2449 tum
918 2395 1031 2467 species
1046 2395 1180 2453 diversas
1195 2396 1236 2453 ad
1248 2396 1375 2452 nihilum
1389 2395 1511 2466 redegit.
1527 2393 1566 2450 Et
1588 2411 1668 2453 ecce·

57 2482 138 2556 quasi
154 2482 199 2539 vir
211 2498 291 2540 unus
309 2501 316 2553 ;
331 2484 462 2560 populus
477 2483 701 2554 cogitationum,
730 2481 783 2556 qui
835 2483 882 2552 pit
897 2482 1051 2542 thesauros
1063 2487 1194 2543 occultos
1221 2501 1295 2558 qnos
1323 2487 1435 2543 incenit
1445 2499 1456 2555 ;
1483 2480 1511 2542 et
1533 2484 1664 2542 'serhlutis

65 2569 184 2627 diversa
200 2576 362 2645 sparserat,
378 2589 448 2630 cum
462 2589 516 2647 per
530 2572 739 2644 contritionem
751 2571 782 2629 in
837 2572 1103 2630 omnicreantem
1118 2579 1232 2631 terram
1242 2569 1339 2631 suum.
1352 2569 1534 2641 Thesaurus,
1550 2577 1595 2628 est
1622 2588 1667 2629 sa-

59 2659 216 2732 colligitur,
237 2666 384 2719 secretum
409 2662 518 2719 mentis
544 2662 643 2731 intrat,
669 2661 781 2718 librum
836 2657 1135 2731 pientioeiutellectus,
1147 2660 1282 2718 occultus
1293 2661 1481 2731 diabolo,sed
1492 2667 1581 2717 notus
1593 2664 1664 2716 lieo.

57 2749 144 2806 ,udire
159 2749 319 2821 desiderat,
337 2755 369 2808 ut
382 2750 629 2822 transgressionis
658 2750 779 2823 culpam
836 2749 930 2812 Quem
945 2751 1016 2805 tune
1030 2748 1170 2806 diabolus
1184 2748 1307 2819 invenit,
1318 2750 1442 2822 quando
1451 2765 1505 2822 per
1514 2749 1664 2821 jactantiae

57 2837 230 2909 taravaleat,
245 2843 275 2896 et
288 2839 320 2897 in
349 2839 543 2897 meditatione
568 2839 676 2896 divino
703 2838 778 2910 legis
833 2835 937 2893 vitium
952 2838 1063 2896 caeteris
1077 2837 1271 2896 manifestum
1280 2838 1387 2896 reddit.
1416 2838 1544 2896 Sublatis
1569 2836 1665 2894 omni·

57 2944 79 2984 ts
113 2927 177 2985 fiat.
204 2929 249 2985 Ad
269 2930 402 3005 plateam
438 2946 508 2987 vero
538 2946 606 3003 quae
638 2933 683 2986 est
707 2932 776 2986 ante
834 2923 935 2983 busin
950 2930 1059 2985 terram
1075 2941 1162 2986 suam
1174 2927 1338 2985 Antiochus
1359 2926 1441 2997 abiit,
1466 2928 1583 3000 quoties
1599 2921 1662 2982 dia-

57 3033 68 3072 r
99 3017 240 3091 Ephraim
265 3019 385 3077 animus
410 3019 537 3088 ducitur,
574 3019 699 3093 quando
722 3034 776 3091 per
797 3014 920 3105 ebolus
934 3015 1059 3074 sublatis
1072 3017 1231 3075 virtutibus
1243 3018 1283 3077 ad
1294 3015 1411 3075 terrena
1421 3017 1569 3073 desideria
1578 3028 1662 3072 men·-

57 3122 77 3164 u
99 3107 173 3165 boni
202 3108 299 3182 operis
323 3109 362 3166 ad
392 3125 479 3183 spem
497 3109 591 3166 venire
606 3112 773 3166 revocatur.
832 3107 874 3159 tes
890 3103 1024 3163 fidelium
1037 3105 1162 3164 reducit.
1174 3110 1243 3165 Post
1255 3107 1333 3164 duos
1346 3111 1447 3164 autem
1460 3121 1556 3162 annos
1571 3104 1663 3161 'misit

57 3211 91 3254 ea
104 3194 194 3267 igitur
221 3197 319 3255 latiori
342 3199 416 3255 nihil
444 3198 573 3271 agimus,
603 3197 656 3255 sed
685 3197 774 3253 etiam
830 3193 997 3269 principem
1012 3196 1191 3254 tributorum
1206 3198 1237 3253 in
1253 3196 1385 3254 civitates
1397 3195 1483 3253 tuda.
1508 3194 1660 3267 Cupiditas

57 3283 130 3342 alem
142 3285 291 3344 aedificare
306 3287 495 3346 dimittimus.
514 3291 544 3344 lu
572 3287 672 3361 platea
704 3301 774 3343 vero
830 3283 1073 3360 tributareeipit3
1087 3287 1243 3360 quiaetin
1258 3287 1399 3359 Ecclesia,
1415 3291 1444 3343 et
1465 3287 1496 3343 in
1525 3285 1659 3359 quelibet

67 3374 119 3432 liei
132 3380 241 3433 terram
269 3377 439 3448 evertimus,
465 3381 494 3435 et
518 3377 713 3434 seminamus.
742 3380 774 3432 ln
828 3373 931 3429 animo
956 3375 1126 3433 exactiones
1153 3376 1325 3450 complures
1354 3376 1424 3448 agit.
1443 3380 1517 3434 Cum
1545 3375 1658 3446 magna

57 3479 124 3538 quoe
137 3469 182 3523 est
195 3470 264 3524 ante
280 3470 399 3540 portam
416 3466 557 3541 Ephraim
569 3467 699 3523 fructum
714 3466 774 3523 eol·
829 3462 917 3520 turba
932 3465 1012 3521 venit
1025 3465 1218 3539 Hierusalem,
1232 3470 1266 3523 ut
1292 3466 1448 3523 conturbet
1475 3464 1663 3539 simpliciumv

57 3570 75 3611 s.
107 3553 149 3610 lbi
176 3554 372 3617 tabernacula
390 3556 523 3629 ligimus,
539 3555 694 3630 inquibus
720 3571 773 3628 per
827 3566 944 3624 pacem.
963 3555 1057 3627 Super
1071 3555 1220 3612 civitatem
1230 3555 1322 3623 irruit,
1339 3559 1368 3611 et
1381 3554 1529 3627 populum
1543 3553 1656 3625 simpli-

57 3642 254 3701 niserieordiae
267 3644 418 3703 frumenta
429 3646 641 3703 recondamus.
667 3649 697 3701 ln
726 3644 772 3700 his
827 3640 907 3697 cium
921 3642 1181 3712 cogitationnmex
1197 3643 1288 3699 lsrael
1303 3641 1409 3716 perdit.
1424 3645 1457 3697 Et
1471 3641 1656 3713 accipitsp'o·

57 3730 162 3806 plateis
175 3732 365 3806 ponebantur
374 3733 484 3792 infirmi
498 3734 529 3791 in
543 3733 667 3802 lectulis,
676 3737 709 3791 nt
726 3748 775 3788 ve·
826 3727 866 3785 lia
881 3729 1018 3797 civitatis,
1034 3731 1159 3804 quando
1171 3734 1304 3787 mentem
1319 3729 1461 3786 virtutum
1477 3728 1597 3801 spoliat·
1613 3728 1656 3783 in-

57 3822 139 3876 Petro
151 3820 257 3878 saltem
268 3822 377 3880 umbra
386 3822 773 3894 illiusobumhraretquem·
826 3817 989 3875 dumentis.
1010 3822 1044 3876 Et
1062 3837 1129 3877 eam
1143 3821 1212 3890 igne
1227 3819 1389 3886 succendit,
1414 3819 1488 3874 dum
1512 3817 1654 3890 concupi·

57 3907 179 3979 ilomm,
196 3914 225 3968 et
236 3910 433 3970 liberarentur
444 3928 549 3969 omnes
564 3912 603 3969 ab
617 3909 772 3968 infirmita·
826 3907 955 3964 scientie
968 3909 1100 3966 fiammis
1114 3909 1250 3967 animum
1265 3909 1424 3966 comburit.
1440 3906 1563 3964 interius
1589 3907 1655 3963 des·

57 3997 111 4055 uis.
127 3997 241 4055 lnlirmi
255 4005 333 4070 sunt,
349 4000 401 4076 qui
414 4000 554 4058 laborant
565 4000 673 4057 morbo
701 4013 771 4071 pec·
825 3997 917 4054 truxit
929 3996 1047 4067 domos,
1064 3999 1137 4055 etin
1152 3999 1278 4056 circuitu
1291 4000 1356 4071 eius
1371 4014 1486 4065 muros,
1501 3997 1531 4053 id
1545 4001 1599 4065 est,
1611 3997 1654 4053 in·-

57 4085 85 4143 ui
96 4087 127 4143 in
142 4086 248 4160 plateis
266 4095 430 4162 ponuntur,
440 4089 564 4164 quando
579 4093 772 4164 peccatorum
827 4090 874 4141 ius
890 4087 1097 4156 conscientias,
1112 4089 1184 4145 etin
1199 4088 1323 4145 circuitu
1346 4087 1535 4160 operationes
1561 4086 1628 4160 p'eri
1644 4117 1654 4126 -

57 4191 69 4232 r
83 4173 286 4235 delectationis
299 4179 504 4249 recordantur,
520 4181 553 4235 ut
571 4177 705 4235 veniente
720 4179 771 4232 Pe·
826 4179 898 4230 etas.
915 4178 947 4233 Et
966 4176 1099 4250 captivas
1122 4177 1273 4233 duxerunt
1301 4175 1450 4243 mulieres,
1465 4174 1655 4247 imperfectas

57 4265 153 4336 agnito
167 4283 222 4341 per
241 4269 479 4327 recordationem
508 4273 643 4344 peceato,
670 4269 772 4324 Petrus
827 4263 936 4321 scilicet
947 4265 1054 4322 mentis
1069 4266 1307 4334 affectiones;ct
1317 4268 1414 4331 natos,
1431 4263 1461 4318 id
1484 4269 1539 4330 est,
1568 4267 1654 4318 actus

57 4370 199 4425 coercens
208 4356 429 4430 interpretatur,
441 4359 545 4416 saltem
560 4359 669 4415 umbra
695 4355 772 4412 illius
827 4371 931 4411 earum
943 4354 1143 4427 imperfectos.
1158 4357 1270 4411 Pecora
1282 4358 1387 4408 eorum
1402 4350 1568 4426 possident,
1585 4362 1654 4406 eum

57 4449 334 4517 raretquemquam
345 4444 476 4518 illorum,
486 4452 519 4504 ut
527 4447 698 4505 intercessio
708 4446 773 4518 ejus
827 4442 976 4512 diabolus,
989 4443 1037 4500 vel
1051 4444 1150 4501 caruis
1161 4442 1310 4518 appetitus
1323 4441 1352 4498 in
1364 4444 1507 4514 potestate
1519 4455 1574 4496 sua
1583 4439 1656 4495 irra-

57 4532 501 4604 reretanimumeujuslibetab
522 4540 596 4591 aestu
621 4536 771 4592 vitiorum.
826 4533 985 4591 tionabiles
1002 4534 1095 4591 animi
1110 4539 1210 4593 motus
1224 4533 1360 4590 retinent.
1373 4534 1406 4587 Et
1417 4547 1486 4603 qiiae
1501 4528 1553 4584 filii
1568 4526 1656 4585 lsrael

57 4621 292 4690 dmestumbra,
308 4621 541 4695 Juoeinfirmum
560 4624 722 4695 refrigerat,
742 4626 775 4678 ut
829 4624 978 4681 custodire
1007 4629 1236 4694 consueverant,
1265 4621 1440 4679 Antiocheni
1468 4622 1602 4674 mactant
1629 4620 1659 4673 et

57 4711 221 4769 raritatibus
232 4711 361 4769 liberum
374 4711 491 4769 sanitati
506 4711 620 4768 reddat.
828 4713 1024 4771 manducant.
1041 4714 1196 4771 Civitatem
1209 4713 1301 4768 David
1315 4711 1475 4778 certificant,
1487 4708 1561 4763 dum
1574 4722 1657 4775 men-

57 4801 104 4858 llt.
119 4802 163 4858 De
178 4801 214 4857 iis
233 4802 286 4873 qui
301 4803 444 4872 ternplum
455 4800 624 4869 destruunt,
645 4807 672 4857 et
687 4800 724 4856 rte
738 4800 774 4854 iis
829 4806 889 4858 tem
900 4800 1058 4872 cujuslibet
1072 4800 1272 4869 manufortis,
1287 4800 1318 4855 id
1333 4802 1386 4866 cst,
1399 4797 1476 4853 benc
1492 4796 1654 4870 operantis,

68 4891 122 4963 qui
131 4890 274 4960 templum
289 4891 449 4960 mundent,
461 4896 490 4947 et
502 4895 657 4957 renovant,
829 4890 860 4946 in
875 4888 1056 4946 contrariam
1065 4894 1183 4961 partem
1193 4889 1320 4943 mutant.
1333 4887 1413 4942 ltluro
1426 4901 1538 4956 magno
1553 4889 1582 4944 et
1594 4890 1657 4942 tur‘·

57 4980 208 5039 recedenti
223 4980 346 5039 librode
360 4981 556 5039 adfficauone
583 4978 685 5053 templi
705 4977 776 5035 dixi
828 4979 913 5036 ribus
937 4976 1031 5034 firmis
1055 4977 1206 5044 muniunt,
1219 4975 1294 5031 dum
1307 4991 1447 5050 perversa
1460 4992 1552 5049 opera
1566 4980 1595 5032 et
1609 4991 1659 5032 eo-

57 5068 118 5127 tura
132 5088 139 5138 ;
154 5085 236 5126 nunc
250 5074 351 5128 autem
363 5068 401 5127 de
412 5069 611 5128 destructione
621 5069 687 5140 eJ'us
702 5065 776 5141 quid
830 5086 899 5125 rum
912 5066 1103 5124 detensiones
1119 5065 1149 5123 in
1165 5064 1290 5123 circuitu
1301 5069 1428 5138 ponunt.
1453 5067 1487 5122 Et
1511 5064 1588 5121 tacta
1613 5066 1659 5118 est

57 5158 177 5228 edicet,
195 5158 325 5217 breviter
343 5158 513 5217 audiamus.
542 5159 622 5217 Sicut
647 5157 777 5215 veridica
830 5158 887 5214 illis
908 5156 939 5212 in
961 5171 1071 5223 arcem,
1086 5155 1117 5212 id
1138 5158 1182 5211 est
1205 5169 1350 5228 perversae
1366 5153 1473 5211 mentis
1486 5151 1657 5208 elationem.

57 5247 190 5306 ristoria:
205 5247 370 5306 Antiochus
384 5249 510 5307 illustris
530 5250 612 5318 filins
635 5241 779 5305 Antiochi
831 5249 871 5303 Et
879 5251 1046 5317 portamini
1061 5247 1126 5302 illic
1140 5250 1255 5317 pentem
1262 5250 1466 5315 peccatoram,
1478 5240 1595 5296 etviros
1605 5238 1660 5295 ini·

57 5339 101 5410 fai
111 5339 216 5409 suerat
230 5339 330 5395 noma
344 5336 436 5406 obses,
452 5337 585 5396 ascendit
606 5337 779 5407 Hierosoly·
832 5353 919 5411 quos,
931 5337 962 5394 in
973 5336 1074 5393 anima
1082 5335 1192 5392 seilicet
1199 5338 1319 5405 gentem
1327 5332 1476 5397 vitiorum,
1488 5329 1518 5385 in
1530 5327 1661 5385 Ecclesia

57 5427 278 5483 nmnttitndine
289 5426 379 5496 pruni
394 5443 401 5481 ε
417 5430 443 5482 et
459 5427 585 5482 introvit
600 5428 631 5482 in
647 5426 779 5494 sanctifi·
833 5423 1243 5483 verohaeretieoschristiauae
1254 5422 1334 5488 fidei,
1344 5435 1450 5493 graves
1461 5417 1608 5474 inimicos.
1620 5417 1660 5475 Et

57 5527 96 5571 ens
111 5530 178 5573 cum
190 5516 341 5586 snperbia,
363 5519 391 5571 et
402 5516 516 5585 accepit
528 5517 628 5577 altore
641 5530 778 5584 carenni,
833 5519 997 5586 posuerunt
1011 5514 1077 5570 illic
1090 5530 1188 5583 arma,
1202 5519 1229 5572 et
1238 5527 1328 5570 escas.
1339 5513 1440 5574 Arma,
1466 5510 1536 5564 sunt
1561 5504 1662 5584 delerr-

57 5603 206 5663 letohrnm
221 5607 353 5676 luminis,
370 5611 396 5662 et
413 5607 552 5663 uriioersn
562 5622 633 5663 ensa
648 5609 712 5677 ejus
729 5623 736 5660 :
753 5611 781 5662 et
837 5601 1135 5682 sionisverba,escae,
1146 5600 1493 5660 delectationesterrenae.
1505 5595 1664 5670 liujusmo·n

57 5698 66 5751 t
80 5693 233 5752 thesauros
248 5698 378 5753 occultes
392 5696 595 5768 associaverit,
612 5701 639 5754 et
655 5696 783 5758 sublatis
839 5693 870 5750 di
885 5692 959 5751 cibis
971 5708 1071 5751 arcem
1081 5692 1232 5762 muniunt,
1245 5689 1297 5763 qui
1312 5687 1435 5750 terrenis
1461 5685 1664 5745 delectationi·
