3742 6082
87 177 142 237 655

391 174 569 235 HUGONIS
586 175 641 232 DE
658 173 689 232 S.
709 170 883 232 wuronc
900 167 987 227 OPP.
1007 167 1108 229 PARS
1126 169 1166 227 11.
1186 200 1222 214 -
1240 170 1487 232 nocnaslun.

1738 176 1796 235 me

90 315 198 356 sumus
213 300 240 356 si
251 300 395 357 volumus
408 301 442 356 in
456 300 505 356 his
519 304 585 356 octo
600 297 748 370 gradibus
764 298 831 352 octo
843 294 913 350 bea·
927 291 955 349 A
968 296 1016 350 cet
1029 307 1167 350 errorum
1180 295 1365 368 principium
1384 297 1441 354 hoc
1455 301 1512 367 est,
1525 298 1608 370 quod
1632 298 1796 356 infirmita·

89 389 238 446 titudines
250 404 305 462 per
316 389 454 445 ordinem
469 403 627 461 expresses
646 391 764 455 notare,
776 385 822 440 ita
835 386 870 440 ut
884 381 916 438 id

91 477 173 552 quod
187 478 302 534 dictum
323 480 378 548 est,
392 493 445 550 per
464 479 604 533 timorem
627 477 807 544 seminatur,
824 473 915 547 perti·

90 570 162 623 neat
174 566 254 622 adid
268 566 350 638 quod
364 566 486 622 dicitur.
502 568 597 621 Beati
603 580 766 636 pauperes
780 565 915 634 spirita,

91 653 248 725 quoniam
263 658 407 724 ipsoram
417 661 612 726 estregnatn
622 658 777 712 coetoram
787 654 914 725 (Masta.

91 744 134 814 v).
150 744 184 799 ld
198 743 280 815 quod
294 743 408 798 dictum
423 747 479 813 est,
495 760 549 817 per
560 745 691 815 gratiam
705 745 834 815 rigatur,
849 757 915 814 per·

92 831 189 888 tineat
201 830 239 886 ad
252 831 284 886 id
294 831 377 904 quod
391 831 521 888 dicitur:
536 836 631 889 Beati
639 835 746 901 mites,
758 833 915 902 quoniam

92 921 156 988 ipsi
162 921 375 988 possidebant
390 927 514 977 terram
527 922 641 992 (ibid).
654 922 690 977 ld
700 921 782 993 quod
792 920 914 988 dieitur,

90 1022 144 1080 per
154 1007 287 1064 dolorem
298 1009 439 1080 moritur,
448 1011 599 1082 pertineat
614 1010 693 1066 adid
703 1009 915 1083 quoddicitur:

91 1097 187 1152 Beati
198 1099 257 1167 qui
273 1100 395 1169 tepent,
406 1101 564 1168 quoniam
581 1102 645 1169 ipsi
659 1099 917 1155 consolabantur

93 1182 207 1256 (ibid).
232 1184 267 1241 Id
292 1186 375 1258 quod
398 1187 513 1243 dictum
533 1192 588 1271 est,
606 1203 660 1260 per
681 1187 773 1244 fidem
788 1185 915 1254 radicat,

970 386 1031 438 tem
1048 398 1136 439 suam
1152 382 1310 441 humiliter
1323 384 1433 442 nolunt
1447 401 1620 456 agnoscere,
1630 386 1683 444 sed
1692 387 1729 444 de
1739 389 1798 445 Dei

970 485 1106 541 munere,
1122 471 1204 544 quod
1227 477 1418 546 acceperunt,
1433 475 1555 530 incaute
1576 491 1608 531 se
1632 475 1797 533 extollunt.

948 607 952 613 .
970 560 1098 616 Necesse
1112 562 1193 618 enim
1209 565 1255 618 est
1269 563 1349 619 utin
1364 563 1460 619 oeulis
1472 578 1577 620 eorum
1591 563 1742 622 vilescant
1752 565 1797 621 ta·

970 653 1019 706 cta
1033 649 1144 720 ahena,
1159 651 1215 723 qui
1229 651 1266 707 de
1279 652 1344 707 suis
1357 652 1476 708 meritis
1501 652 1639 708 sentiunt
1660 655 1725 709 tam
1739 654 1798 710 im·

970 738 1136 795 moderata.
1154 741 1217 797 Nec
1229 741 1295 798 fieri
1310 745 1423 814 posset,
1440 745 1475 797 ut
1489 741 1585 798 vitam
1601 741 1734 798 alienam
1746 744 1797 815 ju·

970 827 1070 883 dicare
1085 834 1314 901 praesumerent,
1331 831 1391 886 uisi
1405 831 1492 904 prius
1506 832 1540 886 in
1554 846 1586 886 se
1598 832 1796 889 tumuissent.

970 917 1028 973 Hic
1042 918 1138 989 igitur
1148 933 1231 975 error
1245 920 1337 975 semel
1350 919 1479 992 illapsus
1488 920 1591 976 animo
1603 918 1665 976 late
1678 935 1799 978 venena

971 1022 1028 1062 sua
1042 1007 1197 1076 diffundit,
1214 1011 1244 1063 et
1258 1007 1374 1064 occulte
1387 1023 1522 1080 serpens,
1533 1011 1564 1065 et
1577 1009 1753 1065 immiscens
1766 1024 1799 1065 se

971 1096 1089 1152 cunctis
1104 1097 1239 1152 motibus
1254 1097 1376 1167 animes,
1384 1095 1559 1153 voluntates
1568 1097 1724 1167 immutat,
1731 1113 1800 1154 con·

971 1183 1041 1240 eilia
1054 1184 1194 1257 dissipat,
1203 1186 1403 1257 cogitationes
1411 1186 1578 1258 intorquet,
1586 1189 1616 1241 61
1630 1187 1800 1259 corrumpit

90 1273 243 1346 pertineat
253 1274 331 1331 adid
345 1276 426 1349 quod
438 1277 564 1333 dicitur.
577 1279 672 1333 Beati
683 1278 741 1346 qai
751 1277 915 1343 esuriant,

92 1366 124 1417 et
138 1364 261 1418 sitiant
270 1366 452 1433 justitiam,
468 1369 626 1436 quoniam
643 1368 707 1436 ipsi
721 1366 917 1421 saturabun-

971 1270 1131 1341 desideria,
1151 1288 1301 1347 curaeque
1324 1274 1442 1330 inducit
1466 1275 1647 1348 superfluas.
1661 1275 1700 1332 nt
1723 1276 1801 1348 qnia

971 1360 1065 1417 semel
1078 1361 1204 1418 inflatus
1218 1363 1340 1419 animus
1354 1379 1468 1434 magna
1479 1363 1515 1420 de
1526 1379 1558 1420 se
1569 1364 1746 1420 existimare
1758 1365 1801 1421 di·

93 1455 150 1505 tar
165 1450 275 1522 titia).
290 1451 325 1507 Id
337 1452 420 1524 quod
443 1455 559 1512 dictum
582 1458 638 1524 est,
652 1470 706 1527 per
725 1453 917 1509 devotionem
971 1450 1054 1520 dicit,
1070 1452 1153 1508 tacta
1167 1468 1224 1508 sua
1238 1452 1276 1509 ad
1289 1468 1416 1509 examen
1431 1452 1560 1510 rationis
1570 1468 1713 1509 revocare
1727 1469 1798 1510 cou-

91 1539 254 1611 germinat,
278 1541 431 1613 pertineat
449 1543 488 1598 ad
506 1543 538 1599 id
560 1543 643 1616 quod
664 1543 798 1600 dicitur:
822 1543 917 1598 Beati
971 1540 1091 1610 temnit,
1107 1545 1137 1597 et
1149 1557 1184 1597 eo
1198 1541 1326 1599 liberius
1341 1543 1437 1598 vitam
1447 1543 1643 1615 persequitur
1653 1541 1798 1613 alienam,

93 1629 329 1699 misericordes,
337 1635 493 1701 quoniam
504 1635 568 1702 ipsi
577 1635 840 1689 misericordiam
850 1647 918 1688 coa·
931 1641 957 1699 Β
971 1645 1032 1702 quo
1047 1630 1192 1686 minusin
1201 1646 1232 1686 se
1245 1630 1415 1703 quidquam
1425 1631 1659 1704 reprehensione
1669 1631 1799 1704 dignum

91 1722 270 1786 sequentur
285 1720 397 1790 (ibid).
413 1720 449 1776 Id
463 1720 546 1792 quod
558 1721 681 1778 dicitur.
703 1737 756 1794 per
770 1737 915 1793 compun-
969 1733 1035 1774 esse
1047 1718 1151 1775 credit.
1168 1719 1241 1785 Quae
1257 1723 1359 1775 tamen
1375 1720 1520 1792 superbia
1535 1720 1670 1792 primum
1687 1735 1719 1776 se
1733 1719 1798 1793 pal-

92 1805 223 1862 ctionem
246 1807 353 1877 oritur,
376 1810 527 1881 pertineat
550 1810 589 1865 ad
611 1810 643 1866 id
667 1811 749 1883 quod
770 1811 883 1866 dicitur
908 1827 914 1865 :
968 1808 1025 1864 liat
1042 1809 1100 1865 sub
1125 1809 1223 1882 specie
1246 1809 1320 1866 boni
1343 1808 1409 1879 zeli,
1430 1812 1460 1865 et
1480 1809 1643 1881 persuadet
1665 1809 1799 1881 deceptas

92 1895 188 1951 Beati
194 1899 576 1969 mundocordeqaoniaat
583 1901 917 1969 ipsiDeamvidebaat
970 1899 1066 1955 menti
1081 1913 1144 1955 non
1157 1913 1223 1955 esse
1238 1894 1406 1972 perfectum
1417 1902 1584 1955 amatorem
1595 1898 1798 1970 justitiae,qui

94 1982 207 2055 (taidi.
224 1984 259 2041 Id
272 1985 355 2057 quod
369 1986 486 2043 dictum
500 1992 557 2058 est,
571 2003 626 2061 per
640 1988 824 2044 desiderium
838 2004 915 2045 cres·
971 2002 1153 2043 consensum
1168 1987 1285 2060 praehet
1298 1986 1394 2060 culpae
1409 1985 1525 2043 alienae
1536 1987 1616 2043 Eum
1628 1990 1731 2043 autem
1746 1987 1799 2045 de·

92 2073 143 2142 cit,
158 2075 310 2147 pertineat
326 2076 411 2133 adid
425 2077 507 2150 quod
522 2078 633 2135 dicitur
650 2096 655 2133 :
672 2081 768 2135 Beati
770 2080 915 2151 pacifici,
968 2075 1041 2133 licto
1065 2076 1164 2133 alieno
1186 2076 1361 2132 omnimodo
1383 2076 1564 2146 consentire,
1584 2075 1638 2148 qui
1657 2076 1797 2147 negligit,

92 2165 249 2232 quoniam
264 2166 331 2238 filii
352 2169 410 2223 Dei
429 2167 813 2240 vocabanturtibid.).1d
834 2169 917 2242 quod
971 2164 1389 2238 nonpotest,delinquentem
1398 2164 1799 2236 arguereflocigiturmale

92 2249 207 2307 dictum
229 2257 275 2309 eet
296 2269 350 2326 per
369 2254 548 2313 charitatem
573 2256 744 2326 roboratur,
765 2258 918 2330 pertineat
970 2254 1098 2326 provida
1112 2270 1199 2311 meus
1212 2269 1311 2311 errore
1326 2253 1460 2326 decepta,
1472 2256 1567 2309 totam
1580 2268 1612 2308 se
1624 2253 1799 2311 curiositati

93 2338 132 2393 ad
151 2338 185 2394 id
204 2341 286 2412 quod
306 2342 419 2398 dicitur
437 2361 443 2399 :
462 2346 557 2400 Beati
581 2347 639 2414 qai
655 2348 916 2415 persecutionem
970 2342 1064 2412 dedit,
1079 2346 1109 2399 et
1122 2341 1273 2416 paulatim
1288 2346 1439 2399 crescente
1454 2341 1799 2414 morbo,dumprimum

87 2429 915 2505 patiantarpropterjastitiam,quoniamipsoram
971 2437 1072 2489 errata
1095 2431 1225 2488 eliorum
1249 2431 1448 2488 immoderate
1472 2431 1614 2505 persequi
1636 2432 1798 2503 assuescit,

93 2521 141 2572 est
155 2532 293 2588 reanum
309 2522 464 2576 caturam
481 2523 594 2594 (ibid).
971 2527 1125 2595 postremo
1141 2521 1251 2577 adhoc
1270 2519 1441 2590 deducitur,
1457 2525 1492 2577 ut
1515 2519 1667 2593 quidquid
1686 2519 1801 2577 viderit

92 2603 166 2661 Car.
180 2605 233 2662 IX.
245 2609 288 2663 De
301 2609 408 2665 virore
422 2611 548 2667 arboris
562 2614 736 2681 sapientiae
745 2629 806 2682 per
816 2629 914 2683 spem.
971 2612 1021 2668 vel
1047 2614 1150 2684 aperte
1172 2609 1364 2680 calumniari,
1386 2609 1435 2666 vel
1456 2610 1579 2666 sinistre
1602 2610 1801 2682 interpretari

128 2694 217 2750 Nono
230 2694 296 2752 loco
311 2696 490 2768 adiunctum
504 2703 561 2769 est,
576 2715 630 2773 per
645 2716 729 2774 spem
744 2702 832 2757 viret.
842 2703 917 2774 Spes
971 2705 1112 2770 conetur,
1128 2700 1219 2768 unde,
1235 2699 1262 2755 si
1275 2699 1354 2755 torte
1368 2698 1489 2771 aliquos
1503 2715 1558 2771 pro
1570 2699 1726 2755 communi
1743 2698 1800 2754 uti·

92 2781 266 2840 futurorum
287 2784 439 2842 bonorum
457 2788 491 2843 in
505 2793 606 2844 mente
630 2790 720 2862 quasi
739 2790 917 2846 scintillatio
970 2786 1800 2862 litatealiquantulumsollicitarividerint,hosoupidos

91 2871 232 2944 quasdam
255 2877 312 2944 est,
328 2891 397 2947 quse
420 2879 557 2932 nutritur
578 2877 611 2933 iu
632 2879 749 2934 fomite.
765 2880 820 2935 Est
835 2880 917 2935 enim
971 2884 1092 2936 vocant.
1109 2879 1192 2945 Quos
1210 2877 1354 2951 providos
1369 2893 1434 2933 esse
1453 2877 1673 2950 perspexerint,
1689 2891 1800 2932 avaros

92 2975 160 3033 spes
174 2962 264 3033 quasi
277 2965 424 3020 memoria
433 2964 784 3037 quaedaminvisibilium
795 2968 919 3039 gaudio·
932 2987 956 3046 ρ
975 2968 1145 3024 nominant.
1163 2968 1224 3023 Eos
1237 2971 1339 3022 autem
1353 2967 1407 3039 qui
1422 2982 1453 3023 se
1476 2965 1614 3022 atiabiles
1637 2968 1668 3021 et
1685 2965 1800 3021 hilares

91 3064 171 3119 rum,
187 3067 256 3124 quae
280 3051 313 3108 in
335 3053 423 3109 corde
446 3054 580 3111 hominis
604 3056 760 3112 recondita
780 3058 919 3115 calefacit
971 3058 1115 3115 omnibus
1130 3056 1279 3129 praebent,
1294 3057 1370 3111 vitio
1386 3055 1572 3111 adulationis
1591 3055 1739 3111 inservire
1753 3053 1798 3109 di·

92 3136 169 3193 illud
182 3139 412 3211 intrinsecus,et
427 3159 488 3199 non
504 3144 579 3200 sinit
594 3160 728 3201 arescere
743 3145 856 3217 frigore
871 3147 917 3203 in·
972 3150 1055 3204 cunt.
1070 3145 1143 3202 Illos
1156 3146 1222 3200 viro
1235 3145 1410 3218 quisaepius
1423 3144 1581 3201 tristitiam
1592 3143 1681 3200 vultu
1691 3143 1798 3216 praete·

93 3224 249 3282 fidelitatis
271 3229 304 3283 in
326 3229 424 3285 hieme
442 3233 602 3303 praesentis
623 3234 704 3289 vitae.
722 3234 761 3290 Et
780 3235 918 3307 quandiu
971 3240 1055 3304 runt,
1071 3234 1189 3290 invidia
1203 3234 1356 3289 tabescere
1371 3232 1508 3289 credunt.
1524 3233 1563 3289 Et
1581 3247 1658 3304 quos
1683 3231 1800 3287 alacres

93 3312 158 3369 haec
171 3329 240 3386 spes
255 3315 332 3371 vivit
345 3317 378 3373 in
390 3322 496 3374 nostra
509 3326 622 3390 mente,
634 3337 794 3395 nunquam
809 3325 919 3380 arescit
972 3328 1002 3381 et
1016 3325 1142 3380 devotos
1155 3323 1188 3377 in
1203 3321 1407 3378 ministrando
1430 3321 1649 3394 perspexerint,
1664 3319 1746 3376 leves
1770 3323 1802 3374 et

93 3400 185 3457 arbor
197 3403 366 3475 sapientise,
378 3406 430 3461 sed
443 3408 701 3478 quemadmodum
711 3411 829 3483 lignum
844 3411 918 3468 11116-
971 3413 1127 3486 inquietos
1141 3426 1208 3467 csse
1222 3415 1373 3466 asserunt.
1389 3410 1472 3477 Quos
1493 3409 1608 3466 debiles
1621 3412 1677 3465 aut
1690 3424 1801 3480 graves

94 3504 163 3545 sum
177 3491 308 3548 virorem
324 3510 426 3562 suum,
435 3495 508 3552 dum
521 3497 669 3568 aqualem
683 3499 777 3556 habet
791 3506 920 3556 contem·
971 3501 1156 3569 invenerint,
1171 3500 1261 3572 quasi
1279 3501 1382 3572 pigros
1397 3502 1427 3556 et
1438 3499 1551 3555 inertes
1566 3501 1720 3555 accusant.
1738 3497 1800 3552 Ab·

92 3580 264 3650 perantiam
275 3582 414 3640 humoris
424 3588 454 3640 et
465 3585 584 3656 caloris,
592 3587 635 3643 sic
648 3587 771 3644 animus
786 3604 920 3646 arescere
973 3590 1108 3658 stemios‚
1126 3588 1232 3645 morbo
1256 3588 1426 3660 hypocrisis
1444 3587 1593 3655 laborare,
1615 3590 1644 3641 et
1668 3600 1720 3640 eos
1744 3586 1801 3656 qui

74 3659 77 3663 ’
93 3681 155 3724 non
170 3673 283 3741 potest,
300 3688 391 3744 quem
406 3676 435 3729 61
447 3674 529 3731 calor
542 3676 675 3748 Spiritus
690 3678 789 3736 sancti
804 3679 858 3750 qui
874 3679 920 3735 de·
972 3680 1043 3753 plus
1054 3677 1228 3734 necessitati
1242 3675 1413 3746 indulgent,
1428 3675 1515 3732 luxui
1529 3673 1679 3730 deservire
1692 3672 1800 3728 existi·

34 3803 35 3806 ,
93 3771 185 3830 super
199 3759 309 3828 radiat,
326 3763 434 3832 nutrit,
451 3768 481 3820 et
508 3766 645 3823 studium
667 3768 755 3825 honae
770 3769 918 3842 operatio·
973 3761 1649 3838 mant.Ethuncquidemerroremrnultiplex
1658 3761 1802 3817 contusio

93 3847 142 3903 1¹5⁸
154 3848 236 3919 (11¹0d
251 3851 361 3907 subtus
374 3856 430 3922 681,
445 3854 534 3925 rigat.
974 3856 1122 3929 sequitur.
1139 3853 1222 3911 Mala
1233 3853 1384 3926 siquidem
1408 3857 1439 3908 et
1464 3849 1610 3925 pestilens
1624 3850 1800 3920 curiositas,

106 3934 180 3992 Cae.
198 3936 235 3992 X.
249 3939 409 3998 Quomodo
423 3941 612 4010 frondescat
626 3946 720 4000 arbor
734 3948 906 4016 sapientiae
973 3962 1043 4019 quse
1053 3947 1202 4001 secretum
1208 3940 1624 4015 alienumimprohescrutari
1632 3938 1800 4003 contendit,

302 4043 364 4096 per
372 4031 703 4100 circumspectionem.
974 4049 1064 4107 soepe,
1080 4032 1223 4105 quamvis
1238 4030 1317 4087 nihil
1334 4030 1473 4086 inveniat
1494 4029 1577 4102 quod
1595 4029 1678 4100 juste
1701 4042 1801 4099 repre·

130 4113 256 4172 Decimo
269 4115 335 4173 loco
350 4117 529 4189 adjunctum
549 4125 595 4177 est
610 4124 691 4195 quod
706 4140 759 4196 per
773 4125 919 4181 circums·
973 4123 1105 4180 bendere
1116 4121 1224 4194 possit,
1237 4136 1380 4194 perversa
1395 4124 1497 4176 nmen
1515 4117 1665 4191 suspicari
1677 4130 1740 4174 non
1755 4116 1803 4172 de-

93 4204 264 4277 pectionem
288 4207 463 4280 frondescit,
487 4214 517 4266 et
540 4212 686 4284 expandit
710 4228 811 4270 ramos
836 4230 918 4271 suos.
974 4212 1066 4268 sistit.
1080 4211 1112 4268 Si
1126 4225 1198 4267 vero
1213 4210 1331 4281 aliquid
1345 4208 1472 4280 dignum
1496 4206 1731 4280 reprehensione
1754 4204 1799 4260 in·

94 4292 224 4361 Quidam
239 4301 322 4367 sunt,
338 4298 371 4354 in
386 4299 501 4372 quibus
515 4302 666 4374 sapientia
680 4303 713 4359 in
728 4302 825 4360 altum
840 4321 917 4362 cres·
932 4329 960 4387 D
973 4301 1103 4370 venerit,
1110 4300 1216 4355 statim
1228 4296 1378 4354 tumidam
1392 4301 1525 4354 mentem
1536 4311 1598 4352 non
1611 4294 1651 4350 ad
1662 4309 1800 4366 compas-

95 4384 145 4455 cit,
162 4386 287 4458 quidam
305 4388 427 4457 vero,in
438 4389 552 4461 quibus
566 4391 706 4447 inlatum
718 4408 749 4448 se
762 4396 917 4466 expandit.
974 4390 1102 4459 sionem,
1118 4388 1170 4445 sed
1185 4387 1224 4442 ad
1238 4389 1457 4460 comtemptum
1472 4384 1577 4443 trahit.
1598 4382 1800 4454 Contemptus

95 4471 133 4528 In
142 4474 388 4546 corrtemplativis
398 4477 431 4531 in
441 4477 538 4533 altum
549 4480 657 4550 surgit,
665 4481 718 4551 qui
728 4497 782 4554 per
792 4499 919 4543 acumen
974 4482 1076 4535 autem
1087 4478 1166 4533 iram
1181 4477 1303 4546 excitat,
1319 4476 1393 4548 quia
1407 4479 1480 4548 typo
1504 4473 1655 4546 superbiae
1672 4471 1800 4528 inflatus

95 4561 207 4616 mentis
219 4565 381 4633 penetrant
395 4565 543 4635 usquead
557 4569 792 4641 contemplanda
805 4579 920 4630 secreta
974 4568 1096 4622 animus
1120 4564 1312 4623 intolerabile
1326 4580 1391 4620 esse
1415 4562 1521 4632 credit,
1538 4559 1688 4634 quidquid
1707 4560 1750 4615 ab
1764 4574 1800 4615 eo

95 4647 286 4706 coelestiam
299 4651 408 4709 activis
421 4652 452 4708 in
464 4652 562 4709 latum
575 4670 608 4711 se
622 4659 779 4730 expandit,
791 4662 865 4733 quia
874 4663 920 4719 illi
974 4655 1116 4724 sustinet,
1127 4670 1221 4727 quam
1236 4653 1375 4727 despicit.
1388 4652 1505 4708 Deinde
1513 4651 1562 4706 ira
1574 4651 1607 4705 in
1618 4648 1802 4719 indignatio·

95 4736 296 4795 intentionem
311 4742 406 4798 menti
422 4758 485 4799 suae
504 4744 716 4818 multipliciter
729 4749 812 4806 foras
834 4768 920 4824 spar-
973 4759 1043 4800 nem
1058 4743 1349 4813 crescit‚indignatio
1369 4741 1401 4796 in
1417 4738 1635 4797 contumeliam
1650 4734 1800 4810 procedit,

95 4831 172 4898 gunt
188 4827 226 4884 ad
241 4829 446 4902 dispensanda
459 4835 756 4894 terrena.Suntvero
766 4840 919 4910 nonnulli,
974 4832 1158 4889 contumelia
1165 4827 1801 4903 odiumparit,odiumauteminveteratum

94 4916 149 4989 qui
163 4932 218 4990 per
231 4919 364 4991 quietem
380 4921 530 4978 divinitus
550 4924 609 4980 sibi
622 4941 807 4997 manassem,
820 4930 920 5001 primo
974 4921 1007 4976 in
1020 4921 1169 4978 invidiam
1186 4919 1307 4988 transit,
1321 4918 1440 4991 invidia
1454 4932 1526 4974 vero
1547 4917 1651 4972 animo
1675 4914 1802 4970 taedium

94 5005 228 5063 multum
241 5008 274 5064 in
286 5011 542 5084 contemplatione
566 5020 755 5085 excrescunt,
772 5017 824 5073 sed
846 5019 920 5075 dum
974 5011 1085 5083 giguit,
1101 5009 1226 5066 taedium
1239 5012 1343 5064 autem
1360 5022 1429 5064 cum
1444 5004 1591 5063 insederit
1605 5004 1698 5073 cordi,
1711 5003 1803 5076 quasi

93 5095 200 5152 vident
215 5097 292 5154 alios
304 5099 503 5174 simpliciores
517 5103 629 5161 tratres
650 5106 779 5163 terrenis
794 5108 920 5164 actioni·
975 5101 1059 5158 tinea
1072 5096 1235 5154 demolitur
1249 5096 1336 5166 illud,
1352 5100 1383 5152 st
1393 5095 1540 5152 suffocato
1553 5093 1666 5166 gaudio
1679 5093 1803 5148 interno

94 5184 153 5240 bus
167 5187 320 5260 occupari,
330 5204 381 5244 eos
394 5190 428 5244 in
439 5193 724 5263 comparationesui
737 5193 920 5267 despiciunt,
974 5189 1008 5244 in
1033 5186 1197 5259 semetipsa
1218 5185 1404 5242 conscientia
1425 5183 1564 5241 tabescit.
1584 5182 1635 5238 Fit
1658 5180 1719 5236 sibi
1743 5179 1805 5251 ipsi

94 5277 124 5330 et
138 5290 208 5331 cum
220 5271 280 5349 ipsi
292 5277 410 5334 steriles
423 5277 485 5335 sint
499 5295 517 5335 a
531 5280 613 5337 bono
624 5297 724 5354 opere,
730 5283 812 5338 hona
818 5287 937 5339 tamen·
975 5275 1078 5348 gravis
1090 5275 1214 5330 animus
1226 5278 1256 5330 61
1267 5275 1357 5347 quasi
1375 5272 1537 5346 plumbum
1552 5267 1722 5326 immobilis
1736 5283 1804 5340 per·

95 5379 189 5437 opera
202 5365 235 5421 in
248 5365 315 5421 aliis
332 5382 394 5423 non
410 5369 629 5440 pertimescunt
639 5371 787 5442 judicare.
804 5369 862 5434 Qui
876 5386 921 5425 er·
974 5378 1103 5420 manens
1117 5378 1241 5419 sursum
1255 5362 1331 5434 erigi
1345 5377 1407 5418 non
1420 5360 1510 5416 valet.
1520 5360 1559 5416 Et
1570 5359 1625 5432 qui
1633 5357 1720 5430 prius
1730 5371 1804 5430 peu·

98 5468 136 5525 80
150 5455 184 5509 in
198 5454 372 5512 humilitate
386 5460 467 5512 sture
487 5458 658 5529 negligunt,
673 5461 765 5513 vento
780 5456 922 5514 elationis
975 5453 1024 5508 nis
1038 5451 1304 5524 contemplationis
1318 5451 1410 5508 coelos
1422 5454 1581 5524 penetrare
1590 5451 1804 5517 consueverat,

98 5544 340 5612 conquassatis
362 5545 486 5617 fastigio
508 5545 775 5618 contemplationis
796 5545 919 5603 eadunt.
976 5557 1058 5598 nunc
1072 5541 1175 5614 gravis
1196 5556 1322 5614 pressus
1345 5541 1477 5614 pondere
1500 5539 1606 5596 subse
1624 5537 1715 5594 cadit.
1733 5537 1803 5593 Per·

54 5650 59 5657 ·
98 5627 275 5701 Dejectique
284 5632 379 5688 veris
389 5638 497 5707 patent
507 5634 662 5691 erroribus
672 5639 703 5692 ct
712 5634 921 5709 multipliciter
976 5630 1123 5687 horrescit
1135 5629 1278 5687 tenebras
1292 5645 1374 5700 suas,
1390 5645 1468 5702 quas
1482 5629 1567 5686 intus
1586 5626 1715 5700 patitur,
1730 5630 1762 5682 et
1776 5626 1805 5682 si

99 5715 138 5773 ab
152 5713 204 5782 ilie
218 5716 342 5775 interne
350 5735 425 5794 pace
437 5721 661 5785 inuehuntur.
672 5724 809 5795 Quorum
820 5725 923 5787 videti·
975 5718 1122 5797 possibile
1131 5718 1317 5791 esset,vellet
1326 5719 1472 5792 aufugere
1481 5717 1692 5791 sunedpsum.
1703 5715 1806 5789 Igitur
