3742 6082
70 170 140 226 titt
635 166 681 222 bu
701 163 883 222 ctaustao
903 165 1034 222 Ablue.
1050 195 1086 208 -
1100 164 1165 223 LIB.
1178 167 1224 224 lll.
1717 177 1785 232 libb

66 286 621 360 beatusAmbriosius,obcdivitmatri,
631 287 719 346 cessit
729 287 824 357 tratri,
836 302 896 343 scr·
913 291 938 346 Α
954 303 1042 343 verso
1056 303 1126 360 spes
1143 287 1330 361 proficiendi.
1346 293 1403 347 Nec
1419 280 1546 347 tantum
1560 292 1684 363 jubetur
1707 295 1796 352 acci-0

66 380 140 436 vivit
153 375 315 435 avunculo.
329 398 344 425 »
357 378 454 442 Quam
465 376 552 433 dulce
563 375 898 434 estcommorariindo·
950 392 1021 450 pere
1034 392 1173 451 puerum,
1189 377 1242 433 sed
1263 382 1292 434 et
1310 382 1448 451 matrem,
1464 380 1565 450 idest,
1592 381 1705 440 bonam
1733 400 1785 441 vo-

68 485 119 525 mo
133 467 233 524 Labau
249 465 340 521 etiam
350 463 523 522 laboranti?
537 463 614 522 Nihil
628 469 673 522 est
684 464 798 522 amanti
818 464 898 521 dilli-
951 464 1109 523 luntatem.
1127 470 1216 525 llater
1230 467 1310 525 enirn
1323 467 1396 524 boni
1410 470 1565 542 propositi,
1582 471 1666 530 bona
1676 473 1784 531 volun-

67 556 133 628 cile,
142 553 216 611 nihil
226 557 273 609 est
288 568 379 624 grave
387 551 568 610 desideranti
582 553 683 609 venire
694 552 727 609 in
742 552 900 626 amplexus
953 559 999 611 tas
1013 559 1110 629 potest
1124 555 1279 632 appellari.
1302 556 1395 630 littae,
1411 557 1517 630 inquit,
1544 561 1576 616 tu
1598 561 1784 634 AEgpptum,

67 642 203 701 Rachelis
216 658 223 696 z
237 640 376 697 videntur
390 639 471 696 enim
498 640 588 713 pauci
601 640 666 697 dics
695 639 808 699 laboris
837 656 899 714 prm
952 643 984 700 id
998 648 1052 713 est,
1070 645 1189 703 attende
1211 646 1371 716 muudum,
1399 646 1556 704 considera
1582 648 1722 723 teipsum,
1738 667 1784 708 re·

67 732 179 789 amoris
194 729 414 800 magnitudine.
428 731 544 800 Recipit
556 744 628 801 ergo
642 731 736 787 Jacob
757 735 786 787 et
812 732 899 787 tiam
953 732 1013 788 duc
1026 732 1066 789 ad
1080 739 1212 791 mentem
1223 735 1363 792 tenebras
1387 739 1523 791 veterum
1544 735 1731 810 delictorum,
1751 743 1786 796 ut

68 820 256 890 (Genaua),
271 818 370 889 idest,
386 817 518 875 activam
532 818 668 876 vitamet
690 818 900 892 contemplati-
955 819 981 876 si
994 837 1081 878 vanae
1095 821 1197 894 gloriae
1213 823 1340 880 stimulis
1359 822 1500 892 inciteris,
1516 823 1634 897 qualis=
1649 825 1681 882 in
1706 843 1782 884 mun

66 909 265 967 vam.llitatur
278 911 379 963 autem
389 906 489 964 liberis
504 912 533 964 et
545 908 687 979 gregibus
702 908 815 975 ovium,
825 907 900 965 dum
954 908 995 965 do
1007 908 1087 966 fuisti
1096 910 1247 968 humiliter
1258 911 1422 982 mediteris,
1439 916 1467 968 et
1476 916 1538 968 esto
1549 911 1696 987 ihiusque
1710 913 1784 972 dum

67 998 158 1055 bonis
167 995 309 1070 operibus
318 995 463 1066 abundat,
473 1001 502 1053 et
512 997 702 1054 multitudine
720 996 900 1072 simplicium
955 997 1055 1056 dicam
1071 999 1134 1069 tibi,
1146 1000 1178 1056 id
1190 1005 1244 1072 est,
1260 1017 1323 1058 non
1338 1006 1455 1058 avertas
1482 1001 1586 1057 cordos
1613 1002 1722 1060 mentis
1744 1003 1785 1061 ab
1845 1029 1852 1037 ·

67 1085 354 1157 cogitationumSed
362 1085 647 1156 huicrevertenti,ad
657 1085 797 1159 patriam,
808 1101 899 1158 quem
954 1086 1062 1145 intuitu
1077 1089 1225 1147 mundani
1240 1106 1337 1159 casus,
1352 1094 1380 1147 et
1394 1089 1511 1148 delectu
1522 1091 1652 1165 propriae
1676 1091 1785 1165 fragili·

66 1177 150 1250 prius
161 1174 899 1248 fugeralfrateroccurrit.llirares,etiampcrlectis
955 1175 1132 1248 tatis,douec
1147 1178 1184 1235 de
1200 1182 1326 1252 AEgypto
1341 1179 1381 1235 ad
1397 1179 1579 1236 Hierusalem
1590 1179 1784 1250 revoceris,id

66 1264 253 1337 quandoque
269 1262 423 1319 blanditur
432 1263 556 1320 allectus
569 1263 676 1321 earnis.
690 1267 762 1320 Ecce
774 1278 901 1337 quomo·
955 1269 1011 1327 est.
1025 1280 1043 1320 a
1058 1265 1299 1323 consideratione
1318 1272 1453 1324 veterum
1468 1267 1646 1325 delictorum
1656 1268 1696 1325 ad
1712 1285 1783 1327 con·

66 1355 107 1411 do
120 1353 213 1410 laoob
228 1352 364 1408 ambulat
379 1369 449 1409 cum
464 1355 551 1421 Esau,
567 1354 763 1423 amplexatur
773 1354 902 1409 etstrin-
956 1353 1163 1426 temptandam
1178 1355 1394 1413 beatitudinem
1408 1373 1547 1431 supernae
1570 1357 1663 1431 pacis.
1684 1360 1784 1416 Futu-

66 1444 110 1514 gt‘t
126 1443 283 1499 osculatur
297 1445 324 1498 et
342 1442 447 1510 plorat
463 1444 477 1496 t
500 1441 583 1512 (Gen.
595 1444 709 1508 xxxin).
726 1440 897 1497 ambulatio
954 1457 1023 1496 rum
1037 1449 1079 1498 est
1095 1445 1184 1512 caira,
1199 1451 1230 1500 ut
1240 1446 1374 1502 Herodes
1388 1452 1504 1520 quaerat
1516 1462 1646 1518 puerum
1658 1448 1699 1504 ud
1713 1461 1783 1518 per·

68 1530 232 1603 spiritualis
247 1528 340 1585 lacob
354 1533 383 1584 et
397 1528 526 1597 carnale,
540 1532 617 1585 Esau
627 1533 672 1585 est
685 1529 777 1586 animi
791 1530 897 1587 volun·
956 1529 1084 1587 deeidam
1098 1547 1173 1589 eura.
1185 1535 1294 1590 blentcs
1307 1534 1455 1608 siquidem
1463 1551 1560 1609 nuper
1569 1551 1783 1593 conversorum

68 1626 124 1686 las,
136 1619 293 1694 amplexus
306 1617 455 1690 voluptas,
463 1617 573 1674 strictio
582 1619 895 1692 cupiditas,oseulum,
914 1641 934 1696 B
955 1635 1035 1675 vana
1050 1619 1144 1690 gloria
1159 1621 1237 1695 (quie
1251 1638 1305 1695 per
1319 1623 1467 1681 Herodem
1486 1624 1669 1697 designatur)
1685 1640 1783 1699 quan-

67 1708 213 1775 adulalio,
228 1707 316 1762 lletus
347 1705 447 1762 earnis
476 1705 603 1764 allectio.
630 1708 773 1766 ambulat
797 1709 898 1782 itaque
954 1708 1055 1781 doque
1071 1715 1166 1780 vexat,
1183 1710 1536 1785 utbonainiliaperdal.
1553 1716 1613 1770 lloc
1637 1714 1718 1770 enim
1740 1714 1785 1770 in-

67 1796 206 1871 pedibus,
237 1795 426 1869 amplectitur
450 1794 592 1865 brachiis,
616 1798 758 1854 manibus
773 1800 898 1869 stringit,
954 1801 1132 1871 terpretatur
1153 1799 1295 1871 llerodeS,
1319 1802 1411 1872 pellis
1439 1803 1549 1872 gloria.
1577 1803 1679 1860 Omnis
1702 1803 1784 1861 enirn

68 1886 157 1943 labiis
171 1885 333 1956 osculatur,
349 1885 444 1942 oculis
458 1884 565 1958 plorat.
588 1890 652 1943 lluo
676 1888 768 1962 pedes
788 1888 899 1962 quibus
954 1886 1049 1958 gloria
1063 1885 1194 1944 filiarum
1208 1888 1258 1944 llei
1273 1889 1313 1945 ab
1337 1889 1418 1946 intus
1446 1891 1541 1959 (Psal.
1570 1893 1657 1967 xuv).
1682 1892 1782 1950 omnis

70 1979 149 2032 Esau
164 1975 308 2033 ambulat.
322 1975 353 2031 id
367 1981 422 2043 est,
436 1975 564 2034 carnalis
580 1977 784 2036 allectuscum
797 1979 900 2036 animo
954 1974 1050 2047 gloria
1065 1975 1196 2033 tiliarum
1227 1977 1327 2034 saeculi
1343 1978 1525 2035 extrinsecus
1540 1986 1674 2055 apparat.
1704 1982 1785 2039 Sicut

70 2064 215 2137 spirituali
240 2068 309 2121 sunt
330 2064 435 2121 levitas
461 2070 490 2122 et
514 2066 632 2123 vanitas
646 2067 818 2124 voluntatis.
836 2071 900 2124 lluo
954 2064 1035 2120 enim
1048 2081 1118 2122 caro
1134 2065 1310 2122 animalium
1339 2067 1468 2124 exterius
1499 2069 1575 2142 pelle
1603 2070 1720 2142 tegitur,
1741 2070 1783 2128 sic

68 2154 194 2211 brachia
208 2153 321 2211 deliciae
338 2159 367 2210 et
392 2154 503 2211 divitiae
515 2155 688 2229 voluptatis.
706 2158 776 2213 lluoe
790 2174 900 2214 manus
954 2153 1092 2210 animalis
1104 2154 1223 2227 spiritus
1237 2157 1370 2229 appetitu
1380 2173 1464 2214 vana
1475 2157 1576 2228 glorie
1587 2158 1628 2217 ad
1638 2159 1784 2218 exteriora

68 2243 179 2317 quibus
195 2242 320 2314 stringit,
337 2248 407 2299 sunt
420 2243 569 2317 rapacitas
585 2250 614 2300 et
624 2244 767 2303 tenacitas
783 2246 899 2319 cupidi·
954 2259 986 2298 se
1001 2258 1155 2317 spargens,
1170 2242 1336 2301 lorinsecus
1355 2245 1527 2304 delectatur.
1557 2247 1607 2304 llic
1635 2252 1679 2305 est
1693 2251 1783 2305 liero-

68 2333 145 2389 tatis.
162 2335 225 2389 Duo
241 2332 332 2400 labia,
348 2337 417 2388 sunt
431 2333 563 2406 captatio
576 2333 792 2391 benevolentia
805 2340 833 2392 et
855 2351 902 2391 os·
954 2333 1017 2401 des,
1033 2332 1086 2406 qui
1101 2332 1180 2389 clam
1194 2350 1302 2404 magos
1318 2341 1416 2407 vocat,
1431 2341 1464 2393 ut
1478 2336 1517 2392 ab
1532 2337 1575 2393 eis
1591 2343 1709 2413 tempus
1719 2337 1785 2395 stel-

70 2420 166 2477 tensio
181 2419 309 2477 carnalis
324 2419 474 2492 amicitiae,
488 2437 555 2494 quae
567 2421 716 2492 pertinent
729 2422 769 2479 ad
798 2421 902 2479 adula-
953 2421 990 2478 le
1005 2421 1162 2492 diligenter
1176 2422 1308 2497 inquirat
1321 2425 1441 2495 (blattlt.
1456 2426 1497 2497 ιι),
1512 2426 1595 2483 Clam
1605 2426 1784 2501 vocat,quia

69 2509 193 2566 tionem.
208 2511 272 2565 Duo
287 2508 377 2580 oculi,
393 2513 463 2566 sunt
473 2509 600 2566 societas
612 2513 641 2566 et
653 2512 900 2583 consanguinitas
954 2510 1110 2567 inocculto
1122 2527 1203 2568 vana
1213 2511 1309 2582 gloria
1323 2517 1455 2570 mentem
1471 2519 1568 2571 vexat.
1586 2517 1669 2573 Vana
1689 2515 1783 2590 siqui-

69 2612 138 2670 quae
154 2597 317 2671 respiciunt
338 2597 816 2669 carnisaffectionemuacsunt,
832 2616 901 2675 quaa
955 2600 1024 2656 dem
1040 2599 1135 2672 gloria
1150 2605 1264 2657 mentes
1278 2601 1476 2674 quaerentium
1504 2603 1666 2661 Dominum
1679 2609 1783 2674 tentat,

69 2685 266 2742 blandiuntur
280 2686 368 2744 nobis
388 2686 615 2743 ambulantibus
638 2689 669 2744 in
695 2688 744 2745 via
772 2689 900 2746 Domini.
955 2688 988 2741 ut
1003 2685 1042 2742 ab
1055 2686 1097 2742 eis
1111 2687 1276 2745 modumet
1289 2689 1484 2746 intentionem
1501 2691 1703 2749 conversionis
1716 2692 1785 2751 sub·

71 2775 173 2845 igitur,
185 2775 371 2844 charissime,
388 2776 413 2831 si
427 2775 652 2833 occurrerittibi
673 2779 760 2846 Esau,
781 2793 855 2848 roga
871 2782 903 2833 ut
957 2775 1034 2831 tilius
1049 2776 1156 2846 diseat,
1172 2794 1265 2851 quarn
1281 2778 1392 2836 scilicet
1409 2779 1605 2838 intentionem
1619 2797 1706 2839 mens
1732 2783 1784 2841 ba·

69 2865 215 2930 discedat,
237 2865 306 2936 luge
335 2880 510 2939 perversum
541 2865 663 2922 tratrem
678 2870 710 2922 ut
724 2866 838 2923 habeas
851 2882 902 2940 pa·
955 2863 1063 2934 buerit,
1079 2865 1203 2938 quando
1217 2866 1258 2923 illi
1272 2884 1340 2941 spes
1355 2869 1532 2944 appetendae
1552 2869 1704 2942 religionis
1729 2887 1783 2945 ap-

71 2970 148 3022 oem,
161 2953 239 3010 vade
254 2969 323 3010 cum
338 2954 430 3010 lacob
445 2971 451 3008 :
467 2971 537 3010 cum
553 2971 589 3010 eo
604 2954 684 3010 enim
698 2956 816 3029 parvuli
839 2973 902 3012 am·
917 2990 937 3045 C
955 2953 1065 3025 paruit,
1096 2958 1196 3011 utrum
1220 2955 1341 3028 sapiens
1354 2957 1462 3031 aliquis
1475 2973 1638 3015 conversus
1652 2960 1785 3019 confidat

70 3043 187 3099 bulant.
204 3043 260 3108 Qui
274 3042 354 3099 enim
369 3042 440 3099 vitia
455 3041 660 3116 supplantant,
672 3043 846 3102 humilitatis
857 3060 904 3101 so·
955 3039 986 3097 in
1001 3042 1124 3115 proprio
1151 3061 1253 3112 sensu,
1284 3061 1323 3102 an
1352 3045 1494 3117 glorietur
1520 3047 1657 3105 diresin
1681 3047 1783 3106 oblato

72 3132 209 3189 cietatem
220 3147 340 3204 semper
351 3135 463 3188 amant.
477 3133 581 3198 Quaerc
590 3147 660 3202 ergo
674 3130 783 3188 lectum
793 3134 900 3190 Jacob:
957 3146 1057 3198 sensu,
1070 3136 1171 3187 utrum
1185 3132 1288 3190 fortior
1301 3135 1339 3190 de
1351 3134 1507 3205 labore,an
1522 3136 1651 3194 nobilior
1664 3153 1720 3211 pro
1734 3153 1784 3209 ge-

72 3221 137 3294 ipse
146 3221 226 3278 enim
235 3220 380 3294 spirituali
388 3220 563 3278 dormitorio
571 3220 680 3277 lectum
689 3237 777 3277 suurn
792 3222 901 3295 posuit.
956 3236 1026 3276 nere
1040 3221 1293 3294 glorietur,utrum
1310 3225 1488 3299 temporalia
1498 3226 1537 3282 ad
1548 3225 1713 3300 spiritualia
1727 3227 1785 3302 spi·

73 3309 116 3365 lbi
128 3308 238 3366 dormit
253 3308 383 3379 Samuel,
398 3308 440 3365 ibi
454 3308 566 3367 dormit
577 3309 697 3382 loseph.
713 3309 824 3383 loseph
835 3310 904 3366 dor-

72 3397 127 3454 mit
141 3397 170 3453 in
185 3397 277 3454 domo
288 3398 410 3469 (Mattlr,
424 3397 465 3469 ιι),
482 3387 603 3455 Samuel
617 3397 647 3454 in
665 3398 777 3472 templo
794 3398 822 3471 (l
829 3402 901 3472 Rea.

72 3485 227 3558 rrrt,lacob
242 3486 272 3541 in
301 3486 405 3542 itinere
434 3487 518 3557 (Gen.
548 3487 658 3558 xxvru).
688 3486 772 3544 Videt
793 3487 903 3561 loseph

72 3575 215 3645 angeium
228 3576 323 3632 sibiin
332 3575 447 3631 somnis
457 3581 653 3649 apparentem
666 3594 673 3644 ;
689 3576 774 3633 audit
783 3576 904 3634 Samuel

74 3664 233 3721 bominum
249 3664 305 3721 sibi
318 3663 539 3738 colloquentem
554 3683 560 3720 :
574 3665 666 3721 lacob
680 3682 750 3722 vero
764 3681 826 3723 non
841 3670 904 3722 tan-

73 3758 137 3810 tum
160 3754 242 3810 videt
265 3753 389 3824 angelos
418 3755 613 3810 ascendentes
628 3758 657 3810 et
678 3754 903 3826 descendentes,

74 3842 128 3898 sed
145 3842 234 3899 etiam
247 3842 328 3900 videt
341 3849 370 3900 et
384 3843 467 3900 audit
483 3843 644 3900 bominum
658 3842 867 3915 respicientem
876 3849 906 3900 et

72 3930 246 4005 loquentem
269 3933 308 3988 ad
333 3949 374 3989 so.
387 3933 476 3990 audit
495 3932 605 4006 loseph
620 3931 763 4002 angelum
776 3949 903 3990 monen-

73 4024 152 4089 tem;
171 4021 291 4076 Samuel
305 4021 465 4078 bominum
478 4020 689 4094 corripientem
702 4038 709 4088 ς
725 4020 817 4077 tacob
845 4024 903 4078 llo·

73 4108 189 4164 urinum
202 4111 435 4182 promittentem,
449 4109 538 4166 Audit
555 4110 686 4183 loseph:
713 4109 904 4182 Aeapepue·

956 3308 1030 3365 ritus
1045 3311 1189 3384 attendat,
1207 3316 1307 3369 utrum
1322 3313 1464 3386 respiciat
1485 3315 1594 3371 intuitu
1607 3316 1784 3390 appetendae

955 3398 1107 3469 religionis
1129 3402 1324 3458 commodum
1339 3402 1477 3460 beneficii
1492 3403 1674 3478 temporalis.
1691 3408 1723 3462 ln
1737 3405 1785 3463 bis
1845 3458 1848 3462 .

955 3487 1045 3558 igilur
1074 3488 1113 3544 ab
1138 3490 1250 3546 Herode
1277 3490 1410 3564 quotidie
1441 3492 1540 3565 nobis,
1554 3492 1586 3549 id
1608 3498 1683 3551 esta
1705 3509 1785 3551 vana

957 3577 1052 3648 gloria
1066 3578 1223 3635 consilium
1238 3580 1335 3647 datur,
1350 3585 1384 3636 ut
1397 3596 1451 3652 per
1465 3596 1535 3636 eum
1547 3583 1701 3639 transeant
1727 3582 1786 3640 sin·

957 3666 1029 3737 guli,
1052 3670 1080 3721 et
1108 3683 1162 3740 per
1189 3683 1259 3723 eum
1288 3672 1481 3725 revertantur.
1501 3667 1644 3725 Defuncto
1669 3669 1784 3729 Herode

956 3758 1096 3811 monetur
1109 3755 1229 3829 loseph,
1245 3759 1278 3811 nt
1290 3755 1415 3812 reducat
1428 3772 1557 3830 puerum
1579 3774 1650 3814 curn
1677 3763 1782 3816 matre.

956 3846 1031 3901 Puer
1054 3860 1125 3900 cum
1149 3848 1255 3914 matre,
1280 3844 1394 3918 puritas
1423 3845 1506 3903 estin
1519 3845 1683 3904 voluntate.
1710 3850 1782 3915 Quae

956 3931 1112 3990 revertitur
1126 3948 1195 3989 cum
1211 3932 1340 3991 Herodes
1354 3934 1488 3990 moritur.
1507 3937 1584 3991 bum
1597 3935 1680 3993 enim
1693 3953 1784 3994 mun·

956 4023 1013 4080 dns
1039 4021 1210 4096 despicitur,
1237 4023 1312 4079 dum
1334 4039 1404 4080 caro
1430 4023 1581 4095 affligitur,
1609 4025 1682 4083 etin
1699 4027 1784 4086 nullo

955 4109 1080 4167 istorum
1096 4111 1215 4168 animus
1231 4111 1324 4183 gloria
1336 4112 1435 4170 laudis
1445 4114 1577 4185 inflatur,
1601 4115 1675 4174 scito
1700 4117 1785 4192 quod

73 4214 151 4265 rum,
163 4204 190 4254 et
202 4201 275 4270 suge
289 4201 320 4256 in
337 4201 524 4271 AEqyptum,
536 4204 564 4256 et
579 4204 639 4255 esto
664 4199 708 4255 itt
725 4200 904 4271 usquedum
956 4204 1026 4255 tunc
1041 4199 1140 4256 inanis
1155 4199 1250 4270 gloria
1264 4215 1389 4275 prorsus
1415 4201 1607 4258 annihilatur.
1637 4207 1673 4261 Ut
1693 4205 1785 4275 igitur

73 4287 172 4343 alicam
188 4288 258 4358 tibi,·
271 4289 412 4360 fratruum
429 4294 471 4346 est
486 4291 563 4345 enlm
578 4294 610 4345 ut
624 4287 756 4345 Herodes
787 4293 905 4360 quaerat
919 4341 941 4395 D
957 4293 1091 4344 servetur
1104 4288 1256 4345 humilitas
1266 4287 1483 4362 incipientium,
1496 4289 1785 4367 fugiamusinAEgy·

69 4391 198 4446 puerum
213 4377 254 4432 ud
264 4377 540 4454 perdendum-eum.
551 4376 642 4434 Audit
652 4375 773 4434 Samuel
789 4395 795 4433 :
823 4379 905 4435 Prae·
957 4380 1054 4451 ptum.

71 4464 139 4522 arai
148 4465 221 4522 Heli
233 4464 314 4534 cuod
326 4465 525 4521 dedicaturos
537 4480 626 4522 esscru
641 4466 761 4523 domum
776 4468 841 4537 ejus
872 4468 905 4523 iu
995 4465 1023 4523 Si
1038 4470 1139 4522 antem
1161 4465 1243 4540 sequi
1268 4466 1410 4523 volumus
1426 4466 1612 4525 altitudinem
1625 4466 1785 4541 proficien-

72 4558 216 4610 aelernum
245 4558 370 4623 propter
392 4553 591 4624 iniquitatem,
625 4568 657 4609 eo
678 4556 759 4626 quod
784 4556 907 4628 indigue
958 4555 1257 4626 tium,ascendamus
1282 4554 1314 4612 in
1339 4556 1501 4626 excelsum,
1528 4557 1730 4616 ascendamus
1753 4559 1786 4616 iu

72 4659 163 4714 apere
189 4644 268 4713 filios
283 4658 351 4699 suos
365 4649 499 4712 uouerat,
512 4648 540 4699 et
555 4657 614 4698 uon
625 4645 835 4713 coretputteos.
850 4650 908 4703 rtu-
960 4643 1029 4714 Silo,
1043 4643 1085 4700 ibi
1096 4645 1177 4701 enirn
1191 4649 1327 4703 moratur
1342 4646 1464 4703 Samuel
1477 4646 1640 4719 intemplo.
1651 4649 1787 4714 Quatuor

72 4732 116 4787 dit
128 4731 241 4788 Jacob:
260 4734 393 4799 Terram,
410 4733 442 4787 iu
455 4747 516 4803 qua
526 4731 649 4800 dotatis,
664 4730 718 4786 tibi
736 4731 824 4788 dabo.
841 4735 908 4789 Pos-
959 4737 1060 4788 autem
1073 4733 1173 4789 modis
1187 4733 1509 4805 proficiunthomines‚
1526 4734 1663 4793 videlicet
1682 4736 1713 4794 in
1742 4753 1785 4806 se,

73 4825 143 4876 saint
153 4837 207 4893 per
221 4822 277 4877 hos
293 4826 350 4877 tres
365 4819 514 4889 homines,
527 4824 587 4876 tres
607 4818 769 4875 bominum
793 4821 907 4895 species
956 4819 1042 4892 juxta
1052 4835 1094 4887 sc,
1111 4836 1258 4893 superse,
1276 4821 1334 4877 sub
1347 4838 1388 4877 se.
1404 4827 1435 4877 ln
1457 4827 1483 4877 te
1499 4827 1542 4878 est
1556 4823 1686 4896 animus,
1699 4825 1786 4899 juxta

72 4909 227 4978 designari
240 4909 402 4966 moraliter.
419 4914 451 4966 ln
462 4909 573 4983 loseph
587 4906 839 4982 incipientium,in
855 4911 906 4965 Sa·
925 4946 927 4949 -
958 4911 986 4964 te
1000 4907 1166 4981 proximus,
1180 4912 1310 4979 superte
1325 4909 1475 4981 praelatus,
1491 4911 1547 4968 sub
1560 4917 1586 4969 te
1607 4912 1783 4988 cliseipulus.

72 4997 173 5053 muele·
188 4997 419 5071 proficientium,
435 4999 465 5055 in
477 4998 570 5056 Jacob
585 4997 796 5069 perfectorum.
812 4999 907 5054 lione-
960 5000 992 5052 ln
1003 4999 1029 5052 te
1043 4995 1133 5065 igitur
1147 4995 1268 5067 proficis
1282 4997 1463 5070 perbonam
1477 4999 1579 5071 vitam,
1600 5002 1633 5058 in
1647 5003 1785 5076 proximo

73 5089 121 5141 tur
134 5085 280 5161 incipiens
300 5093 333 5144 ut
355 5087 460 5160 lugiet,
485 5089 611 5144 docetur
620 5085 782 5160 proficiens
797 5089 830 5141 ut
843 5101 906 5143 cor·
958 5100 1012 5158 per
1022 5083 1200 5152 doctrinam,
1217 5083 1246 5139 in
1263 5085 1405 5157 magistro
1417 5103 1472 5162 per
1486 5089 1732 5161 admonitIonem,
1753 5089 1786 5146 in

72 5173 171 5247 ripiat,
182 5174 323 5233 invitatur
334 5176 482 5250 perlectus
493 5182 525 5234 ut
539 5175 671 5250 recipiat.
701 5175 808 5248 loseph
834 5173 906 5231 dici·
959 5171 1085 5229 subditis
1100 5188 1154 5246 per
1168 5172 1392 5231 correctionem.
1409 5179 1482 5232 Ecce
1497 5175 1650 5249 quomodo
1666 5176 1786 5233 Samuel

73 5268 122 5319 tur
135 5280 317 5337 accrescens,
331 5265 360 5320 id
373 5268 426 5332 est,
441 5265 596 5337 incipiens.
621 5268 701 5321 lunc
730 5262 810 5320 enim
835 5263 905 5321 inci·
956 5259 1254 5336 habitatiutemplo,
1272 5278 1340 5320 ecce
1355 5263 1510 5337 quomodo
1525 5263 1705 5336 loquiturad
1723 5263 1786 5321 lleli

74 5352 159 5425 piens
188 5354 303 5420 crescit,
334 5370 403 5410 cum
417 5353 449 5409 in
472 5353 555 5410 initio
570 5352 773 5411 conversionis
788 5352 904 5410 noviter
956 5349 1183 5421 verbaDomiai,
1196 5353 1352 5423 quomodo
1362 5358 1431 5425 post
1443 5351 1787 5425 eumprreponilurmul·

74 5456 236 5498 conversus
251 5443 288 5499 de
304 5443 409 5500 virtute
423 5443 455 5500 in
476 5445 614 5499 virtutem
638 5440 765 5515 proficit.
790 5441 904 5514 Accipit
957 5440 1073 5499 titudini
1088 5440 1219 5497 tiliorum
1236 5443 1325 5498 lsrael
1340 5443 1367 5514 (I
1380 5444 1449 5512 Itep.
1466 5442 1515 5511 ιιι).
1534 5442 1654 5497 llabitas
1665 5440 1696 5499 in
1711 5448 1785 5499 lem·

75 5544 214 5602 puerum,
225 5532 300 5589 dum
313 5549 399 5588 novae
414 5533 480 5589 vitm
497 5537 574 5589 tenet
587 5533 764 5587 institutum.
782 5533 812 5586 ln
826 5547 901 5604 puc—
956 5528 1017 5600 plo,
1033 5529 1107 5585 dum
1122 5546 1173 5586 cor
1187 5530 1389 5588 tuumsanctis
1397 5530 1641 5587 meditationibus
1653 5549 1784 5590 exerces.

75 5633 110 5673 ro
123 5618 203 5675 enim
217 5619 345 5679 habetur
360 5639 428 5697 spes
443 5621 605 5691 crescendi,
619 5626 647 5679 et
664 5620 694 5676 in
710 5633 807 5694 nuper
831 5634 901 5676 con·
954 5616 1058 5690 aperis
1072 5619 1151 5679 ostia
1163 5621 1277 5696 templi,
1293 5619 1367 5678 dum
1378 5617 1551 5693 proximum
1559 5619 1658 5678 doces.
1673 5625 1786 5697 Loque-
