3742 6082
522 186 570 255 1)ss⁴
588 185 769 249 chausses
788 183 965 251 hilliwa-
978 186 1099 250 titini.
1147 192 1152 207 '
1592 197 1664 258 stat

59 320 96 363 im
110 309 285 380 peccantem
298 312 428 380 revocat,
441 323 495 385 per
504 311 679 384 patientiam
693 310 815 375 susti-A
834 312 973 382 stantem,
988 311 1046 371 uisi
1060 313 1168 373 mendi
1192 290 1353 376 elahonem
1373 317 1387 374 t
1413 318 1541 378 Nicanor
1562 323 1664 398 itaque
1712 304 1716 310 ¹

59 397 196 473 aspectat.
213 399 245 454 tn
270 396 439 455 Bethlehem
459 399 543 457 ludis
560 401 694 462 Christus
707 417 779 458 nas·
833 399 1062 473 elephantorum
1078 404 1183 461 turmis
1197 406 1391 481 praeponitur,
1407 411 1524 482 quoties
1543 413 1664 471 incorri-

59 482 100 542 ed
113 483 144 543 in
159 485 302 543 Nazareth
317 487 455 559 nutritur,
467 492 495 546 et
510 494 683 549 tamennon
698 491 780 549 Beth-
833 489 970 561 gibilium
980 493 1132 551 menibus
1158 496 1299 570 superbia
1326 496 1509 557 dominatur.
1539 505 1613 560 Ossa
1624 505 1663 561 si·

59 578 109 644 tes,
125 573 180 632 sed
194 577 342 633 Nazarens
359 577 536 654 appellatur.
563 583 595 637 ln
608 580 778 639 Bethlehem
832 577 956 652 quidem
980 597 1103 639 crurum
1128 583 1357 658 elephantorum
1381 588 1528 659 juncturis
1552 597 1662 663 carent,

61 662 192 722 hristum
204 668 310 723 natum
335 665 486 739 Scriptura
514 667 605 727 tuisse
631 665 777 737 meminit,
833 667 913 727 unde
928 669 1068 742 superbis
1082 672 1295 743 assimilantur,
1315 675 1403 747 quia
1428 693 1484 734 suo
1507 682 1664 753 proposito

59 768 81 811 ir
101 752 323 813 confessionem
341 756 532 830 spiritualiter
558 758 598 814 ad
622 755 778 817 hominem
831 756 910 815 tlecti
921 773 1118 833 nequmuam
1137 762 1246 821 valent.
1261 763 1380 822 Mittitur
1392 765 1493 839 itaque
1505 768 1632 827 Nicanor
1645 787 1665 828 a

58 841 197 899 escendit.
209 843 352 900 Nazareth
368 845 425 915 llos
444 847 505 904 sive
524 847 673 905 munditia
692 845 778 905 intar-
832 845 989 916 Demetrio,
1004 847 1097 907 idest
1111 849 1232 923 spiritus
1246 851 1383 909 elationis
1402 853 1565 912 adiaholo.
1582 857 1664 914 Nitti-

58 945 87 986 ιο.
99 933 132 987 ln
144 931 287 989 Nazareth
299 930 390 1003 igitur
401 933 531 992 nutritur
540 939 568 993 et
586 933 712 1003 habitat,
726 932 779 1007 qui
833 938 879 991 tur
892 935 1126 1008 irrideamur
1139 941 1273 1001 destruat
1285 944 1480 1001 confessionis
1497 949 1615 1015 terram,
1630 953 1663 1004 ut

58 1016 224 1075 inunditire
240 1017 413 1095 delectatur,
430 1024 459 1080 el
472 1037 540 1080 eam
560 1026 777 1099 semperamat.
831 1023 940 1085 ludam
950 1028 1059 1100 capiat,
1075 1034 1105 1088 et
1117 1045 1169 1090 eos
1179 1031 1232 1103 qui
1258 1048 1328 1090 eum
1355 1048 1391 1090 eo
1415 1039 1485 1091 sunt
1498 1034 1660 1109 dispergat,

58 1108 75 1161 ¹.
100 1107 185 1176 Quod
199 1109 290 1165 multi
310 1110 381 1181 sint,
408 1111 462 1185 qui
471 1111 611 1170 radoan
623 1118 652 1169 et
665 1111 777 1169 uinu-
831 1117 921 1171 uteos
934 1116 1055 1186 scilicet,
1071 1118 1122 1187 iiiii
1139 1124 1264 1193 peccata
1277 1137 1333 1178 sua
1340 1121 1528 1196 confitentur,
1540 1125 1663 1182 curiosi·

224 1198 318 1257 satem
334 1199 503 1259 destruunt.
832 1205 890 1259 tate
902 1207 1010 1276 teneat,
1026 1212 1055 1264 et
1064 1223 1203 1280 perversa
1217 1210 1433 1268 consuetudine
1448 1211 1519 1282 liget
1534 1231 1541 1280 3
1555 1218 1583 1270 et
1597 1230 1661 1283 cos,

58 1289 163 1360 esunt,
177 1303 245 1361 qum
260 1287 483 1347 confessionem
500 1288 680 1364 impediunt.
698 1288 777 1349 liulti
831 1291 883 1363 qui
898 1293 1072 1353 confitentes
1094 1298 1297 1365 consolantur,
1322 1299 1477 1372 impediat,
1495 1301 1663 1359 orationem

58 1393 94 1433 un
108 1377 209 1435 hostes
225 1376 361 1435 tudieam
384 1378 542 1453 invadunt,
565 1394 621 1439 nec
642 1378 778 1441 tlierusa·
831 1382 859 1437 et
879 1381 1089 1452 cogitationem
1116 1386 1221 1444 turbet.
1247 1387 1382 1444 Audiens
1408 1394 1507 1445 tamen
1525 1391 1663 1446 Nicanor

59 1467 149 1525 ietam
172 1481 295 1527 manere
320 1468 505 1543 permittunt.
535 1472 566 1525 tii
584 1468 662 1526 lihio
687 1468 777 1542 siqui·
831 1469 1121 1533 uirtutemcomiium
1135 1475 1233 1545 iudai,
1253 1477 1387 1533 etonimi
1409 1479 1659 1548 inagnitudinem,

58 1555 269 1614 achabieorum
284 1556 428 1631 seriptum
438 1557 544 1631 reperi,
558 1557 642 1632 qnod
656 1573 710 1615 rex
724 1559 777 1614 De·
829 1560 976 1628 sanguine
984 1563 1135 1630 judicium
1146 1563 1250 1635 facere
1264 1565 1423 1623 metuebat.
1451 1567 1545 1623 ltahet
1568 1567 1660 1625 ludas

58 1644 254 1701 iNicanorem
267 1645 463 1718 praepositum
475 1645 704 1721 elephantorum
718 1646 775 1705 ilu-
790 1678 810 1733 3
830 1646 963 1718 comitae,
979 1649 1114 1709 diversas
1129 1651 1264 1711 videlicet
1281 1654 1416 1727 corporis
1439 1658 1468 1711 et
1482 1655 1590 1723 animia
1605 1655 1662 1711 vir·

58 1731 104 1791 isit
128 1732 160 1789 in
185 1730 335 1804 iudaeam,
365 1732 445 1793 detis
465 1734 615 1795 mandatis
629 1739 662 1792 ut
673 1735 775 1809 ipsum
829 1740 914 1794 tutes.
932 1737 1026 1796 tiehet
1047 1740 1129 1797 enim
1158 1741 1310 1805 comitem,
1338 1743 1438 1799 cordis
1468 1745 1612 1814 gemitum
1633 1748 1662 1800 el

77 1821 282 1885 uacnanaeum
306 1828 436 1898 caperet,
459 1829 488 1881 et
513 1825 634 1900 eosqui
656 1840 774 1882 cumea
828 1826 1047 1884 contritionem.
1073 1829 1169 1896 Habet
1185 1831 1302 1888 socium
1317 1831 1407 1888 etiam
1422 1832 1558 1891 lahorem
1569 1838 1598 1893 et
1620 1834 1663 1905 le·

58 1911 233 1987 ispergerel.
243 1914 379 1973 Nicanor
386 1919 486 1973 tamen
499 1916 624 1973 audiens
634 1916 774 1973 uirtutem
826 1915 955 1985 junium.
973 1917 1067 1975 Habet
1079 1919 1189 1979 etalios
1196 1921 1319 1979 comites
1328 1920 1577 1991 innumerabiles,
1590 1938 1661 1998 ope·

58 2018 83 2059 m
95 2002 194 2077 dude,
223 2005 371 2075 accipietne
389 2005 540 2075 judiciuin
552 2005 654 2075 farma
667 2010 775 2062 metue·
827 2019 862 2060 ra
874 2004 985 2062 scilicet
999 2007 1190 2079 poenitentiae,
1207 2014 1236 2064 et
1247 2008 1402 2069 humiliate
1417 2011 1526 2069 mentis
1547 2012 1660 2082 eogita-

58 2092 213 2150 umohrem
227 2094 451 2167 misilnuntios,
472 2099 505 2151 nt
519 2093 772 2167 darentdealras,
827 2094 932 2152 tiones
954 2098 1064 2156 Contra
1090 2098 1214 2159 comites
1236 2115 1307 2170 ergo
1336 2100 1419 2156 luda
1441 2100 1568 2158 Nicanor
1590 2117 1659 2157 san-

58 2188 161 2241 ierent.
175 2183 216 2241 El
231 2197 297 2240 cuin
323 2184 375 2240 diu
389 2185 425 2241 dc
447 2185 493 2242 his
507 2185 775 2256 consiliumapere·
827 2183 917 2253 guina
928 2184 1078 2255 jndioium
1092 2186 1189 2245 lacere
1209 2188 1323 2256 metuit,
1339 2188 1485 2262 quoniam
1511 2188 1659 2264 superbiis

62 2271 124 2343 ipse
138 2271 202 2328 dur
225 2272 266 2328 ud
290 2272 512 2331 multitudinem
540 2274 699 2340 retulisset,
715 2289 773 2331 om·
827 2272 948 2345 spiritus
963 2272 1140 2345 hujusmodi
1154 2276 1268 2333 viribus
1280 2293 1342 2334 non
1355 2277 1473 2337 canui.
1496 2280 1563 2334 Haec
1578 2278 1659 2335 enini

58 2360 167 2432 notuit
182 2363 329 2418 enitentia
341 2362 480 2421 amicitiis
503 2377 645 2430 annuere,
662 2366 690 2419 et
704 2377 773 2418 con·
828 2365 989 2433 suntquis
1005 2363 1088 2420 carni
1102 2364 1281 2433 etsauguini
1296 2365 1514 2423 conuadiount.
1531 2369 1660 2433 Quamo

71 2451 229 2508 consilium
242 2452 390 2521 fecerunt.
407 2452 588 2509 hlorahatur
601 2457 701 2511 autem
714 2451 771 2510 Ni·
825 2448 912 2505 hrem
932 2448 1058 2509 Nicanor
1068 2455 1127 2509 tres
1143 2452 1264 2512 nuntios
1283 2452 1374 2521 misit,
1385 2453 1440 2527 qui
1465 2453 1586 2511 dextras
1606 2454 1658 2514 da-

57 2539 274 2610 Nierosolumis,
289 2545 317 2596 et
332 2540 411 2598 nihil
443 2541 545 2613 inique
567 2540 683 2612 agebat,
708 2555 773 2611 pre·
826 2544 891 2597 rent
906 2543 935 2596 et
949 2540 1121 2614 acciperint.
1138 2544 1207 2600 Tics
1220 2543 1341 2601 nuntios
1353 2543 1574 2617 mittit,quoties
1588 2561 1658 2619 peo-

63 2629 232 2700 turharum,
251 2645 318 2702 que
332 2632 671 2703 conpregctaetucmnt,
686 2631 773 2687 dimi·
826 2634 908 2686 calor
931 2630 963 2687 in
986 2629 1088 2702 aliquo
1115 2630 1197 2689 hono
1222 2632 1419 2702 cogitationis,
1446 2633 1607 2691 locutionis
1630 2638 1659 2691 et

57 2723 204 2793 uperatus
230 2719 331 2793 itaque
356 2720 524 2777 Demetrius
548 2720 669 2793 scripsit
684 2720 773 2776 Nica·
826 2718 1008 2790 operationis
1017 2717 1197 2778 contessioni
1225 2721 1381 2778 consentit.
1403 2725 1525 2778 Dextrae
1542 2722 1659 2782 dantet

57 2809 130 2866 icens
137 2809 272 2883 praviter
284 2809 403 2881 quidem
426 2824 457 2866 sc
468 2810 552 2879 seire
577 2809 614 2867 de
632 2810 772 2869 amicitiis
826 2806 985 2880 accipiunt,
1000 2808 1126 2881 quando
1139 2809 1268 2867 invicem
1280 2810 1368 2867 honis
1387 2811 1531 2885 operihni
1543 2827 1574 2868 se
1584 2828 1658 2868 oon-

57 2899 144 2968 tione,
170 2899 278 2970 iubere
316 2904 415 2957 lamen
445 2899 653 2969 Machuhaum
682 2900 771 2957 citius
826 2897 934 2957 sentire
948 2897 1135 2971 promittunt.
1152 2899 1193 2956 Et
1215 2915 1283 2956 cuin
1298 2901 1351 2957 diu
1365 2901 1403 2957 de
1427 2900 1472 2956 his
1500 2903 1657 2960 consilium

57 2990 204 3047 nmdtere
215 2989 418 3047 Antiochiam.
432 2989 515 3047 Venit
531 2990 626 3061 igitur
636 2990 771 3049 Nicanor
787 3035 808 3097 c
826 2992 976 3058 ageretur,
990 2993 1017 3045 et
1033 2986 1168 3056 ipseduc
1182 2989 1223 3046 ad
1247 2989 1470 3046 multitudinem
1495 2992 1657 3059 retulisset,

57 3079 218 3137 etiannum
245 3080 399 3153 templum,
419 3084 447 3135 et
461 3093 480 3135 a
494 3079 770 3150 sacerdotihnsjus-
827 3077 958 3133 omnium
968 3077 1029 3146 suit
1046 3091 1107 3137 uria
1126 3079 1273 3137 sententio
1292 3079 1432 3135 armcitiis
1447 3093 1591 3136 arnume.
1603 3079 1658 3138 Diti

62 3167 147 3225 tradi
158 3168 280 3225 dudam.
295 3168 336 3225 Et
349 3167 689 3233 extendensmanumud
702 3172 772 3225 tem·
826 3165 984 3225 consilium
1000 3165 1098 3237 agitur
1121 3170 1154 3224 nt
1180 3166 1265 3223 ludee
1287 3166 1414 3224 Nicanor
1442 3167 1658 3224 reconcilietur.

57 3257 148 3314 ararit
162 3272 173 3314 :
186 3257 254 3316 Nisi
271 3256 347 3314 mihi
360 3258 493 3314 uinctum
505 3255 617 3315 dudam
641 3256 773 3316 tradide·
826 3257 886 3311 ttoc
898 3253 979 3312 euim
992 3254 1041 3313 vix
1059 3259 1111 3313 eut
1136 3270 1294 3328 nunquam
1313 3255 1420 3324 evenit,
1450 3260 1484 3312 ut
1510 3256 1659 3330 superbus

57 3347 118 3404 ilud
128 3348 236 3421 sanam
252 3349 284 3404 iii
296 3348 620 3418 planiticmcteducam,
635 3347 772 3405 etaltera
826 3342 1006 3401 confessioni
1015 3342 1167 3401 humiliter
1190 3343 1297 3405 sociari
1322 3343 1429 3417 possit.
1451 3344 1509 3402 Sed
1527 3361 1598 3402 oum
1612 3361 1659 3406 ree

57 3435 135 3508 ntll
145 3437 247 3495 tinch.
260 3437 331 3510 xiv).
356 3437 508 3510 Comperit
522 3443 622 3495 autem
637 3438 773 3496 Nicanor
826 3433 867 3491 ad
895 3434 952 3491 hoc
979 3433 1163 3508 perducitur,
1183 3437 1216 3492 ul
1238 3433 1374 3495 amicitiis
1403 3439 1564 3503 annuatur,
1588 3439 1658 3491 tuno

67 3528 166 3595 essein
182 3527 254 3584 locis
265 3527 460 3598 Samonium
474 3527 625 3598 cogitabat
638 3527 686 3583 die
697 3525 771 3583 Sali-
825 3523 906 3583 diem
916 3522 1143 3591 constituerunt,
1167 3539 1229 3596 quo
1245 3527 1357 3583 secreto
1382 3523 1458 3581 inter
1479 3539 1509 3582 se
1524 3528 1658 3595 agerent.

57 3630 99 3672 um
116 3620 197 3673 omni
206 3617 318 3688 impetu
331 3616 441 3673 hellam
460 3621 655 3686 commeltere,
672 3621 771 3672 tamen
827 3612 1021 3671 interludam
1031 3616 1060 3669 et
1070 3611 1246 3671 Nicanorem
1261 3611 1327 3671 dies
1342 3612 1539 3680 constituitur,
1562 3629 1658 3686 quan-

56 3705 320 3778 tinuitconsilium,
332 3710 366 3763 ut
374 3706 543 3775 perficeret.
560 3706 637 3762 Cum
655 3719 771 3761 sumina
825 3701 865 3757 do
875 3702 966 3773 liujus
976 3700 1049 3759 libet
1059 3701 1179 3759 animus
1191 3700 1353 3759 confitendi
1372 3705 1496 3773 pecoma
1510 3700 1658 3763 desiderio

56 3794 195 3865 supmhia
210 3800 335 3863 cinctus,
352 3795 701 3865 cogitaveratcoinmune
714 3798 772 3847 tra·
825 3790 1052 3859 inflammatur;
1078 3788 1143 3849 dies
1171 3789 1369 3856 constituitur,
1396 3789 1471 3847 dum
1493 3790 1532 3847 ad
1558 3790 1658 3848 lucem

56 3887 202 3941 astutuere
220 3883 257 3940 de
269 3883 362 3939 iuda.
378 3881 570 3940 Machaonas
594 3885 694 3937 autem
705 3896 773 3937 con·
825 3877 1167 3951 consessionispeccator
1181 3877 1332 3938 invitatur.
1364 3881 1397 3937 Et
1404 3883 1475 3937 tunc
1489 3883 1603 3936 secreto
1614 3879 1658 3936 in·

65 3984 132 4027 cum
147 3972 228 4027 omni
243 3986 295 4043 spe
309 3971 459 4028 auxilium
478 3969 536 4025 sihi
547 3969 635 4026 olleo
649 3967 772 4040 adfatu
825 3973 909 4025 tersa
928 3983 978 4023 res
993 3966 1101 4037 agitur,
1112 3966 1238 4041 quando
1252 3966 1361 4041 aliquis
1384 3968 1532 4042 poenitens
1550 3984 1658 4042 pecca-

56 4060 258 4119 thortchctur
269 4075 383 4119 suosne
400 4059 613 4132 forniidarent.
629 4057 771 4130 Singulos
826 4061 889 4114 tum
900 4056 1050 4115 humiliter
1065 4056 1232 4116 confitetur.
1249 4060 1283 4117 Et
1295 4073 1464 4128 congruum
1474 4058 1658 4132 colloquium

56 4151 178 4210 illorum
202 4153 344 4222 inravit,
370 4150 544 4223 nonclgpei
558 4153 585 4207 et
599 4149 693 4207 hasta
707 4163 770 4207 mu·
825 4145 1065 4206 lecerunttudas
1090 4151 1119 4205 et
1144 4148 1280 4219 Nicanor,
1308 4149 1383 4205 duni
1415 4152 1554 4221 peccator
1575 4146 1658 4221 qnod

56 4242 319 4310 ,sedsmmonihas
332 4245 361 4297 et
377 4238 608 4299 hortationibus.
636 4238 772 4295 Nicanor
826 4236 904 4295 male
915 4240 1049 4306 gesserat
1061 4236 1180 4305 detegit.
1197 4240 1226 4295 et
1246 4236 1304 4305 ille,
1318 4236 1365 4295 cui
1381 4237 1549 4309 confitetur,
1560 4236 1657 4293 direr-

67 4335 95 4388 et
108 4332 161 4404 qui
178 4346 245 4386 cain
260 4345 292 4386 eo
303 4335 402 4399 erant,
423 4345 490 4386 cum
504 4327 581 4385 iuris
595 4332 623 4383 ct
645 4327 770 4385 canticis
827 4342 876 4381 sos
892 4323 1072 4398 paenitentia
1088 4323 1196 4385 modos
1211 4324 1339 4397 imponit
1353 4343 1360 4394 ;
1383 4325 1457 4383 dum
1470 4325 1525 4382 isto
1547 4340 1580 4382 se
1604 4326 1659 4382 hu·

56 4418 233 4477 imcoedant.
248 4418 344 4475 iudai
353 4433 433 4490 vero,
444 4419 531 4493 etqui
544 4431 657 4476 cumea
671 4421 768 4484 mani,
785 4390 806 4445 Β
827 4415 934 4477 militer
944 4415 1071 4488 iudicat,
1081 4418 1110 4472 et
1123 4414 1171 4474 ille
1185 4431 1224 4475 rie
1236 4414 1374 4488 desperet
1388 4415 1555 4485 contortat3
1583 4415 1657 4473 ilum

56 4515 77 4566 *o
90 4509 152 4565 Deo
167 4522 225 4579 per
243 4507 392 4563 orationes
409 4507 559 4578 congressi
570 4512 650 4579 scint,
678 4521 771 4565 manu
825 4507 899 4566 alter
913 4506 1010 4575 mdis,
1025 4522 1093 4580 quie
1108 4504 1207 4576 gessit,
1219 4504 1379 4572 renuntiat,
1394 4504 1468 4563 alter
1486 4521 1555 4563 vero
1569 4505 1657 4561 honis

56 4600 264 4671 ‚papnuntca
307 4595 359 4651 sed
383 4594 501 4651 cordam
520 4596 615 4650 Deum
639 4601 769 4653 orantes.
825 4613 893 4670 quie
901 4597 998 4669 lacera
1012 4595 1131 4664 debeat,
1148 4595 1342 4669 penitentem
1353 4595 1504 4652 informat.
1516 4595 1658 4653 Moraba-

56 4692 175 4746 iverant
185 4690 285 4742 aaran
301 4683 428 4755 triginta
440 4682 571 4755 quinque
580 4682 681 4739 millia
690 4697 770 4752 prae-
827 4693 878 4743 tar
892 4693 991 4751 nutem
1006 4687 1141 4745 Nicanor
1155 4687 1384 4756 Hierosolymis,
1411 4691 1439 4741 et
1467 4685 1546 4740 nihil
1557 4686 1659 4757 inique

57 4779 114 4834 Dei
134 4775 292 4848 magnifice
320 4772 462 4831 dedolati
478 4783 491 4844 ,·
518 4774 546 4827 et
569 4776 772 4843 cognoverunt
826 4776 943 4845 euehat,
959 4790 1121 4849 gregesque
1133 4775 1303 4841 tartarum,
1318 4788 1384 4843 que
1397 4777 1579 4844 congregata
1590 4774 1658 4844 sue·

57 4867 303 4925 remisissecum
327 4862 389 4918 suis
413 4859 516 4919 urinis.
543 4859 690 4928 rracepn
718 4872 772 4918 aii·
826 4868 908 4933 rant,
936 4863 1059 4919 dimisit.
1086 4866 1117 4918 ln
1150 4860 1360 4933 hierosolymis
1395 4860 1522 4918 Nicanor
1544 4867 1657 4935 manet,

56 4956 103 5013 tas
118 4960 208 5026 caput
223 4953 384 5011 Nicanoris
399 4957 426 5008 et
437 4965 505 5007 cum
513 4963 637 5006 numero
647 4962 770 5007 marium
826 4950 951 5024 quaudo
963 4954 1032 5023 pust
1049 4949 1256 5022 pisuiteutism
1280 4966 1387 5023 pacem
1402 4957 1541 5025 peccator
1568 4957 1657 5020 tenet,

56 5060 98 5105 rm
112 5046 337 5116 Hierosolgmus
348 5041 501 5116 perferri,
527 5039 662 5110 linguam
681 5039 770 5096 eliani
826 5046 855 5098 et
869 5038 942 5097 nihil
961 5037 1063 5110 tuique
1076 5037 1147 5107 ugit.
1163 5038 1236 5110 quia
1249 5039 1288 5097 ab
1315 5039 1360 5108 iis,
1383 5057 1452 5114 qnia
1481 5040 1659 5098 maletaeere

55 5135 197 5191 licanoris
207 5135 364 5204 praecisam
379 5134 470 5204 jussit
478 5127 693 5199 particulatim
708 5127 771 5182 aui·
826 5131 1029 5194 consueverat,
1040 5127 1072 5188 in
1085 5143 1159 5200 pace
1175 5127 1308 5201 quiescit.
1320 5132 1488 5204 Gregesque
1500 5128 1658 5185 turbarum

56 5224 314 5296 titiliacum).
330 5223 411 5279 Patet
425 5218 549 5277 moralis
575 5232 693 5275 sensus.
716 5218 770 5273 tte-
825 5235 893 5294 quis
904 5223 1092 5288 congregata
1106 5216 1233 5287 fuerant,
1251 5219 1379 5288 dimittit,
1390 5218 1462 5293 quia
1476 5217 1514 5274 de
1524 5217 1657 5289 praecii.

55 5312 222 5387 isiquidem
232 5309 769 5385 interpretatmniiniumperseqnens,
825 5309 861 5365 tis
872 5306 984 5369 turbari
998 5305 1102 5378 nequit
1116 5324 1123 5376 ;
1140 5307 1246 5379 sedes,
1260 5325 1328 5381 qua
1339 5307 1423 5383 prius
1447 5320 1526 5375 agre
1549 5304 1658 5368 tulerat

55 5418 67 5459 r
95 5405 220 5461 lacuna
245 5406 338 5468 stans,
367 5398 471 5456 tudae
500 5397 656 5468 consessio,
678 5396 771 5454 ludas
825 5402 893 5471 post
908 5396 1130 5457 contessionem
1159 5397 1365 5470 aequanimiter
1391 5398 1501 5468 portat.
1523 5394 1657 5453 ilabebat

55 5506 82 5549 ii
91 5492 310 5567 interpretatur.
325 5491 420 5557 Quem
429 5489 518 5560 igitur
527 5504 580 5563 per
588 5487 771 5549 Demetrium
825 5492 927 5545 autem
941 5486 1052 5544 tudam
1067 5503 1186 5561 semper
1200 5487 1337 5553 charum,
1362 5490 1391 5544 et
1418 5501 1456 5542 ex
1479 5484 1582 5544 animo
1594 5489 1658 5543 erat

55 5585 169 5639 rentem
182 5582 309 5642 nimium
323 5595 488 5656 possumus
516 5577 689 5651 intelligere,
713 5576 771 5639 nist
824 5578 889 5635 viro
901 5576 1072 5637 inclinatus.
1093 5578 1220 5638 Nicanor
1237 5576 1349 5634 ludam
1360 5575 1463 5647 diligit,
1488 5575 1563 5632 dum
1584 5590 1656 5649 peo-

55 5685 97 5735 tm
113 5672 129 5730 t
155 5674 189 5735 si
205 5689 297 5747 quem
316 5687 371 5746 per
411 5670 587 5731 Nicanorem
612 5669 770 5730 lucernam
825 5671 908 5729 calor
921 5682 958 5730 sa
973 5682 1042 5741 quie
1057 5667 1169 5737 recolit,
1181 5665 1265 5726 deis
1278 5665 1577 5740 quemdsgeiserat
1589 5665 1656 5726 citt
