3742 6082
50 156 118 211 sire
391 145 396 152 ’
608 151 654 208 or
674 146 1136 210 solesmenses-ne.
1156 148 1201 210 sv.
1694 160 1766 228 11η

48 277 160 334 civium
173 274 267 333 reficit
276 292 332 333 sua
345 276 484 332 novitate.
500 275 576 332 Nihil
583 275 664 332 enim
679 275 880 333 ibivetustnm
901 275 926 331 Α
939 290 1019 346 spese
1031 293 1043 333 .·
1057 278 1083 333 si
1089 278 1248 347 praecisum
1260 278 1353 349 sees-tt
1365 295 1485 338 rursum
1501 283 1630 354 virescit,
1646 288 1674 342 et
1687 285 1769 342 rami

49 367 99 423 vel
114 365 318 424 transitorium
333 365 397 432 erit,
414 365 465 420 sed
479 381 598 438 semper
622 366 653 422 in
679 364 807 422 novitate
822 380 884 421 suae
940 368 1004 435 rjus
1012 367 1172 435 peliniani
1187 367 1253 438 (lob
1268 368 1549 439 intendebamus
1565 373 1724 444 Gregorius
1734 371 1765 429 ln

49 454 206 513 viriditatis
224 455 340 528 absque
359 454 454 510 dubio
473 454 670 528 permanebit.
686 459 745 511 h'eo
757 454 790 511 in
816 469 885 510 vere
938 456 1102 511 Moretidus
1115 471 1127 511 .·
1150 479 1164 506 κ
1181 456 1265 527 Ligni
1290 459 1413 537 nomine
1431 459 1596 534 aliquando
1616 474 1701 533 crux,
1715 461 1767 519 ali-

50 548 174 614 crescet,
190 559 245 600 nec
258 545 289 599 in
304 548 452 600 autumno
465 542 582 600 deficiet
599 559 674 612 ;neo
684 542 781 602 calore
797 544 886 599 sicca·
938 546 1062 618 quando
1073 544 1119 601 vir
1142 546 1251 616 justus,
1277 547 1441 621 ahquendo
1460 564 1532 607 vero
1549 549 1767 609 incarnataliei

49 634 131 691 bitur
146 633 267 700 aestatis,
279 648 335 689 nee
350 636 514 689 nrarceeeei
537 632 697 702 frigoribus
709 632 827 689 hiemis.
844 630 886 688 lbi
941 634 1255 707 Sapientiafiguratur.
1268 658 1284 686 a
1295 640 1327 693 ln
1340 637 1422 708 ligno
1444 637 1592 712 siquidem
1607 641 1704 698 mucis
1715 641 1769 698 hs·

51 724 132 780 enim
147 739 210 780 non
225 723 281 778 erit
292 720 422 778 varietas
447 722 600 795 temporis,
616 722 668 779 ubi
697 738 816 796 semper
840 725 887 777 est
938 723 1047 780 bernus
1064 725 1273 797 spamselutis.
1290 727 1376 793 Quod
1393 742 1461 784 vero
1488 726 1679 799 hlcdeligno
1693 730 1768 788 did·

51 813 192 870 identitas
221 811 403 869 aeternitatis.
431 812 513 868 Unde
529 814 558 867 11.
573 815 704 869 ioannes
729 811 760 868 in
774 816 887 884 lpoca·
940 819 996 883 tur,
1006 814 1127 886 justitiae
1135 816 1293 887 cujuslibet
1302 817 1432 874 hominis
1445 818 1625 890 assignatur.
1638 820 1767 892 Lignum

54 901 135 975 lypsi
149 900 229 969 dicit,
248 901 319 972 pisia
345 906 459 969 tempus
475 916 535 956 non
557 902 613 957 erit
637 902 767 971 amplius
780 900 884 970 inpos.
940 902 1020 959 enim
1035 905 1224 975 subserpens,
1239 905 1311 979 quia
1330 906 1437 963 futurae
1458 907 1649 965 beatitudinis
1669 908 1769 982 justus

51 997 94 1060 n).
110 990 216 1049 Mirum
227 994 273 1046 est
289 994 389 1046 iamim
404 989 488 1062 quod
503 989 645 1058 (linimus,
661 991 733 1063 quia
759 995 827 1063 post
840 1005 886 1045 re·
940 997 1092 1065 exspectat
1105 993 1341 1051 retributionem.
1356 995 1391 1052 Si
1401 998 1562 1066 precisum
1587 997 1771 1071 summme

53 1081 270 1137 surrectionem
286 1095 348 1135 non
362 1079 417 1135 erit
430 1084 558 1153 tempus,
574 1086 603 1137 et
616 1080 674 1136 nisi
688 1080 746 1137 hoc
758 1079 886 1136 auctori·
940 1083 1145 1138 santuinescit.
1161 1082 1244 1139 Unde
1263 1086 1292 1138 li.
1317 1085 1498 1156 Gregorius:
1516 1088 1589 1143 Gom
1614 1085 1645 1143 in
1673 1088 1769 1142 morie

53 1177 100 1229 tas
115 1172 236 1238 diceret,
251 1170 370 1226 animos
384 1169 566 1243 simplicium
581 1169 705 1226 forsitan
719 1169 885 1243 impediret
939 1170 1088 1245 passionis
1108 1187 1164 1244 pro
1178 1172 1300 1229 veritate
1326 1173 1424 1245 justus
1440 1173 1577 1247 efficitur,
1593 1175 1624 1232 ln
1649 1178 1769 1233 eume

52 1263 91 1317 Et
109 1262 230 1330 iecerit,
243 1259 340 1331 inquil
352 1262 492 1328 loannes,
508 1262 634 1331 angelus
647 1274 771 1316 manum
785 1261 817 1314 in
832 1273 888 1313 cie·
941 1261 1007 1316 vitre
1016 1261 1164 1318 viriditate
1178 1267 1379 1336 recuperatur.
1397 1266 1430 1320 Et
1443 1265 1496 1338 qui
1520 1264 1569 1322 hic
1582 1265 1697 1323 virebat
1715 1278 1771 1341 per

55 1354 127 1421 tusis,
140 1355 168 1407 et
178 1351 298 1420 juravit
312 1365 368 1420 per
383 1351 526 1406 visentem
548 1351 580 1405 in
594 1349 716 1418 semele,
732 1350 803 1420 pisia
819 1354 887 1404 tcm-
940 1349 1043 1418 fidcm‚
1059 1351 1117 1408 illic
1129 1353 1247 1408 virescit
1260 1369 1315 1426 per
1330 1369 1424 1427 spem.
1439 1357 1478 1411 lit
1493 1356 1573 1413 rami
1590 1357 1655 1426 ejus
1664 1354 1772 1427 putiss-

53 1441 255 1510 peruenerit
281 1439 411 1509 amplias
438 1438 545 1510 (ibid).
562 1437 643 1493 Unde
671 1440 701 1493 B.
731 1436 888 1506 Gregorius
943 1428 1105 1513 lantquia
1132 1441 1310 1515 plerumque
1334 1459 1369 1498 ex
1392 1444 1532 1518 passione
1557 1444 1638 1517 justi,
1664 1442 1769 1501 fideles

55 1531 177 1601 (litorei.
207 1528 260 1584 lib.
283 1530 320 1599 iv)
334 1531 484 1600 :Tempus
508 1531 617 1583 nosue
633 1525 830 1594 mortalitatis,
846 1526 889 1583 in·
941 1529 1052 1602 quique
1061 1530 1100 1585 ad
1113 1545 1248 1586 amorem
1261 1532 1387 1589 celestis
1400 1533 1504 1607 patrie
1518 1532 1770 1607 multiplicanturs

54 1618 129 1690 quit,
153 1616 339 1689 quandoque
359 1616 555 1673 transiturum
569 1619 613 1672 cst
640 1620 672 1671 ut
685 1616 804 1689 penitus
827 1630 888 1671 non
904 1635 924 1690 g
941 1622 971 1673 et
983 1617 1162 1675 viriditatem
1176 1619 1244 1675 vitae
1257 1619 1417 1693 spiritualis
1430 1621 1588 1696 accipiunt,
1604 1621 1678 1679 darm
1689 1621 1772 1678 huno

55 1707 102 1776 sit,
114 1705 221 1776 angelo
237 1706 294 1762 hoc
309 1704 340 1760 in
355 1720 442 1760 sacro
457 1704 577 1778 eloquio
589 1707 757 1776 attestante,
768 1705 819 1778 qui
837 1704 887 1774 ait,
941 1721 997 1779 pro
1008 1709 1068 1763 Deo
1083 1706 1196 1763 fortiter
1209 1709 1308 1778 egisse
1337 1710 1532 1779 gratulantur.
1550 1712 1590 1766 Ex
1605 1710 1703 1767 fructu
1716 1708 1773 1780 igi-

53 1812 110 1867 per
126 1797 270 1852 visentem
284 1797 316 1852 in
331 1797 453 1866 secate,
468 1797 540 1867 qnia
555 1801 669 1864 tenpus
681 1810 742 1851 non
752 1795 808 1850 crit
827 1809 889 1851 om·
943 1800 989 1851 tur
1002 1795 1074 1866 ligni
1086 1797 1217 1869 iustitiae,
1235 1797 1318 1871 quod
1331 1798 1362 1855 in
1376 1799 1483 1857 medio
1506 1800 1629 1857 moralis
1651 1798 1772 1857 claustri

54 1888 148 1956 plius.
164 1888 238 1941 ham
272 1884 327 1940 etsi
348 1885 495 1958 Propheta
523 1884 594 1940 dicit
610 1902 616 1940 :
633 1885 702 1939 Erit
718 1890 833 1954 ternpus
846 1898 890 1938 eo·
942 1885 1073 1958 ponitur,
1089 1886 1192 1942 anime
1204 1902 1273 1942 cum
1290 1888 1351 1942 suis
1363 1888 1522 1945 virtutibus
1537 1889 1671 1946 satietur.
1688 1890 1773 1945 Estet

57 1992 124 2032 sem
140 1976 173 2030 iss
193 1976 305 2031 secata
336 1973 545 2047 (1111111111),
568 1973 640 2046 quia
657 1988 712 2047 per
736 1976 890 2031 momenta
943 1974 1059 2044 lignum
1073 1975 1141 2031 vite
1152 1975 1319 2034 secundum
1333 1977 1462 2034 formam
1475 1978 1670 2034 humanitatis
1693 1974 1777 2035 dini*

58 2071 176 2138 tempus
190 2063 300 2134 deficit,
313 2065 437 2120 nomine
451 2063 606 2136 temporis,
621 2078 725 2119 eorum
740 2063 889 2119 defectum
944 2063 979 2118 sti
994 2062 1025 2118 in
1040 2063 1139 2119 medio
1161 2064 1307 2122 Ecclesiae.
1329 2068 1389 2122 lloc
1417 2071 1517 2123 eutem
1542 2065 1659 2138 lignum
1681 2064 1774 2123 habet

59 2154 188 2225 vocavit,
218 2154 474 2227 ostendensqnod
488 2154 551 2209 sine
575 2154 635 2209 tine
650 2153 826 2209 omnimodo
840 2152 890 2208 ‹le-
944 2167 1039 2224 spem.
1056 2152 1227 2209 Sicutcnim
1243 2156 1380 2227 superius
1412 2154 1698 2224 dieitur‚inearnaia
1721 2154 1774 2211 Dei

60 2245 139 2300 fectu
153 2242 297 2300 deficiunt
321 2243 351 2310 ii,
368 2243 419 2316 qui
434 2258 452 2299 a
469 2241 592 2299 visionis
620 2243 733 2298 intimae
756 2242 890 2299 console·
946 2240 1095 2313 Sapientia
1110 2256 1164 2314 per
1178 2242 1253 2298 illud
1272 2242 1428 2314 figuratur.
1458 2247 1518 2301 lloc
1545 2242 1636 2317 igitur
1656 2242 1775 2317 lignum

60 2335 138 2390 tione
166 2337 353 2406 separantur.
380 2333 552 2403 intelligitur
565 2332 654 2404 igitur
679 2348 733 2406 per
758 2337 888 2404 tempus,
943 2329 1035 2385 hahet
1047 2345 1142 2402 spem,
1161 2330 1233 2402 quia
1259 2331 1456 2404 sipraecisum
1470 2332 1566 2401 friarit,
1595 2331 1774 2390 rumumvi·

59 2422 266 2479 mutabilitatis
283 2423 426 2479 humanae
438 2421 540 2479 varius
558 2422 700 2478 defectus.
716 2425 780 2479 Non
795 2421 892 2477 infun·
943 2418 1030 2474 rescit
1044 2436 1051 2486 3
1067 2419 1283 2492 qrroniametsi
1300 2420 1431 2477 Christus
1446 2421 1684 2496 perpessionem
1698 2419 1775 2478 oeci

60 2510 302 2583 deturpraedicla
322 2510 457 2566 viriditas
482 2510 668 2566 abundantia
693 2510 812 2583 pluviae,
838 2508 891 2564 sed
944 2506 974 2562 di
1004 2508 1110 2580 potuit,
1137 2524 1192 2582 per
1213 2509 1437 2567 resurrectionis
1463 2510 1588 2579 gloriam
1617 2524 1722 2567 rursm
1735 2508 1775 2567 ad

61 2598 211 2655 infusione
225 2598 311 2669 roris,
329 2599 401 2672 quia
424 2614 486 2654 non
510 2603 577 2668 eget
602 2597 825 2672 predicatione,
839 2596 891 2652 scd
944 2596 1010 2653 vitae
1025 2593 1203 2653 viriditatem
1215 2597 1305 2653 venit.
1318 2599 1411 2670 Hujus
1423 2599 1500 2656 rami
1519 2598 1676 2672 pullulent,
1692 2603 1725 2656 ut
1738 2612 1776 2656 ers

61 2704 128 2745 rore
142 2688 251 2744 divium
264 2687 536 2761 contemplationis.
564 2687 618 2743 Ubi
632 2686 713 2742 euim
727 2686 892 2758 unusquis-
945 2687 1160 2742 resurrectione
1173 2686 1251 2741 illius
1272 2686 1469 2761 multiplicati,
1496 2687 1585 2758 longe
1610 2687 1730 2762 lateque
1740 2688 1776 2743 fl·

63 2794 123 2851 que
139 2778 242 2835 omnia
252 2777 395 2835 scientem
411 2777 494 2846 sciet,
509 2776 551 2832 ibi
565 2791 655 2833 nemo
670 2775 807 2833 doctrina
819 2790 894 2847 prse-
946 2775 1028 2831 deles
1048 2778 1192 2831 crescent.
1221 2777 1343 2832 l'ructus
1380 2776 1471 2849 hujus
1498 2776 1613 2834 arboris
1639 2780 1685 2834 cst
1703 2790 1777 2835 aare

61 2868 221 2925 rhcafionis
231 2868 339 2939 egebit.
947 2864 1052 2921 Christi
1067 2869 1095 2922 et
1107 2864 1239 2934 sanguis.
1262 2864 1317 2931 Qui
1332 2880 1368 2921 ex
1394 2866 1453 2922 hoc
1466 2864 1565 2922 fructu
1593 2865 1710 2940 seipsos
1736 2865 1777 2923 ci·

61 2961 130 3014 Gsr.
148 2960 245 3014 11111111.
261 2960 305 3014 De
319 2959 402 3029 tigre
416 2959 484 3014 critas
498 2957 577 3029 qaod
598 2962 640 3013 est
654 2957 685 3013 in
700 2956 795 3012 medie
812 2955 896 3011 ciric-
910 2992 930 3049 C
947 2953 1031 3021 hant,
1047 2958 1164 3009 aetarnae
1176 2952 1244 3009 vitre
1257 2953 1384 3010 salutem
1397 2954 1515 3028 absque
1530 2954 1673 3028 scrupulo
1688 2953 1777 3011 dubi·

366 3048 420 3103 stis
440 3048 576 3116 pratelli.
948 3042 1066 3099 tationis
1081 3046 1263 3116 exspectant.
1279 3043 1404 3113 Lignum
1414 3059 1487 3101 vero
1509 3043 1577 3101 vitre
1589 3044 1672 3118 quod
1686 3042 1776 3101 estin

99 3138 131 3190 ln
141 3133 242 3191 medio
255 3133 381 3190 coelestis
395 3133 513 3207 pratelli
540 3133 634 3206 (quod
648 3132 754 3188 iuturae
775 3147 896 3205 compa-
949 3132 1048 3189 medio
1062 3132 1181 3189 claustri
1194 3131 1300 3188 future
1326 3133 1529 3204 beatitudiuis,
1544 3133 1643 3204 idest,
1659 3132 1779 3207 sapim

63 3223 199 3279 ravimus
213 3222 393 3290 amoenitati)
423 3222 544 3296 ponitur
557 3222 672 3292 lignum
686 3221 765 3290 vitm,
779 3224 811 3276 ut
834 3220 896 3275 vita
948 3223 988 3279 tia
1004 3222 1053 3279 Dei
1067 3222 1171 3292 Patris,
1184 3221 1240 3279 fuit
1251 3222 1290 3279 ab
1301 3222 1386 3279 initio
1399 3227 1541 3280 creaturse
1555 3223 1640 3280 cfhus
1653 3221 1777 3295 angele-

64 3312 147 3370 sitin
178 3314 361 3371 amoenitate.
391 3316 455 3370 Non
470 3304 603 3369 ‘estenim
630 3312 698 3368 felix
726 3310 893 3378 amenitas,
947 3328 1015 3369 rum
1029 3331 1035 3381 3
1051 3313 1206 3369 incarnata
1231 3313 1366 3369 vcrobei
1396 3312 1546 3386 Sapientia
1573 3312 1710 3374 factaest
1728 3328 1776 3370 re-

63 3419 132 3458 cum
144 3402 204 3459 vite
221 3406 352 3460 arctatur
381 3402 459 3458 intra
484 3402 589 3458 mortis
615 3405 722 3456 metas.
740 3399 797 3457 Sed
825 3414 895 3455 cum
948 3402 1081 3476 demptio
1097 3402 1429 3476 pcccatorum‚ctsalus
1439 3403 1601 3474 justorum.
1614 3400 1676 3461 Sub
1684 3400 1778 3460 mmls

62 3492 122 3547 vita
136 3491 200 3547 sine
214 3496 309 3549 morte
326 3491 424 3561 fuerit,
447 3495 520 3547 tunc
547 3490 705 3547 amenitas
734 3489 801 3545 vitre
826 3504 895 3545 cum
949 3492 1039 3565 hujus
1052 3491 1180 3560 arboris,
1200 3491 1230 3547 id
1244 3494 1290 3549 est
1304 3491 1361 3547 sub
1377 3492 1467 3548 tutela
1491 3492 1600 3548 divine
1621 3490 1779 3566 protectio·

62 3581 123 3637 vita
138 3581 209 3637 felis
224 3580 343 3649 erit‚ite
359 3586 391 3637 ut
405 3581 510 3637 audiat
534 3581 627 3636 horno
654 3580 736 3653 quod
762 3581 897 3653 perire·
949 3581 1006 3651 nis,
1018 3581 1089 3653 justi
1116 3581 1257 3649 resident,
1283 3584 1407 3654 aspectu
1435 3581 1500 3652 ejus
1527 3581 1720 3649 delcetantur,
1750 3581 1778 3637 st

62 3673 186 3744 phetam
196 3671 332 3729 dieitura
344 3671 488 3728 Domino:
502 3672 704 3742 Lonpitaetinc
717 3672 833 3726 dierum
849 3684 896 3724 re-
950 3670 1121 3727 amocnitate
1151 3669 1297 3740 gaudent;
1317 3668 1589 3726 satianturfructus
1608 3667 1778 3735 dulcedine,

60 3762 148 3831 pisso
160 3777 236 3831 eum,
249 3768 277 3819 st
292 3762 445 3818 ostendam
456 3762 505 3818 iiii
530 3762 667 3817 satutare
688 3774 786 3816 meum
800 3759 893 3829 (Psei.
949 3760 1037 3815 idest
1061 3757 1328 3830 contemplatione3
1344 3757 1457 3815 fructus
1473 3758 1537 3830 ejus
1562 3757 1691 3815 salutem
1710 3764 1779 3815 eom

63 3851 108 3921 xc)
123 3867 130 3904 ι
144 3849 301 3920 longitudo
315 3850 459 3924 temporis
473 3854 519 3906 est
542 3848 673 3923 spatium
699 3846 895 3916 aeternitatis3
950 3851 1057 3913 servat,
1071 3851 1099 3903 ct
1114 3847 1203 3903 vitam
1218 3849 1421 3921 praestatlloc
1435 3846 1710 3920 estigiturlignum
1733 3844 1779 3903 vi-

65 3937 198 3993 ostcnsio
212 3938 349 3996 salutaris
368 3944 413 3996 est
426 3939 502 3996 visio
522 3936 694 3996 salvatoris.
721 3939 781 3992 lloe
795 3939 896 3992 autem
950 3941 997 4007 tae,
1009 3936 1081 4010 quia
1095 3935 1186 3992 vitam
1202 3934 1331 3993 custodit
1344 3935 1527 3993 incolumem
1545 3934 1609 3993 sine
1619 3934 1689 3994 fine.

65 4027 195 4084 salutare
211 4033 257 4085 est
267 4028 382 4099 lignum
397 4030 474 4087 vite.
490 4028 612 4086 Diversa
628 4031 698 4082 sunt
710 4025 793 4096 ligna
806 4025 894 4082 vitm:
1031 4029 1099 4083 Gsr.
1114 4027 1223 4082 llxlth.
1237 4026 1280 4082 De
1290 4025 1408 4083 silentio
1422 4026 1548 4083 coeoestts
1558 4024 1695 4084 claustri.

65 4121 109 4173 est
122 4116 330 4190 enimlignum
346 4119 412 4178 vitas
440 4118 529 4176 arbor
557 4116 698 4191 quiedam
724 4114 895 4183 materialis,
987 4114 1206 4188 dqnihnsdam
1215 4115 1357 4189 quaeritur
1366 4118 1468 4171 utrum
1482 4115 1513 4171 in
1528 4112 1641 4172 coelesti
1649 4112 1782 4172 claustro

65 4223 134 4280 ques
147 4208 322 4283 aprincipio
335 4209 390 4266 fuit
410 4210 442 4265 111
455 4207 556 4266 medio
580 4205 721 4280 paradisi.
734 4207 786 4261 list
810 4209 839 4261 et
861 4204 895 4259 li·
951 4205 1101 4262 silentium
1113 4205 1153 4262 ad
1165 4207 1283 4276 horam,
1297 4204 1342 4261 vcl
1359 4205 1535 4262 continuum
1550 4204 1710 4261 teneatur?
1722 4200 1781 4261 sed

67 4312 161 4366 gnum
177 4300 244 4352 vilse
260 4300 348 4369 quasi
362 4298 605 4373 arborquedam
624 4294 782 4368 justitiain
797 4294 896 4351 medio
951 4294 1025 4351 nihil
1044 4310 1100 4350 nos
1129 4294 1269 4368 prohibet
1288 4293 1401 4367 abquid
1416 4292 1453 4350 de
1466 4292 1581 4350 silentio
1603 4290 1782 4368 praemittere

65 4386 189 4443 moralis
204 4385 336 4442 clasistri.
353 4390 403 4442 list
416 4387 506 4443 ctiam
522 4389 612 4445 arhor
638 4388 706 4444 vitae
721 4386 853 4444 Christus
866 4384 896 4439 in
952 4382 1036 4457 quod
1051 4383 1215 4440 nescientes
1243 4382 1403 4440 auctoritas
1431 4381 1518 4439 docet
1539 4386 1567 4439 ct
1581 4379 1719 4438 elucidat.
1735 4378 1783 4437 itit

66 4475 168 4532 medio
181 4475 329 4531 Ecclesiae.
344 4475 401 4532 Sed
414 4475 445 4531 in
458 4476 559 4532 medio
574 4476 694 4532 claustri
707 4476 812 4533 futurae
825 4475 897 4531 bea·
953 4476 1033 4532 enim
1059 4477 1188 4531 loannes
1202 4473 1233 4531 in
1259 4472 1440 4549 Apocalypsi
1454 4489 1461 4528 :
1484 4473 1612 4530 Faciem
1626 4477 1670 4531 est
1694 4471 1782 4530 siser·

67 4562 201 4621 titudinis
215 4568 261 4620 est
272 4563 361 4636 quasi
383 4563 500 4633 lignum
523 4563 590 4620 vitae
617 4564 767 4637 Sapientia
780 4565 832 4621 Dei
843 4568 898 4620 Pa·
955 4567 1027 4621 tisim
1042 4566 1074 4621 in
1090 4565 1164 4623 celo
1179 4566 1267 4638 peresi
1285 4563 1474 4623 mediatore
1490 4564 1594 4634 (Apoc.
1615 4552 1685 4634 viui.
1699 4558 1783 4619 finds

67 4654 130 4710 tris.
147 4657 187 4710 Ne
201 4652 290 4726 primi
316 4653 390 4725 ligni
406 4651 537 4708 fructum
565 4655 699 4722 tangeret
712 4653 805 4709 homo
832 4656 901 4726 post
954 4655 983 4709 n.
999 4653 1156 4723 Gregorius
1170 4669 1177 4709 τ
1189 4675 1203 4704 «
1218 4652 1293 4710 Nihil
1305 4653 1429 4726 prodest
1453 4650 1583 4708 solitudo
1601 4648 1747 4723 corporis,
1758 4646 1785 4706 sl

67 4746 236 4816 peccatum,
253 4745 418 4815 antequam
431 4741 544 4813 ejectus
559 4743 669 4796 esscta
689 4739 832 4812 paradiso
846 4756 900 4795 au·
954 4741 1083 4798 solitudo
1096 4741 1222 4798 defuerit
1231 4740 1367 4798 cordis.»
1383 4740 1439 4807 Qui
1453 4739 1533 4797 enim
1549 4753 1676 4814 corpore
1684 4753 1784 4797 remo-

67 4832 142 4888 divii
155 4831 311 4889 abomino
326 4849 334 4887 t
362 4831 462 4888 Videte
476 4846 514 4886 ne
541 4830 615 4886 forte
641 4830 743 4884 sumat
755 4827 793 4885 de
818 4827 901 4898 ligno
955 4832 1003 4884 tus
1016 4827 1097 4894 vivit,
1109 4828 1164 4884 scd
1176 4828 1354 4884 tumultibus
1366 4827 1602 4885 conversationis
1629 4826 1783 4899 humente,

67 4921 138 4978 vitae
150 4922 234 4994 (Gen.
250 4924 302 4993 in).
318 4920 494 4979 Arborvero
504 4919 636 4992 justitiae,
649 4934 717 4993 quae
730 4921 775 4974 est
785 4917 901 4989 lignum
956 4921 984 4973 et
998 4920 1183 4972 terrenorum
1197 4915 1415 4972 desideriorum
1428 4933 1459 4972 se
1485 4915 1640 4976 inseruerit
1665 4934 1720 4975 seu
1731 4915 1786 4972 im·

68 5010 147 5078 vitae,
163 5010 193 5066 in
205 5011 335 5067 elaustro
350 5011 459 5067 animae
474 5009 605 5083 ponitur,
621 5013 654 5065 ut
673 5007 766 5064 animi
780 5008 902 5064 virtutes
955 5005 1100 5080 plicuerit,
1116 5020 1177 5061 non
1188 5008 1232 5061 est
1245 5005 1275 5060 in
1291 5004 1459 5063 solitudine.
1476 5006 1590 5065 Slvere
1603 5006 1712 5082 aliquis
1722 5020 1786 5062 eor·

68 5098 100 5154 in
113 5114 149 5155 eo
159 5098 351 5156 delectentur.
365 5102 414 5156 Est
424 5103 524 5156 autem
535 5096 817 5156 animaecleustrum
830 5111 902 5152 con·
956 5094 1097 5169 poraliter
1108 5093 1305 5167 popularibus
1330 5094 1437 5152 turmis
1451 5101 1614 5171 prematur,
1630 5099 1659 5152 et
1682 5099 1784 5150 tamen
1810 5086 1814 5092 ’

70 5187 272 5260 temptationis
288 5192 444 5246 secretum.
461 5187 613 5245 Plantasur
625 5189 726 5244 autem
753 5185 843 5243 arbor
853 5186 902 5257 ju·
956 5179 1786 5257 nudoseurarumsaeculariumtumuliusincordepatis·

71 5276 159 5332 stitiae
170 5280 201 5332 in
212 5281 292 5334 terra
308 5277 397 5334 bonae
425 5277 599 5349 voluntatis,
619 5275 770 5333 redicatur
787 5275 818 5330 in
833 5290 902 5347 pro·
958 5276 1016 5342 tur,
1031 5287 1093 5328 non
1104 5276 1147 5328 est
1156 5271 1187 5328 in
1195 5272 1279 5330 urhe.
1305 5276 1345 5331 be
1355 5273 1413 5331 hoc
1430 5277 1542 5332 secreto
1559 5269 1658 5328 cordis
1671 5268 1786 5327 dictum

70 5365 165 5420 fundo
180 5366 366 5435 humilitatis,
383 5366 489 5423 crescit
503 5382 557 5440 per
585 5364 777 5436 desiderium,
792 5379 904 5436 espan-
958 5363 1200 5419 esttFactsnnest
1213 5363 1403 5421 silentiumin
1415 5358 1690 5434 coeiopeasimeslie
1698 5359 1784 5416 hera.

72 5453 116 5508 dit
131 5469 251 5525 ramos3
268 5472 323 5531 per
335 5456 508 5529 exemplum
523 5456 575 5512 det
594 5455 723 5511 fructum
737 5453 810 5510 boni
832 5469 903 5526 ope·
959 5451 1073 5508 Goelum
1085 5451 1197 5525 quippe
1207 5452 1360 5510 estanima
1367 5451 1448 5523 justi.
1460 5450 1567 5506 Anima
1578 5448 1726 5523 siquidem
1736 5447 1786 5520 lu·

72 5543 124 5609 ris,
135 5542 213 5599 cibat
226 5547 404 5603 esurientem
412 5545 570 5602 dulcedine
583 5543 853 5618 contemplationis.
865 5545 904 5599 Dc
961 5542 1008 5609 sti,
1017 5542 1092 5598 dum
1100 5542 1139 5598 ad
1156 5548 1303 5601 aetcmaet
1315 5541 1455 5599 sublimia
1478 5556 1532 5614 per
1548 5540 1787 5598 sublevationem

71 5635 131 5690 hoc
145 5631 227 5704 ligno
248 5650 303 5707 per
314 5636 440 5695 beatum
464 5635 520 5693 lob
533 5634 656 5693 dicitur:
671 5635 801 5706 Lignum
817 5633 905 5692 haist
960 5631 1220 5706 contemplationis
1234 5632 1369 5702 intendit,
1384 5634 1540 5703 surgentes
1553 5629 1593 5688 ab
1610 5628 1721 5691 infimis
1738 5643 1788 5688 so·
