3742 6082
115 219 170 280 355
209 252 211 256 =
420 215 599 277 HUGONIS
617 217 671 275 DE
690 218 720 275 S.
741 214 912 274 VICTORE
930 212 1014 270 OPP.
1036 213 1136 272 PARS
1154 214 1193 271 11.
1207 244 1244 257 —
1260 214 1503 272 DOGMATICA.
1771 215 1830 274 356

116 347 184 401 tum
196 346 243 398 eet
256 360 262 398 :
275 344 317 399 Et
328 345 394 399 erit
405 345 579 398 Sabbatum
589 358 651 411 pro
667 339 940 407 sacoarumensis
955 336 982 393 A
996 341 1119 409 propter
1132 339 1228 394 vitam
1252 340 1443 407 aeternitatis,
1459 338 1633 409 diligendus
1652 343 1698 395 est
1720 344 1830 396 auctor

116 434 163 487 sir
173 447 236 501 pro
249 447 359 488 mense
376 434 452 502 (lea.
470 431 567 500 narr).
591 429 671 484 Illud
692 430 796 500 itaque
817 441 943 498 pracep
997 427 1069 482 vitae
1085 428 1308 499 temperabant
1324 428 1437 483 seilicet
1451 443 1512 482 non
1527 428 1584 482 hoc
1597 427 1754 498 diligatur,
1770 430 1826 502 qui

118 523 185 576 tum
201 520 372 592 specialiter
385 520 423 574 ad
445 519 577 590 Spiritus
598 518 697 571 sancti
717 531 878 588 personam
899 530 944 569 re·
998 515 1077 570 hauc
1092 515 1208 584 abillo,
1226 516 1288 570 imo
1303 516 1468 587 perillum,
1483 516 1578 570 vitam
1595 517 1831 587 accipimus,sed

117 609 190 664 ferri
202 609 334 677 videtur,
350 624 420 663 cum
435 608 562 662 dicitur:
577 606 713 662 Observa
726 605 944 672 Sabbatum,ut
998 603 1072 674 quia
1085 619 1139 674 per
1158 605 1238 659 hanc
1253 605 1291 659 ad
1313 605 1396 659 illam
1416 606 1512 660 vitam
1537 606 1682 660 intraturi
1710 622 1828 661 sumne.

119 696 260 752 videlicet
273 697 305 751 in
321 696 464 767 praesenti
480 710 548 750 eum
563 696 778 766 suscipiamus,
792 697 822 748 et
843 697 942 748 custo·
999 691 1079 746 Bene
1092 707 1163 762 ergo
1178 708 1247 747 oum
1265 693 1380 748 dictum
1397 697 1492 747 essct:
1509 694 1636 748 Honora
1662 697 1782 765 patrem
1797 699 1828 750 et

118 785 238 841 diamus
252 784 335 839 intra
348 799 403 838 nos
418 783 450 838 in
465 783 611 853 gaudium
626 784 715 838 bonae
740 781 943 849 conscientiis,
999 784 1139 850 matrem,
1157 782 1322 852 subJuncla
1335 786 1382 837 est
1396 797 1497 850 causa,
1514 786 1549 836 ut
1564 783 1641 837 bene
1655 783 1713 838 tibi
1735 784 1786 851 sit,
1801 788 1831 840 et

117 877 269 945 quatenus
285 886 354 926 eum
375 872 409 927 iu
434 872 539 927 futuro
565 873 718 943 suscipere
747 874 777 925 et
790 870 945 941 possidere
999 869 1041 923 sis
1055 869 1224 938 longaemus
1239 887 1330 942 super
1354 873 1477 938 terram,
1503 870 1618 926 scilicet
1643 872 1828 943 viventium,

117 960 334 1028 mereamur,in
350 960 498 1031 gaudium
513 961 672 1015 vitae.Haec
686 959 858 1029 igitursuut
873 974 945 1029 prse-
999 957 1139 1028 quiahoc
1151 958 1275 1027 diligere
1289 958 1435 1014 debemus
1450 959 1483 1013 in
1503 962 1625 1014 auctore
1647 960 1718 1014 vitae
1734 960 1829 1031 hujus

117 1051 205 1120 cepta
217 1049 276 1104 tria
288 1049 527 1120 primaetahulae.
546 1049 710 1119 inquibus
728 1047 879 1119 praecipue
905 1046 946 1101 di·
1000 1043 1082 1114 quod
1094 1045 1197 1101 abillo
1212 1062 1266 1118 per
1287 1047 1367 1101 hanc
1391 1047 1488 1101 vitam
1512 1047 1550 1101 ad
1572 1048 1708 1103 futuram
1731 1049 1829 1103 vitam

116 1137 206 1194 lectio
231 1137 286 1192 Dei
307 1138 548 1206 commendatur,
569 1142 598 1193 et
616 1142 680 1192 tota
700 1136 835 1191 Trinitas
864 1150 945 1189 unus
999 1134 1114 1188 initiati
1134 1150 1250 1190 sumus.
1267 1136 1306 1190 Et
1321 1135 1447 1206 pulchre
1463 1135 1627 1190 honoranti
1643 1137 1828 1208 principium

117 1226 200 1282 Deus
214 1226 372 1297 aequaliter
387 1226 543 1282 adoranda
564 1230 594 1281 et
619 1226 745 1290 colenda
758 1225 943 1296 precipitur.
1001 1239 1102 1291 suum,
1116 1223 1297 1294 longaevitas
1318 1225 1522 1296 promittitur,
1546 1225 1619 1295 quia
1640 1225 1703 1280 Deo
1720 1241 1774 1296 per
1789 1225 1830 1280 di·

118 1315 192 1371 Car.
208 1314 275 1370 VII.
292 1317 336 1370 De
357 1321 476 1384 septem
502 1318 582 1370 ultis
592 1317 763 1384 proeeeptis
782 1330 854 1383 quoe
867 1318 946 1369 sunt
1000 1311 1158 1367 lectionem
1175 1312 1366 1368 adhaerentes
1381 1312 1585 1367 aeternitatem
1600 1319 1826 1385 promerentur.

381 1407 531 1460 securrdoe
548 1405 678 1458 tabntoe.
999 1399 1077 1455 Sane
1092 1403 1243 1471 quantum
1254 1404 1371 1472 spectat
1381 1401 1419 1455 ad
1435 1415 1559 1456 sensum
1570 1400 1689 1468 litterae,
1706 1400 1829 1456 duobus

153 1490 272 1564 Septem
289 1491 359 1560 alie,
376 1491 510 1547 secunda
534 1491 640 1547 tabula
661 1491 848 1559 continebat,
876 1506 945 1561 quaa
1000 1489 1099 1544 modis
1120 1494 1263 1560 parentes
1287 1494 1410 1545 nostros
1433 1490 1593 1544 honorarae
1613 1489 1771 1558 debemus,
1801 1494 1831 1546 et

118 1579 273 1636 hominem
288 1581 327 1637 ad
341 1581 533 1637 dilectionem
549 1581 682 1653 proximi
698 1581 888 1648 instituunt,
916 1584 946 1635 et
1000 1576 1168 1633 obediendo
1182 1579 1226 1633 eis
1240 1577 1380 1633 videlicet
1393 1578 1425 1632 in
1448 1577 1591 1633 omnibus
1607 1578 1754 1649 (exceptis
1780 1578 1830 1633 his

118 1671 277 1740 propterea
286 1671 480 1741 septennario
492 1670 813 1741 distinguuntur‚quia
825 1670 857 1724 in
869 1685 944 1740 prce·
960 1678 985 1735 Β
999 1666 1032 1721 in
1047 1666 1161 1737 quibus
1183 1667 1304 1722 dilectio
1328 1667 1384 1721 Dei
1405 1667 1505 1721 Patris
1529 1666 1703 1736 offenditur)
1725 1670 1754 1721 et
1778 1682 1830 1722 eos

120 1758 199 1813 senti
213 1759 278 1813 vita
293 1763 414 1814 tantum
431 1775 498 1830 quse
521 1763 637 1831 septem
661 1758 769 1814 diebus
793 1758 943 1814 volvitur:
1001 1759 1152 1825 quantum
1176 1756 1307 1810 facultas
1333 1756 1438 1810 nostra
1464 1756 1610 1826 suppetit,
1639 1755 1826 1826 adjuvando.

120 1849 225 1902 nostra
240 1848 373 1903 charitas
388 1847 512 1918 pietatis
533 1848 676 1919 operibus
700 1852 857 1902 exercetur
875 1862 946 1916 erga
1000 1843 1057 1898 Sed
1073 1844 1152 1921 etde
1178 1844 1318 1916 patribus
1340 1843 1540 1915 spiritalibus,
1565 1843 1597 1899 id
1621 1848 1667 1899 est
1691 1843 1829 1914 praelatis

119 1935 312 2006 proximum
327 1939 442 2006 postea,
465 1937 686 1991 consummatis
700 1936 843 2006 operibus
865 1940 894 1990 et
912 1936 945 1989 ti·
1001 1934 1115 1988 nostris
1127 1933 1261 2005 idipsum
1276 1934 1444 2003 intelligere
1459 1934 1538 1989 nihil
1552 1934 1689 2006 impedit,
1713 1935 1829 2005 quibus

119 2022 194 2077 nitis
208 2021 433 2094 laboribus,per
445 2024 733 2094 contemplationem
748 2025 862 2095 pariter
876 2040 945 2078 cum
1000 2022 1205 2077 obedientiam
1217 2023 1362 2077 debemus
1371 2010 1643 2093 quantum²n0stra
1656 2022 1750 2077 habet
1762 2037 1827 2094 pos·

119 2111 259 2182 proximo
273 2111 475 2166 beatificanda
486 2112 520 2166 in
532 2112 640 2167 Deum.
656 2112 751 2168 Amor
764 2114 860 2183 igitur
881 2128 948 2184 pro·
1001 2110 1151 2179 sibilitas,
1176 2115 1206 2165 et
1228 2111 1378 2165 auxilium
1397 2112 1459 2166 imo
1479 2111 1649 2180 servitium,
1675 2117 1828 2182 quantum

118 2201 195 2256 ximi
210 2202 239 2255 et
253 2201 430 2272 temporalis
442 2204 487 2256 est
500 2202 657 2272 quandum
670 2203 802 2273 partinet
813 2202 852 2256 ad
865 2203 947 2257 exhi·
1000 2200 1136 2271 suppetit
1149 2199 1289 2254 facultas.
1299 2200 1472 2255 Secundum
1485 2205 1670 2271 praeceptum
1685 2200 1826 2255 secundm

119 2288 267 2343 bitionem
279 2289 424 2360 operis‚et
437 2292 570 2344 aeternus
584 2294 736 2361 quantum
757 2290 888 2361 pertinet
907 2291 946 2345 ad
1001 2288 1123 2355 tabulae,
1137 2291 1209 2343 Non
1225 2291 1346 2343 occides
1363 2288 1465 2359 (ibid.)
1477 2288 1684 2343 Homicidium
1698 2289 1738 2342 sit
1753 2289 1829 2343 mul·

120 2376 448 2432 ellectumdilectionis.
461 2377 599 2432 Primum
611 2382 796 2450 preceptum
806 2379 945 2434 secundm
1001 2376 1040 2432 tis
1059 2375 1168 2444 modis,
1184 2391 1289 2445 manu,
1301 2376 1418 2445 lingua,
1432 2390 1592 2432 consensus
1602 2377 1696 2431 Manu
1712 2377 1747 2431 tlt
1760 2392 1829 2433 cum

121 2465 400 2537 tabulaeadpatrem
409 2467 541 2537 pertinet
549 2466 715 2534 hominem,
726 2467 945 2539 sicutprimum
1000 2466 1070 2537 quis
1084 2465 1178 2520 alium
1194 2465 1354 2521 actualiter
1372 2466 1435 2521 vita
1459 2467 1580 2537 privat,
1601 2466 1649 2521 vel
1671 2467 1704 2520 in
1727 2465 1828 2521 locum

119 2552 518 2624 primaetabulaeadPatrem
526 2555 634 2610 Deum.
653 2556 945 2628 Utrobiquepateni·
998 2553 1107 2610 mortis
1120 2554 1174 2609 ubi
1188 2554 1253 2608 vita
1264 2555 1401 2626 privetur
1415 2555 1596 2626 praecipitat,
1612 2557 1648 2609 ut
1673 2555 1706 2609 in
1728 2570 1825 2610 carce·

121 2644 168 2696 tae
183 2643 384 2714 praeponitur,
392 2643 556 2714 utrobique
570 2644 712 2716 principii
727 2645 876 2715 dignitate
891 2647 944 2702 ho·
999 2657 1072 2710 rem,
1088 2642 1137 2697 vel
1162 2642 1256 2697 alium
1276 2641 1442 2714 quemlibet
1458 2643 1549 2698 talem
1574 2642 1685 2698 locum.
1704 2643 1828 2713 Lingua

120 2731 335 2803 noratu1·,quia
350 2731 516 2787 secundum
528 2732 692 2803 qrremdam
702 2734 885 2804 modum,sic
896 2736 946 2791 ha·
999 2730 1034 2785 iit
1048 2730 1169 2785 duobus
1188 2731 1297 2800 modis,
1318 2732 1348 2785 id
1363 2736 1419 2800 est,
1435 2731 1639 2803 praecipiendo
1654 2730 1703 2786 vel
1723 2747 1828 2802 sugge-

118 2817 417 2890 bemuspriucipium
426 2821 946 2896 nascendipergenerationemapa·
999 2819 1102 2875 rendo.
1117 2818 1216 2875 Judaei
1238 2820 1351 2892 quippo
1375 2820 1532 2875 Christum
1548 2820 1733 2889 occiderunt,
1752 2821 1825 2875 dum

117 2910 163 2962 tre
175 2907 391 2975 homine,sicut
407 2909 592 2980 principium
609 2910 760 2965 existendi
774 2927 828 2982 per
842 2913 943 2968 condi-
999 2912 1034 2963 ut
1048 2908 1243 2977 occideretur,
1254 2908 1351 2979 judici
1365 2913 1592 2978 suggesserunt.
1609 2909 1769 2964 Consensu
1792 2909 1828 2964 si-

116 2995 607 3067 tionemaccepimusaDeoPatre3
626 3001 655 3052 et
667 3001 941 3069 paternitashomi-
957 3023 980 3079 C
999 2997 1111 3051 militer
1129 2996 1249 3051 duobus
1275 2997 1373 3051 modis
1397 2997 1431 3051 tit
1453 2997 1661 3066 homicidium,
1681 2997 1731 3053 vel
1753 2998 1827 3053 dum

116 3084 165 3137 nis
180 3088 405 3139 sacramentum
417 3087 610 3156 estetimago
617 3086 730 3142 divinae
738 3090 945 3162 paternitatis,
1000 3089 1129 3141 mortem
1142 3085 1268 3139 alteruis
1280 3085 1489 3140 desideramus
1504 3088 1534 3141 et
1552 3085 1703 3158 cupimus,
1729 3085 1778 3142 vel
1801 3087 1826 3140 si

120 3172 156 3224 ut
163 3169 259 3225 discat
267 3172 495 3228 corhumanum
505 3174 538 3228 in
554 3175 746 3246 eoprincipio
755 3177 838 3247 quod
851 3179 944 3249 videt,
1000 3175 1073 3229 dum
1087 3189 1156 3229 eum
1167 3191 1185 3227 a
1199 3177 1296 3229 morte
1309 3174 1438 3229 liberare
1453 3190 1627 3246 possumus,
1647 3175 1744 3229 vitam
1760 3175 1826 3245 ejus

121 3257 198 3328 quid
206 3257 679 3332 debeatilliprincipioaquoest,
690 3265 806 3334 etquod
824 3280 884 3320 non
901 3268 944 3322 vi·
999 3262 1194 3333 negligimus
1210 3262 1242 3316 id
1258 3266 1313 3331 est,
1329 3263 1515 3334 adjutorium
1531 3280 1592 3318 non
1606 3263 1824 3335 impendimus.

117 3344 228 3400 detSic
240 3350 365 3415 ergoest
384 3346 510 3402 dictum.
523 3351 655 3404 Honora
668 3357 901 3418 patremtunm
914 3363 946 3412 et
1035 3347 1172 3406 Tertium
1186 3355 1372 3422 praeceptum
1388 3352 1526 3407 secundae
1541 3352 1654 3408 tabulas
1670 3356 1735 3407 est:
1755 3355 1828 3407 Non

119 3438 258 3489 matrem
268 3438 713 3507 tuarn,utbenesictibi‚etsis
724 3442 948 3510 lonpoerussu·
1001 3440 1208 3494 moechaberif
1225 3440 1339 3508 (ibid),
1354 3439 1386 3494 id
1396 3444 1517 3506 eslim
1528 3441 1737 3496 fornicaberis.
1754 3440 1827 3495 FOF·

114 3539 176 3594 per
188 3518 312 3580 terrane
327 3524 506 3596 (Exedra).
522 3526 607 3583 Sicut
623 3529 763 3599 superius
773 3530 888 3588 dictum
900 3540 946 3592 est
1000 3527 1113 3581 nicetio
1129 3530 1175 3581 est
1189 3527 1290 3581 omnis
1310 3527 1436 3583 illicitus
1450 3528 1652 3596 concubitus,
1675 3532 1704 3582 et
1720 3533 1767 3581 est
1779 3526 1831 3581 du·

118 3613 152 3668 in
164 3613 420 3686 primopraecepto
428 3615 535 3686 primae
553 3616 888 3686 tabulae,itaethocnon
903 3626 944 3678 to·
1000 3616 1070 3687 plex
1086 3615 1257 3670 fornicat-io.
1274 3615 1403 3685 Animae,
1426 3617 1505 3672 unde
1520 3617 1691 3687 Propheta:
1715 3618 1829 3671 Perdi·

120 3701 231 3757 tumad
238 3703 477 3775 preceptionem
489 3704 620 3776 pertinet
633 3706 715 3777 quod
736 3711 944 3782 propositum3
1000 3705 1082 3759 disti
1110 3719 1220 3759 ornnes
1251 3706 1309 3774 qui
1343 3704 1558 3774 fornicantur
1582 3706 1637 3759 aba
1668 3710 1699 3758 te
1727 3705 1827 3775 (Paul.

119 3783 944 3871 sedibiquodpraeterpraeceptumeratpraemissumest‚
1001 3792 1111 3864 kmi)
1135 3792 1287 3864 C⁰fl>0sisa
1311 3792 1348 3846 de
1369 3809 1432 3864 qua
1454 3793 1503 3849 ¹110
1526 3791 1636 3862 agitur.
1659 3793 1726 3847 HOC
1747 3793 1830 3847 essim

118 3877 945 3949 hicsubjunctumest:AudilsraeizDeustuusunus
1000 3885 1185 3954 preceptum
1202 3880 1384 3952 etquaedam
1401 3881 1471 3951 alia,
1500 3881 1557 3936 sub
1570 3881 1667 3937 veteri
1680 3881 1746 3952 lege
1762 3884 1829 3936 tan·

118 3965 503 4037 cettheut.vrl.Hoct0tum
512 3974 583 4024 ante
593 3976 778 4042 praeceptum
787 3977 944 4047 praemitti-
1000 3970 1222 4025 tum-inchoata
1234 3973 1317 4038 sunt,
1333 3969 1364 4024 id
1379 3973 1425 4025 eet
1439 3985 1501 4026 uon
1514 3969 1612 4042 plene,
1626 3969 1679 4025 sad
1693 3973 1828 4041 exparte

117 4057 179 4123 tur,
202 4055 303 4126 ipsum
318 4059 503 4136 praeceptum
529 4062 636 4129 postea
656 4061 849 4118 subinfertur
875 4081 945 4121 cum
1001 4059 1083 4126 daia,
1098 4061 1221 4130 ΡΓΟΡῑθΓ
1234 4058 1446 4115 issfifffliississm
1461 4059 1648 4127 studiiffl'umr
1673 4072 1741 4129 (1¹¹ae
1763 4073 1829 4129 POS‘

118 4142 245 4198 dicitur:
269 4145 382 4214 Ipsum
409 4145 572 4214 adorabis,
598 4148 712 4216 stipsi
735 4153 798 4204 soli
825 4155 945 4210 servies
1002 4149 1060 4215 tea,
1077 4139 1264 4201 'adveniente
1285 4149 1394 4218 gratia,
1424 4151 1638 4203 consummata
1658 4151 1740 4201 sunt.
1765 4146 1829 4201 Lex

120 4230 234 4301 (ibid).
251 4231 309 4286 Hic
318 4235 504 4303 praeceptum
514 4234 674 4304 praecedit:
689 4234 815 4291 Honora
827 4244 945 4310 patrem
1001 4236 1082 4290 enim
1097 4235 1171 4291 dicit
1183 4253 1188 4290 :
1199 4237 1268 4292 Non
1283 4237 1493 4305 moechaberis
1509 4236 1695 4308 corporalem
1708 4238 1830 4290 tantum

119 4323 208 4374 tuum
241 4321 272 4373 et
302 4323 431 4375 matrem
460 4325 544 4376 tuam
579 4322 691 4392 (Ecca.
726 4325 804 4394 xm),
838 4323 1162 4423 uleinde'Dmoechianr
1178 4325 1352 4396 prohibens.
1375 4325 1517 4381 Christus
1531 4326 1622 4380 dicit:
1640 4327 1830 4392 Quicunque

121 4407 439 4478 subjungitzutbene
466 4409 522 4463 tibi
537 4410 587 4479 sit,
614 4416 644 4465 et
659 4412 701 4468 sis
720 4412 877 4484 longaevus
893 4434 942 4473 su·
1003 4415 1125 4467 viderit
1152 4416 1325 4470 irradiarunt
1350 4417 1394 4468 ad
1425 4416 1715 4482 concupiscendam
1744 4427 1829 4480 euni,

120 4508 174 4565 per
188 4497 310 4548 terram,
325 4494 404 4558 Quid
419 4498 464 4549 est
478 4498 651 4568 erg0,qu0d
665 4500 709 4555 ibi
724 4506 795 4557 ante
815 4519 946 4577 praecgp.
999 4504 1071 4569 jain
1089 4503 1329 4563 arescebatuaest
1356 4518 1428 4557 earu
1457 4504 1493 4556 in
1518 4505 1611 4556 corde
1625 4518 1684 4556 suo
1702 4501 1829 4572 (Marta.

123 4584 188 4636 tum
205 4596 297 4636 causa
310 4583 453 4653 praecepti
466 4585 684 4657 praemittitur,
708 4588 757 4643 hic
780 4596 850 4662 post
872 4609 946 4665 pree·
1002 4595 1032 4659 v)
1045 4605 1185 4657 ,omnem
1198 4590 1338 4646 illicitam
1353 4591 1631 4662 concupiscentiam
1643 4593 1708 4645 tam
1720 4590 1831 4645 anime

121 4672 243 4742 ceptum
271 4669 471 4740 subinfertur,
499 4673 559 4728 uisi
579 4675 653 4745 quia
667 4676 750 4732 Deus
774 4679 947 4750 ‹litigendus
1002 4694 1095 4749 quam
1110 4680 1244 4750 corporis
1259 4679 1479 4735 contradicens.

120 4760 168 4813 est
187 4762 311 4831 propter
341 4760 486 4833 seipsum,
503 4765 537 4818 et
562 4762 653 4818 horno
676 4770 800 4839 propter
823 4769 947 4826 Deum?
1036 4768 1185 4832 Quartum
1200 4774 1386 4842 praeceptum
1400 4774 1460 4824 est:
1483 4771 1556 4824 Non
1579 4769 1713 4838 furtum
1727 4768 1830 4838 facies

119 4845 199 4903 Nam
215 4851 245 4901 et
263 4862 348 4903 amor
362 4854 535 4921 parentum,
550 4851 576 4906 si
591 4853 629 4907 ad
644 4853 741 4910 solam
756 4873 878 4913 carnem
891 4875 948 4914 res·
1002 4856 1114 4928 (Emori.
1131 4858 1198 4927 xx.)
1223 4859 1353 4913 Furtum
1377 4859 1525 4930 accipitur
1552 4857 1586 4913 in
1612 4857 1670 4912 hoc
1694 4856 1761 4912 loco
1776 4871 1831 4928 pro

120 4935 208 5005 plait,
220 4935 378 5007 spirituale
398 4939 556 5008 praemium
575 4957 637 4996 non
650 4945 790 5014 acquirit.
808 4947 854 5001 Ex
883 4948 946 5004 Deo
1001 4944 1258 5016 qualibetillicita
1273 4947 1474 5018 usurpatione
1498 4946 1542 5001 rei
1566 4945 1684 5014 alienae,
1700 4945 1766 5000 sive
1784 4959 1830 5000 oc·

117 5023 213 5094 igitur
226 5023 259 5077 iu
273 5024 363 5080 nobis
376 5026 464 5098 prius
477 5031 533 5097 est,
549 5035 672 5102 proptor
687 5033 768 5104 quod
783 5041 892 5107 postea
906 5038 946 5093 di·
1000 5033 1083 5090 culta
1096 5033 1159 5088 sive
1175 5034 1348 5089 manifesta.
1362 5034 1422 5098 Qui
1433 5036 1515 5091 enim
1529 5034 1647 5089 turtum
1660 5033 1830 5104 prohibuit,

117 5109 260 5181 ligandus
274 5114 321 5194 est
334 5127 352 5167 a
364 5114 465 5183 nohis,
480 5116 553 5186 quia
568 5119 634 5188 ejus
660 5122 769 5190 gratia,
786 5128 891 5179 nostra
906 5125 947 5180 di·
1000 5123 1141 5195 rapinam
1156 5138 1218 5177 non
1233 5124 1391 5192 concessit,
1414 5138 1483 5178 cum
1497 5123 1538 5178 sit
1550 5122 1652 5193 majus
1671 5125 1831 5193 peccatum

117 5199 206 5257 lectio
221 5201 419 5273 praevenitur,
434 5206 463 5258 et
476 5207 581 5259 nostra
595 5205 717 5263 dilectio
733 5225 788 5280 per
800 5212 866 5281 ejus
883 5228 947 5283 gra·
1001 5210 1047 5280 (ut
1060 5214 1212 5265 testantur
1225 5211 1335 5282 sancti)
1351 5215 1454 5283 aperte
1478 5215 1508 5268 et
1532 5209 1683 5266 violenter
1700 5225 1827 5282 rapere:

119 5289 194 5345 tiam
210 5287 341 5344 excitata
352 5289 560 5361 subsequitur.
572 5293 607 5348 In
622 5295 762 5365 patribus
773 5301 875 5354 autem
887 5317 946 5356 cau
999 5314 1092 5370 quam
1113 5298 1227 5354 occulte
1252 5300 1441 5369 subtrahere,
1460 5299 1534 5371 quia
1549 5300 1650 5369 majus
1665 5297 1773 5354 odium
1801 5300 1830 5353 et

119 5378 169 5434 nis
182 5379 295 5434 nostrae
310 5377 336 5432 si
353 5377 391 5432 ad
412 5377 445 5432 id
465 5378 563 5434 solum
578 5380 757 5439 beneficium
772 5390 877 5441 nostra
902 5389 944 5444 di·
998 5380 1077 5442 iram
1100 5388 1221 5444 excitat.
1248 5387 1311 5444 Sub
1336 5390 1419 5444 furto
1441 5389 1533 5444 etiam
1559 5387 1830 5459 comprehenditur

119 5467 209 5524 lectio
222 5465 366 5535 tenditur,
383 5482 444 5538 quo
472 5469 635 5524 carnaliter
664 5471 702 5525 ab
729 5472 777 5527 his
804 5479 944 5534 nostrum
999 5491 1103 5530 usura.

120 5556 263 5611 meritum
279 5557 475 5627 praevenitur,
488 5558 561 5630 quia
576 5558 657 5614 ultra
672 5561 772 5616 carnis
791 5563 943 5637 allectum,
1033 5565 1180 5635 Quintum
1195 5569 1381 5638 preceptum
1397 5565 1536 5622 secundae
1552 5564 1754 5620 tabulae.Non
1768 5564 1830 5632 sal·

122 5644 151 5697 et
168 5658 260 5715 supra
273 5645 374 5701 carnis
386 5645 534 5701 intuitum
558 5663 619 5703 non
633 5649 763 5720 proficit,
784 5652 822 5707 ad
836 5656 946 5725 perfec·
997 5670 1071 5709 suin
1087 5656 1313 5709 testiinonium
1336 5658 1422 5710 dices
1440 5655 1540 5727 (ibid).
1564 5654 1606 5710 Ut
1625 5669 1697 5724 erge
1718 5652 1830 5709 melius

123 5730 237 5787 donem
257 5734 375 5804 praemii
396 5735 565 5823 spiritualis
588 5753 651 5794 non
676 5740 833 5814 pertingit.
862 5744 943 5817 Ergo
995 5741 1122 5815 liqueat,
1133 5743 1209 5815 quid
1226 5744 1267 5800 sit
1283 5744 1400 5805 falsum
1422 5745 1647 5816 testimonium,
1674 5742 1771 5802 uuus
1786 5742 1830 5811 iu·
