3742 6082
59 194 115 252 569
538 209 591 266 DE
609 201 893 268 SACRAMENTIS.
913 199 1023 260 LIBRI
1042 205 1072 264 11
1097 210 1198 272 PARS
1215 215 1296 274 XIV.
1713 236 1768 297 570

61 324 126 383 Deo
142 327 181 382 ad
195 326 340 384 solvenda
355 334 479 401 peccata
490 332 804 405 hominum,homines
818 352 885 394 coo·
900 315 927 371 Ᾰ
943 349 1005 391 non
1017 336 1062 392 tta
1075 352 1168 394 causa
1183 344 1289 397 nostra
1313 343 1424 414 agitur.
1450 345 1628 406 Peccantem
1651 352 1766 414 Filium

60 418 362 487 peratoresquaerere
374 421 464 490 quasi
479 437 576 492 perse
588 424 813 495 quodvoluerit
825 442 887 481 non
943 422 1026 479 Deus
1048 426 1138 482 Pater
1160 430 1250 499 quasi
1269 430 1386 502 expulit
1414 434 1522 504 iratus,
1539 438 1588 493 cui
1607 441 1710 498 tamen
1733 447 1767 501 in

60 504 163 560 valeat
177 504 352 577 adimplere.
370 507 429 562 Sed
451 511 617 567 certissime
641 514 717 568 scire
742 514 888 570 debemus
942 513 1097 583 proposito
1106 515 1193 571 bonae
1204 517 1375 574 voluntatis
1385 522 1595 581 suaefortassis
1607 542 1767 601 nunquam

60 592 145 664 quod
160 593 192 647 in
208 593 366 651 abolendis
380 598 513 668 peccatis
527 614 722 671 nequaquam
749 602 812 656 Deo
831 602 886 656 hu·
941 597 1040 654 iratus
1052 600 1120 656 tuit.
1136 601 1193 658 Sed
1206 604 1279 676 quia
1290 605 1454 664 infirmitas
1468 608 1605 668 humana
1618 629 1672 686 per
1685 631 1717 672 se
1731 617 1769 674 de

60 696 155 736 mana
169 683 343 753 «cooperatio
357 684 553 756 suffragatur.
570 687 640 742 Ideo
665 691 768 743 tamen
791 689 886 744 homi·
941 685 1031 758 lapsu
1046 703 1169 758 surgere
1177 706 1239 746 non
1255 692 1347 762 valet,
1361 694 1400 750 ad
1415 710 1466 753 cor
1485 702 1653 769 peccatoris
1669 707 1767 761 mater

61 784 130 824 nem
147 774 374 842 cooperatorem
388 772 470 841 fieri3
485 774 557 844 quia
571 774 654 830 salus
672 777 838 846 peccatoris
853 791 887 832 oo
942 776 1042 845 gratia
1055 777 1199 846 mittitur,
1216 781 1355 836 sacerdos
1367 783 1548 841 intercessor
1562 790 1722 860 quaeritur,
1729 797 1765 848 ut

59 856 152 913 modo
161 859 384 930 competentius
397 860 561 931 perficitur.
576 862 656 928 Quid
670 864 751 920 enim
765 868 888 935 peccata
942 860 1026 917 Deus
1038 864 1092 934 qui
1101 864 1200 920 iratus
1213 881 1274 922 non
1288 867 1388 924 iuerat
1401 872 1614 943 complacetur.
1626 876 1706 941 Quid
1721 878 1764 935 dl·

60 945 121 1000 nisi
130 943 229 1016 plagae
244 945 385 1017 quaedam
402 951 474 1003 suut
487 964 496 1015 3
512 948 627 1020 etquid
641 954 687 1006 ast
708 952 889 1024 poenitentia
942 965 1008 1005 cam
1021 948 1035 1004 1
1050 951 1127 1018 Quis
1146 956 1278 1022 sapiens
1290 961 1321 1010 et
1336 961 1495 1016 custodiet
1508 963 1574 1018 hoec
1586 969 1627 1031 et,
1642 967 1766 1022 inteili-

59 1033 121 1089 nisi
137 1031 367 1090 medicinaiEt
380 1035 494 1090 scimus
509 1036 591 1108 quod
605 1037 637 1091 in
663 1039 808 1095 sanandis
821 1039 887 1096 vul·
942 1043 995 1107 get
1039 1040 1286 1098 misericordias
1327 1046 1459 1101 11111111
1487 1046 1501 1102 t
1553 1051 1654 1119 (Psct.
1690 1053 1766 1126 cvr,)

60 1121 188 1178 neribus
204 1121 305 1177 carnis
319 1121 380 1176 nisi
395 1138 564 1193 congruum
589 1124 772 1182 adhibeatur
794 1143 887 1184 reme·
942 1125 1090 1198 Nunquid
1122 1129 1203 1184 enim
1253 1130 1321 1186 ideo
1351 1134 1504 1204 superfluo
1554 1138 1669 1196 tactum
1720 1145 1767 1199 111

59 1211 145 1266 dium
161 1209 257 1266 dolori
268 1226 277 1279 3
292 1226 488 1284 nequaquam
509 1213 648 1284 sequitur
665 1214 790 1270 effoetus
805 1204 889 1270 cura·
943 1214 1025 1284 quod
1037 1215 1153 1271 iactum
1178 1220 1224 1273 est
1235 1233 1244 1286 3
1274 1219 1348 1290 quia
1362 1219 1445 1277 Deus
1480 1223 1518 1278 ab
1550 1224 1629 1282 irato
1647 1227 1680 1283 in
1698 1244 1767 1300 pro-

59 1300 165 1357 tionis.
183 1299 261 1365 Quia
275 1314 346 1370 ergo
360 1315 415 1372 per
429 1300 604 1371 superbiam
619 1317 709 1358 omno
729 1307 888 1375 peccatum
942 1301 1053 1372 pitium
1066 1318 1128 1359 non
1144 1308 1283 1362 mutatus
1294 1311 1351 1376 ost,
1366 1309 1420 1380 qui
1436 1310 1501 1366 suis
1524 1327 1683 1385 nunquam
1698 1330 1767 1387 pro-

59 1389 188 1459 geritur,
201 1403 339 1444 necessse
362 1391 419 1455 est,
436 1392 471 1443 ut
485 1404 539 1459 per
558 1388 765 1445 humilitatem
787 1393 888 1448 omnis
941 1389 1038 1459 pitius
1051 1395 1179 1448 nonest.
1204 1393 1307 1449 absitt
1328 1394 1386 1451 Sed
1411 1412 1534 1454 necesso
1553 1403 1599 1456 est
1625 1402 1669 1457 sic
1690 1403 1766 1473 fieri,

62 1477 246 1548 poenitentia
272 1475 442 1544 condiatur,
474 1480 627 1548 quatenus
649 1477 887 1535 inobedientiam
941 1478 1016 1547 quia
1029 1478 1118 1537 aliter
1130 1484 1234 1537 reatus
1258 1483 1355 1538 nostri
1371 1484 1492 1542 sceleris
1513 1502 1574 1544 non
1595 1492 1696 1560 potest
1716 1506 1766 1547 ex-

61 1565 238 1621 obediontia
250 1565 384 1636 frangat,
400 1568 429 1620 et
444 1564 585 1620 elationis
600 1568 750 1623 tumorem
765 1565 888 1623 humili·
941 1565 1029 1635 piari.
1042 1565 1171 1625 Necesse
1185 1572 1231 1625 est
1246 1570 1289 1624 sic
1302 1570 1367 1626 fleri
1380 1586 1389 1640 3
1405 1573 1479 1644 quia
1493 1573 1576 1634 Deus
1595 1575 1652 1633 hoc
1674 1579 1766 1635 etiam

62 1655 137 1709 tatis
152 1652 272 1708 devotio
287 1656 415 1724 premat.
434 1651 626 1708 Conveniens
643 1669 714 1724 ergo
735 1653 825 1711 valde
843 1658 889 1711 est
904 1644 930 1701 Β
943 1655 1026 1726 quod
1038 1654 1109 1711 dare
1125 1655 1286 1727 desiderat,
1302 1674 1320 1712 a
1336 1674 1368 1714 so
1383 1662 1525 1733 precepit
1535 1662 1695 1735 postulari.
1711 1663 1768 1720 Ne·

62 1746 97 1797 ut
111 1757 169 1797 nos
184 1742 238 1813 qui
252 1741 403 1814 peccando
418 1740 481 1796 Deo
492 1744 687 1798 contumaces
701 1742 818 1799 fuimus
830 1759 889 1816 pce
943 1757 1024 1798 cesse
1034 1747 1159 1815 estergc
1172 1744 1215 1800 sic
1226 1745 1291 1801 fleri
1299 1762 1307 1814 3
1322 1747 1405 1818 quia,
1417 1749 1474 1804 etsi
1483 1749 1516 1805 in
1524 1750 1588 1816 Deo
1598 1751 1765 1808 secundum

59 1830 187 1886 nitendo
199 1829 377 1886 hominibus
389 1830 481 1885 etiam
499 1830 595 1884 servis
609 1829 666 1885 Dei
681 1829 833 1903 supplices
848 1832 886 1887 si·
942 1831 1132 1903 propositum
1146 1847 1218 1903 erga
1233 1848 1289 1889 nos
1304 1834 1350 1889 ira
1362 1850 1424 1891 non
1435 1836 1545 1906 fuerat,
1560 1839 1594 1894 in
1608 1840 1697 1896 nobis
1721 1844 1765 1895 ta·

61 1933 142 1986 mus,
158 1921 188 1973 et
202 1917 295 1974 homo
308 1918 361 1990 qui
376 1916 482 1973 adDei
495 1917 625 1988 gratiam
648 1918 887 1975 conservandam
942 1933 1011 1974 men
1031 1919 1198 1975 secundum
1212 1925 1329 1977 reatum
1352 1924 1400 1978 ira
1422 1925 1577 1996 manebat,
1599 1942 1669 2000 quae
1691 1927 1766 1984 dum

60 2005 261 2062 mediatorem
277 2022 338 2062 non
351 2006 445 2077 eguit,
458 2007 522 2077 jam
537 2021 604 2061 eam
630 2021 806 2077 recuperare
826 2022 888 2063 non
941 2005 1044 2062 debita
1057 2008 1266 2064 satisfactione
1285 2010 1424 2080 solvitur,
1445 2015 1480 2068 ut
1508 2013 1552 2068 ita
1571 2013 1681 2086 dicam,
1704 2031 1767 2073 non

60 2096 122 2152 nisi
135 2111 191 2169 per
205 2094 360 2151 hominem
376 2094 573 2150 mediatorem
585 2093 776 2166 possit.Nam
789 2098 818 2150 et
831 2094 888 2152 hoc
941 2093 1025 2149 Deus
1036 2094 1165 2164 homini,
1182 2095 1234 2152 sed
1248 2096 1340 2152 honac
1355 2098 1577 2157 reconciliatur.
1598 2101 1643 2159 Do
1662 2117 1765 2175 pecca·

61 2183 300 2239 saluberrimum
316 2187 361 2239 est
374 2184 524 2256 peccatori
537 2186 571 2239 ut
583 2182 681 2239 discat
695 2198 788 2255 quam
798 2183 887 2255 longe
941 2182 983 2236 tis
997 2186 1099 2237 autem
1113 2187 1219 2238 utrum
1231 2183 1357 2240 redeant
1371 2201 1410 2241 an
1438 2201 1499 2242 non
1512 2229 1521 2257 ,
1535 2203 1574 2244 ex
1595 2205 1657 2261 quo
1674 2190 1768 2247 semel

60 2273 214 2345 peccando
229 2271 322 2329 aDeo
345 2272 512 2341 recesserit,
542 2287 611 2327 cum
636 2275 699 2327 tam
728 2271 888 2328 difficulter
941 2268 1068 2325 dimissa
1082 2270 1209 2339 fuerint,
1225 2286 1279 2342 ego
1295 2272 1418 2328 interim
1433 2288 1495 2330 non
1517 2276 1705 2335 afferendum
1717 2279 1766 2351 ju·

60 2359 238 2433 poenitendo
252 2359 290 2416 ad
303 2359 402 2416 Deum
417 2359 497 2416 redit
506 2375 514 2428 3
532 2360 606 2432 quia
616 2363 645 2414 et
660 2360 779 2416 cautior
793 2360 830 2416 de
842 2375 886 2416 ra·
941 2357 1018 2427 dico,
1035 2359 1088 2414 sed
1101 2358 1280 2428 verendum,
1296 2360 1383 2426 Quod
1404 2364 1507 2419 tamen
1526 2365 1553 2420 si
1572 2366 1613 2421 sit
1632 2365 1682 2422 vel
1706 2382 1767 2424 non

59 2449 147 2522 liquo
159 2449 298 2519 efficitur,
314 2464 383 2504 cum
398 2463 460 2504 non
475 2448 541 2503 sine
560 2447 647 2518 gravi
665 2446 770 2503 labore
791 2448 886 2520 poeni·
941 2446 1003 2515 sit3
1018 2462 1079 2519 qua
1089 2447 1211 2519 justitia
1225 2447 1280 2504 flat
1290 2448 1341 2505 vel
1354 2463 1415 2505 non
1436 2450 1491 2506 fiat
1510 2451 1637 2509 alterius
1655 2457 1766 2512 tracta-

61 2537 158 2607 tendi,
173 2537 276 2594 aditus
297 2536 496 2608 indulgentiae
513 2524 658 2608 aperitur.
683 2534 793 2592 Gemat
815 2552 886 2608 ergo
942 2537 993 2589 tus
1017 2549 1139 2606 operam
1161 2539 1326 2608 exspectat,
1349 2552 1383 2593 eo
1405 2540 1558 2612 praecipua
1582 2541 1665 2613 quod
1684 2558 1766 2615 quae·
1806 2537 1809 2544 '

60 2629 203 2698 peccator
213 2630 242 2681 et
257 2626 400 2698 suspiret,
415 2628 445 2680 et
456 2625 567 2679 anxius
582 2639 637 2696 pro
651 2627 773 2695 peccato
786 2640 842 2680 suo
853 2624 888 2681 ti·
941 2620 1011 2677 dam
1023 2622 1198 2679 divinarum
1213 2623 1439 2696 scripturarum
1454 2628 1632 2685 testimonia
1645 2629 1682 2686 de
1706 2629 1764 2687 bac

60 2717 144 2770 meat
159 2718 189 2770 et
201 2717 393 2787 expavescat,
410 2711 558 2768 sollicitus
575 2710 738 2781 discurrat,
759 2711 886 2767 auxilia·
940 2725 973 2765 re
987 2710 1130 2782 ambigue
1141 2711 1224 2766 edita
1232 2711 1377 2782 leguntur
1384 2712 1429 2768 ita
1443 2715 1536 2770 etiam
1548 2719 1584 2772 ut
1594 2732 1631 2771 ex
1646 2717 1690 2774 111
1702 2732 1765 2774 non

60 2807 143 2859 tores
158 2805 189 2858 at
203 2803 417 2859 intercessores
430 2803 558 2873 quaerat,
572 2801 756 2872 prosternat,
779 2814 811 2855 se
830 2799 885 2855 hu·
940 2796 1018 2853 nihil
1031 2798 1231 2855 absurditatis
1246 2799 1330 2856 nasci
1343 2799 1485 2857 videatur
1506 2815 1575 2874 quae
1601 2808 1682 2860 certe
1703 2819 1765 2861 non

60 2889 316 2958 militerbomini,
332 2889 385 2961 qni
397 2887 556 2944 humiliter
571 2887 671 2943 noluit
685 2890 784 2943 astare
799 2886 886 2943 Crea-
939 2883 1000 2940 levi
1019 2890 1073 2943 aut
1096 2887 1274 2942 transitoria
1299 2887 1542 2945 consideratione
1573 2890 1767 2948 discutienda

59 2980 168 3049 tori,ut
181 2980 215 3036 in
230 2979 286 3035 hoc
299 2979 392 3034 etiam
407 2979 488 3034 iacto
495 2974 720 3049 quodammodo
735 2974 774 3031 11
785 2975 885 3032 Deum
904 2979 927 3037 G
942 2976 1024 3028 sunt.

57 3067 169 3124 clamet
183 3068 323 3125 etdicat:
352 3065 438 3135 Vide,
463 3065 604 3133 Domine,
629 3067 658 3119 et
673 3062 831 3120 considera
853 3068 883 3122 et
937 3061 1011 3117 cir.
1028 3062 1080 3118 IX.
1102 3064 1143 3119 be
1162 3077 1197 3118 eo
1225 3068 1341 3118 utrum
1366 3070 1500 3133 peccata
1528 3067 1666 3122 redeant
1691 3081 1765 3137 poe·

58 3157 183 3215 attende
197 3157 272 3230 quid
286 3157 374 3213 facio.
392 3155 459 3213 Scio
470 3154 604 3227 quidem,
626 3153 767 3222 Domine,
783 3156 820 3209 'et
839 3153 883 3208 ta·
1080 3155 1196 3205 tanam
1208 3154 1308 3207 semel
1321 3153 1462 3208 ditatasa
1481 3151 1620 3221 suerint.

58 3249 126 3301 teor
140 3244 223 3318 quod
233 3245 290 3302 tibi
303 3245 414 3317 subjici
437 3243 518 3300 nolle
542 3240 727 3298 damnabilis
749 3241 809 3297 tuit
828 3240 886 3297 ela·
972 3236 1078 3293 Multae
1090 3241 1164 3294 sunt
1178 3239 1363 3310 quaestiones
1377 3239 1537 3297 hominum
1545 3257 1554 3311 3
1568 3242 1707 3313 quandiu
1717 3243 1762 3299 vi·

57 3334 125 3401 tio;
140 3333 194 3390 sed
204 3335 268 3406 jam
283 3335 451 3406 propterte
466 3345 568 3387 coram
589 3328 714 3385 homine
732 3329 885 3401 prosterni
938 3326 1022 3380 vitur
1034 3340 1153 3398 semper
1164 3327 1324 3398 quaeritur.
1337 3326 1395 3392 Qui
1409 3328 1491 3384 onim
1502 3330 1613 3401 quaerit
1628 3330 1765 3387 nondum

56 3438 121 3478 non
137 3422 178 3477 sit
190 3437 295 3493 quaeso
312 3418 506 3493 despicabilis
520 3417 651 3474 devotio.
674 3412 823 3488 Magnum
839 3420 886 3473 est
938 3413 1057 3470 invonit
1071 3413 1153 3487 quod
1168 3414 1434 3486 quaerit,ottarnen
1449 3416 1561 3489 querit
1574 3418 1650 3490 quia
1661 3417 1766 3476 amisit

58 3509 144 3582 quod
156 3509 280 3579 abstuli,
296 3525 352 3566 nec
365 3522 475 3581 parum
490 3510 536 3563 est
551 3504 633 3578 quod
644 3502 776 3561 reddoo
791 3519 885 3576 quam
938 3501 1022 3573 quod
1032 3502 1185 3574 quaeritet
1199 3502 1225 3559 11
1238 3517 1299 3558 non
1311 3503 1414 3560 amisit
1424 3503 1498 3575 quia
1512 3504 1590 3561 torte
1604 3521 1764 3578 nunquam

58 3598 166 3654 suavis
181 3601 210 3654 et
222 3597 359 3669 jucunda
374 3596 430 3653 Dei
452 3595 549 3651 nostri
570 3591 747 3649 miseratio!
773 3591 885 3647 Totum
938 3587 1059 3658 habuit,
1074 3593 1177 3646 tamen
1192 3589 1330 3662 quandiu
1342 3589 1454 3663 quaerit
1468 3591 1621 3661 significat
1635 3607 1667 3648 se
1689 3607 1766 3651 non·

56 3685 175 3742 bouum
197 3688 336 3742 nostrum
350 3685 415 3757 ipse
429 3684 462 3740 in
477 3683 567 3739 nobis
581 3683 734 3754 operatur,
749 3682 780 3735 st
802 3678 886 3736 velut
939 3676 1012 3733 dum
1025 3675 1137 3732 habere
1152 3677 1235 3748 quod
1248 3676 1368 3748 quaerit.
1389 3677 1553 3749 Propterea
1564 3677 1702 3750 quandiu
1723 3680 1765 3736 vi·

57 3777 147 3848 pater
159 3773 298 3831 alludens
320 3774 353 3828 in
374 3772 446 3828 tiliis
463 3772 507 3828 sic
526 3774 626 3827 totum
650 3767 724 3824 iacit
737 3770 773 3823 ut
796 3768 885 3839 quasi
939 3763 1041 3819 virum
1064 3778 1186 3820 necesse
1209 3762 1359 3819 babemus
1382 3778 1501 3836 semper
1524 3778 1669 3836 querere,
1692 3767 1767 3839 quia

57 3863 138 3920 nihil
151 3863 249 3920 tacere
263 3862 413 3918 videatur.
431 3860 507 3916 Ecce
526 3860 666 3932 peccator
684 3858 886 3928 compunctus
939 3850 1076 3906 nondum
1092 3853 1191 3906 totum
1203 3850 1353 3906 habemus
1368 3849 1452 3922 quod
1467 3850 1579 3908 babere
1606 3852 1763 3910 debemus.

57 3953 164 4023 gemit,
195 3951 341 4023 suspirat,
362 3949 560 4020 lacrymatur,
584 3945 747 4002 confltetur
766 3946 886 3999 reatum
939 3937 1019 4004 Quid
1033 3941 1080 3994 est
1095 3941 1197 3993 autem
1212 3938 1270 3994 hoc
1284 3937 1369 4010 quod
1383 3952 1519 4010 quaerere
1534 3938 1680 3997 debemus
1703 3941 1764 3997 nisi

57 4054 162 4110 suum,
178 4037 460 4112 postulataeniam
489 4035 607 4106 flagitat
630 4031 884 4099 misericordiam3
938 4026 1052 4080 veritas
1065 4030 1095 4082 et
1110 4023 1253 4081 bonitas?
1267 4024 1341 4090 Quae
1368 4025 1393 4081 11
1415 4027 1547 4099 perfecte
1570 4027 1764 4098 haberemus,

55 4132 87 4184 11
101 4129 160 4184 hoc
169 4131 269 4184 totum
284 4126 374 4199 quasi
389 4141 427 4180 ex
440 4123 564 4180 homine
579 4136 644 4177 esse
659 4118 803 4176 creditur.
827 4118 885 4174 Sed
939 4113 1018 4169 nihil
1032 4114 1164 4187 amplius
1177 4128 1311 4186 quaerere
1330 4112 1509 4171 deberemus
1517 4129 1526 4184 3
1553 4116 1627 4188 quia
1643 4117 1668 4171 si
1690 4116 1766 4189 quid

54 4216 138 4288 quis,
152 4230 267 4288 qrraeso,
281 4214 338 4271 hoc
353 4213 426 4269 facit
449 4211 509 4266 nisi
533 4208 584 4265 ille
599 4208 652 4281 qui
667 4207 753 4262 intus
776 4205 880 4279 praesi·
939 4202 1017 4258 torte
1031 4203 1057 4257 11
1072 4201 1204 4274 amplius
1218 4204 1308 4270 esset,
1329 4200 1521 4274 adjiceretur,
1537 4203 1630 4258 etiam
1653 4203 1679 4258 si
1701 4219 1764 4259 non

54 4303 117 4373 det,
132 4307 163 4360 et
175 4318 227 4359 cor
240 4302 374 4359 hominis
385 4299 424 4355 ad
437 4299 495 4355 boc
509 4294 682 4353 iaciendum
697 4291 884 4350 moveti0b·
897 4314 925 4369 D
938 4294 1136 4362 quaereretur.
1155 4290 1306 4358 Quaerite,
1321 4289 1433 4361 inquit,
1450 4292 1601 4358 primum
1625 4304 1764 4360 regnum

55 4406 140 4447 sacro
152 4393 187 4446 ut
198 4406 261 4447 non
272 4391 313 4446 sit
327 4402 490 4445 onerosum
505 4385 530 4440 si
544 4384 636 4439 breve
656 4381 810 4455 quoddam
825 4380 880 4437 hu·
939 4381 996 4434 Det
1012 4384 1043 4433 et
1049 4379 1223 4446 justitiam
1236 4379 1328 4446 ejrcs3
1342 4382 1373 4433 ct
1389 4378 1455 4432 baec
1473 4378 1586 4432 omnia
1600 4380 1762 4446 adjicien·

51 4479 104 4551 jus
118 4479 163 4535 rei
173 4477 346 4551 exemplum
360 4487 556 4549 proposuero.
573 4471 664 4527 Pater
679 4468 806 4542 quidam
818 4483 885 4524 con·
939 4472 995 4521 tar
1009 4468 1095 4522 cobis
1126 4465 1253 4537 (Mettis.
1276 4480 1319 4533 vr,
1344 4466 1419 4520 Luc.
1445 4463 1514 4535 κῃ).
1540 4463 1680 4536 Regnum
1703 4467 1761 4523 Dei

55 4569 211 4623 tumacem
218 4565 316 4622 illium
331 4562 421 4636 quasi
436 4576 505 4617 oum
520 4573 633 4629 magno
643 4559 745 4614 furore
754 4555 882 4628 expulit,
937 4555 1117 4622 venissest,
1129 4551 1763 4625 1111111111111111111111111111111111·

54 4659 90 4710 ut
104 4655 151 4710 ita
163 4653 294 4710 afflictus
309 4649 468 4708 humiliari
482 4648 620 4704 disceret.
630 4644 690 4702 Sed
701 4644 755 4701 illo
769 4645 802 4700 in
817 4659 885 4700 con·
937 4641 980 4696 ris
995 4642 1075 4697 sicut
1088 4639 1190 4710 debes,
1207 4643 1316 4696 caetera
1330 4641 1537 4710 omniagratis
1551 4645 1761 4713 apponuntur.

54 4742 193 4798 tumacia
208 4757 264 4798 sua
278 4740 459 4813 persistente
479 4734 613 4808 quadam
628 4736 743 4789 secreta
762 4731 882 4804 dispen-
937 4727 1036 4793 Quare
1050 4742 1121 4798 argo
1136 4742 1270 4800 quoerere
1280 4725 1402 4784 labores
1416 4726 1471 4783 illa
1482 4741 1551 4798 quae
1566 4728 1762 4797 gratiababe·

55 4830 176 4887 satione
190 4827 321 4899 consilii,
336 4843 355 4882 1
378 4829 465 4899 patre
479 4827 578 4880 mater
605 4821 749 4889 mittitur,
770 4823 805 4875 ut
820 4834 883 4876 non
937 4830 969 4872 re
982 4813 1093 4888 potes?
1106 4813 1138 4870 Si
1153 4815 1214 4870 ista
1227 4815 1340 4887 queris
1353 4815 1419 4871 sine
1434 4813 1564 4882 11111111
1576 4830 1638 4872 non
1653 4815 1759 4889 babes,

54 4917 146 4990 quasi
186 4932 205 4972 a
246 4920 332 4989 patre
364 4915 478 4983 missa,
521 4910 573 4967 sed
616 4908 706 4982 quasi
745 4910 883 4963 materna
937 4900 1763 4978 1111111111111111111111111.5111111111

54 5022 109 5079 per
134 5021 168 5062 se
198 5006 312 5079 pietate
337 5005 430 5061 ducta
453 5001 581 5057 veniens
602 4995 744 5054 muliebri
756 4995 883 5053 lenitate
936 4992 1003 5048 sine
1017 4991 1097 5060 11111,
1109 4994 1140 5046 11
1153 4990 1208 5047 ille
1221 4989 1316 5046 habes
1330 4988 1521 5059 adsalutem,
1536 4993 1566 5046 et
1576 4992 1638 5046 ista
1649 4992 1689 5048 ad
1703 4994 1761 5049 utt-

54 5094 247 5151 obstlnatum
263 5092 443 5160 demulceat,
459 5091 669 5145 contumacem
681 5082 883 5140 adhumilita·
934 5078 1063 5135 litatem.
1080 5078 1201 5147 Omnia,
1230 5077 1344 5149 inquit,
1368 5077 1433 5134 baec
1455 5077 1639 5150 adjicientur
1660 5079 1758 5135 vobis.

53 5186 115 5239 tem
130 5183 244 5252 flectat,
259 5182 456 5239 vehementer
472 5179 591 5250 patrem
608 5175 725 5229 iratum
747 5172 880 5240 nuntiet,
935 5165 1036 5223 Multa
1050 5165 1216 5234 sunthaec3
1232 5163 1395 5237 illapauca
1409 5169 1492 5220 sunt.
1509 5165 1577 5221 Duo
1591 5165 1672 5221 enim
1686 5169 1761 5222 sunt

53 5285 86 5326 11
99 5272 206 5327 tamen
228 5269 472 5327 interventuram
495 5261 653 5336 spondeat,
673 5259 795 5316 veniam
812 5274 880 5332 pro·
934 5255 998 5322 lbi3
1014 5255 1064 5310 hic
1077 5254 1211 5327 plurima
1222 5253 1461 5323 invenientur,et
1472 5251 1762 5325 tamenplusvalent

50 5359 168 5428 mittat,
186 5357 349 5415 consilium
373 5352 483 5410 salutis
498 5352 652 5421 suggerat,
667 5348 881 5405 intercessores
935 5342 996 5400 duo
1009 5342 1072 5411 illa,
1086 5357 1180 5414 quam
1194 5340 1298 5397 omnia
1312 5340 1386 5396 baec.
1402 5340 1473 5396 Noli
1482 5340 1628 5412 respicere
1643 5338 1683 5394 sd
1695 5353 1759 5396 rna·

51 5461 190 5519 quaerere
206 5444 343 5513 suadeat,
366 5457 428 5499 non
445 5438 504 5495 nisi
523 5437 644 5508 magnis
665 5434 806 5508 precibus
827 5449 880 5506 pa·
932 5431 994 5503 jus,
1010 5430 1062 5487 111
1080 5429 1251 5486 admelius.
1268 5427 1339 5485 Noli
1361 5427 1516 5485 attendere
1542 5425 1581 5482 ad
1605 5441 1758 5498 acervum,

50 5537 132 5590 trem
145 5533 262 5608 placari
276 5547 366 5606 posse
378 5530 480 5596 dicat3
505 5516 630 5581 causam
652 5526 756 5579 tamen
779 5522 823 5579 rei
849 5537 880 5578 se
934 5518 987 5576 111
1000 5532 1096 5591 pensa
1109 5518 1251 5590 pretium.
1267 5517 1370 5573 Pauca
1384 5530 1487 5589 quare
1501 5517 1536 5570 ut
1549 5512 1649 5569 multa
1673 5514 1758 5572 tuve·

49 5625 266 5695 suscepturam
279 5619 439 5686 asserat‚et
452 5613 492 5670 ad
506 5614 622 5669 bonum
637 5610 730 5668 tinem
742 5624 806 5666 rem
821 5624 882 5666 om·
934 5606 1013 5662 nias.
1031 5604 1104 5661 Haeo
1114 5608 1187 5660 sunt
1193 5617 1264 5676 ergo
1279 5602 1345 5660 sola
1355 5618 1423 5676 quae
1438 5615 1572 5674 quaerere
1586 5600 1759 5662 debentbo·

50 5722 125 5768 nem
139 5725 172 5767 se
186 5706 404 5784 perducturam
414 5699 583 5777 promittat.
599 5697 716 5771 Videte,
732 5697 880 5772 quses0,si
933 5695 1043 5762 mines,
1058 5691 1172 5749 veritas
1185 5695 1216 5748 et
1228 5691 1361 5748 bonitas.
1375 5690 1415 5747 nt
1428 5689 1475 5745 uti
1489 5703 1562 5746 nam
1577 5693 1764 5748 tamstudlo·

162 5844 170 5857 .
215 5801 354 5866 Person.
374 5794 537 5862 mxxvi.
1636 5778 1681 5832 Ὦ
1757 5892 1759 5897 .
