3742 6082
460 205 466 221 '
504 201 550 294 oi
569 200 750 295 eleusino
770 203 897 293 aarum
910 238 1020 294 -mn
1035 238 1080 294 111.
1584 244 1654 296 rrae

68 348 96 422 a*
110 341 225 420 vernali
253 348 327 420 dics.
357 345 395 418 ln¹
415 350 513 419 hiemo
537 340 617 424 enim
640 348 769 439 terporis
787 363 811 416 A
826 326 970 419 tabulatu
983 362 1154 433 cesanam
1177 364 1349 433 mmmmm
1375 326 1479 421 clames
1499 327 1655 436 usquead

57 457 80 512 rt
94 450 238 529 caligines
252 451 422 531 tentationis
438 469 445 520 ;
460 450 491 508 in
504 438 605 508 aestate
620 466 691 510 varo
712 448 769 506 ler—
824 452 1026 510 summitatem
1033 453 1196 523 parietum,
1211 458 1239 509 et
1258 468 1348 522 super
1375 454 1494 510 tabutas
1517 455 1654 521 cedrinas

57 539 524 618 tuttiplicantur,illuminationes
544 537 771 615 contemplatio·
825 539 948 597 irrdumt
955 555 1065 597 eurum
1079 540 1143 613 (III
1147 541 1219 612 lieo.
1228 540 1281 612 vr).
1296 541 1407 640 ldpstici
1418 534 1519 616 templi
1527 528 1654 615 parietes

62 628 269 710 quorumdam
282 633 384 687 autem
401 632 501 687 mente
515 629 549 685 tit
558 626 771 706 aequinoctium
826 632 895 685 sunt
908 628 1013 703 populi
1024 628 1139 698 fideles,
1165 628 1218 702 qni
1240 629 1280 686 ad
1297 629 1533 694 ‚similitudinem
1558 631 1655 704 parte.

57 719 125 788 rale.
158 720 233 776 Sunt
257 733 391 792 namque
419 717 505 775 multi
519 716 770 792 quamvistepidi‚
827 721 889 773 tum
904 733 957 790 per
969 717 1192 776 successionem
1205 718 1350 792 temporis
1364 734 1430 774 sese
1445 718 1571 776 invicem
1584 720 1654 776 sub-

57 809 162 868 mdant
176 808 329 871 miseriam
350 807 467 876 mundi,
492 807 641 884 defectum
662 806 770 874 carnia,
827 810 995 879 sequentes,
1010 807 1106 881 quasi¹
1123 806 1244 865 ordines
1268 807 1404 882 lapidum
1429 808 1596 880 diriguntur
1623 809 1655 865 in

57 899 158 958 dinem
170 897 355 970 aeternitatis,
368 901 396 955 et
410 897 452 954 sic
468 896 514 953 sol
532 896 653 969 iustitiae
676 901 705 955 et
726 896 772 953 in-
827 895 930 953 altum.
946 895 1031 954 Fiunt
1043 900 1191 955 autemex
1205 913 1366 966 marmore,
1381 898 1560 955 decorantur
1570 884 1654 954 tabu·

57 989 121 1061 idae,
148 987 268 1052 directis
304 1002 358 1061 per
384 986 558 1065 supradicta
581 986 657 1044 ostia
682 985 773 1042 radiis
826 984 862 1041 lis
877 984 1018 1056 cedrinis,
1035 1002 1110 1044 auro
1135 986 1401 1061 supervestiuntur.
1431 986 1655 1044 infortitudine

57 1076 205 1145 erationis,
220 1076 485 1133 illuminatarcam
499 1075 699 1135 conscientiis.
728 1075 772 1132 Ab
828 1074 977 1148 siquidem
1007 1077 1178 1146 marmoris,
1201 1076 1296 1145 fides;
1324 1076 1354 1133 in
1382 1076 1536 1133 altitudine
1563 1075 1654 1145 cedri,

57 1165 207 1244 qmnoctio
232 1166 411 1224 minuuntur
435 1165 509 1235 dies,
531 1170 560 1222 et
573 1171 675 1224 noctes
698 1181 774 1223 cres
828 1180 895 1237 spes
908 1184 915 1232 ;
928 1165 960 1221 in
973 1165 1156 1238 pretiositate
1170 1165 1247 1239 auri,
1259 1182 1327 1239 quae
1342 1165 1466 1222 virtutes
1493 1155 1655 1239 superemi-

57 1257 127 1332 μήθ,
143 1255 236 1330 tepidi
257 1255 326 1316 licet
350 1256 416 1313 haec
442 1254 546 1313 omnia
573 1255 771 1322 considerent,
827 1259 877 1311 net
887 1258 1021 1326 caeteras,
1037 1253 1161 1328 intelligi
1173 1258 1273 1329 potest
1284 1255 1422 1312 charitas.
1452 1254 1656 1320 substernitur

71 1349 207 1419 tempore
235 1344 406 1403 tentationis
429 1345 582 1401 recedunt.
610 1343 772 1402 comitatur
826 1343 928 1416 itaque
941 1342 1069 1402 firmitas
1082 1343 1164 1418 fidei,
1179 1349 1213 1402 nt
1226 1344 1369 1402 vestiatur
1384 1344 1565 1402 sublimitate
1580 1343 1653 1417 spei,

57 1450 152 1507 ongas
167 1439 270 1493 noctes
283 1433 377 1504 frigus
406 1433 524 1504 hiemis,
539 1432 569 1489 id
587 1437 640 1500 est,
656 1432 769 1489 desidia
826 1437 859 1487 ut
874 1432 1036 1490 decoretur
1047 1436 1114 1491 auri
1124 1433 1305 1508 pretiositate
1318 1453 1325 1503 ;
1340 1434 1370 1490 id
1384 1439 1427 1490 cst
1437 1433 1590 1490 charitate.
1608 1420 1661 1489 Te?

62 1522 243 1597 etcorporis.
261 1525 403 1580 Crescunt
414 1526 527 1591 noctes,
542 1521 616 1578 dum
630 1520 771 1596 multipli·
826 1528 943 1593 noctur
956 1529 1057 1586 oeten
1074 1525 1205 1594 nemetes
1219 1525 1325 1594 tempii
1338 1524 1437 1593 cedre,
1454 1523 1657 1594 opcutmmto.

63 1611 251 1684 tentationes.
270 1615 328 1668 llas
347 1617 450 1669 noctes
471 1611 619 1686 percurrit
632 1611 705 1668 luna
719 1627 771 1668 ne·
827 1627 920 1682 usque
933 1613 975 1669 od
991 1602 1192 1670 summitatem
1198 1614 1362 1684 parietum,
1381 1612 1452 1685 quia
1468 1611 1530 1685 spei
1556 1604 1664 1684 perse·

57 1702 99 1771 im,
113 1705 254 1776 cooperta
278 1699 436 1758 oblivionis
458 1701 551 1774 nube,
577 1701 772 1758 obtenebrata
792 1701 959 1774 prenuntia
972 1701 1191 1760 nullumdebet
1210 1701 1323 1759 habere
1350 1701 1443 1757 finem
1456 1701 1486 1757 in
1501 1702 1557 1756 hac
1585 1699 1653 1766 vita,

57 1789 245 1864 ignorantiae.
262 1791 335 1846 Sunt
350 1793 451 1846 autem
466 1789 515 1846 clii
529 1789 639 1861 frigore
666 1789 773 1846 hiemis
827 1790 880 1847 sed
894 1805 913 1846 a
927 1790 1025 1866 primo
1034 1791 1117 1863 J‘usto
1131 1806 1229 1864 usque
1244 1790 1283 1848 ad
1300 1789 1439 1847 ultimum
1453 1790 1580 1862 justum,
1597 1786 1655 1843 sub

68 1879 155 1953 qnasi
168 1879 200 1936 in
221 1879 402 1953 equinoctio
417 1878 533 1936 vernali
560 1878 720 1950 constituti,
741 1879 772 1936 in
826 1875 917 1934 tutela
931 1877 996 1951 spei
1007 1877 1151 1934 insudare
1162 1876 1252 1934 debet
1267 1876 1396 1934 Ecclesia
1404 1876 1492 1933 bonis
1502 1875 1664 1951 operibus,‘

79 1986 132 2027 ver
152 1969 255 2040 oritur,
278 1969 309 2025 in
324 1967 436 2042 quibus
450 1972 538 2025 aestas
561 1968 714 2042 sequitur,
734 1968 773 2026 de
826 1966 1128 2024 etstudrovirtutum.
1155 1966 1301 2038 Moraliter
1324 1971 1424 2023 autem
1452 1966 1482 2022 in
1511 1962 1656 2037 spirituali

69 2058 159 2116 etiam
172 2057 281 2114 dicitur
297 2075 303 2113 :
320 2058 472 2114 AEstotem
488 2065 515 2114 et
529 2073 581 2116 cer
596 2064 628 2114 tu
640 2059 773 2129 plasme·
826 2057 937 2131 templo
953 2060 1101 2115 structura
1113 2056 1263 2130 parietum
1275 2062 1319 2112 est
1328 2072 1488 2130 processus
1503 2054 1653 2110 virtutum.

57 2148 139 2204 Psoi.
156 2147 265 2218 iuven).
279 2149 311 2202 ln
326 2161 395 2202 vere
406 2144 487 2202 enim
501 2146 604 2204 omnia
623 2161 771 2203 renovan-
827 2145 869 2202 Fit
882 2145 972 2216 igitur
982 2145 1020 2203 de
1033 2161 1184 2203 marmore
1196 2145 1292 2216 Pario,
1308 2146 1434 2213 vcstitur
1446 2143 1547 2210 cedro,
1564 2143 1655 2197 deco·

67 2239 167 2293 testate
189 2250 260 2291 vero
283 2237 482 2291 maturantur.
505 2239 542 2317 tn
557 2251 626 2292 vere
650 2239 773 2292 ornatur
825 2240 908 2293 ratur
923 2252 1008 2294 auro.
1020 2239 1147 2294 Marmor
1158 2235 1278 2294 Parium
1292 2219 1457 2306 candidum
1472 2249 1536 2290 csse
1548 2232 1661 2304 digno-¹

57 2324 169 2395 ombus,
183 2323 256 2381 etin
271 2323 386 2382 noviter
401 2324 615 2382 conversavita
625 2324 771 2382 moribus.
826 2327 927 2399 scitur,
941 2326 1049 2383 cedrus
1062 2326 1155 2383 odore
1166 2342 1222 2383 suo
1252 2330 1405 2399 serpentes
1428 2323 1522 2394 fugat,
1547 2315 1656 2379 aarum

57 2413 179 2473 dnoctio
190 2413 291 2486 itaque
301 2411 415 2469 vernali
434 2417 572 2470 creseunt
586 2412 650 2470 dies
676 2430 772 2488 usque
826 2407 954 2492 puritate
965 2432 1021 2473 sna
1032 2415 1223 2474 metallorum
1238 2426 1344 2473 omnes
1359 2416 1520 2486 exsuperat
1530 2411 1654 2486 species.

57 2503 161 2563 lectum
174 2502 256 2561 diem
279 2507 396 2560 veternae
420 2501 628 2571 beatitudinis;
655 2503 694 2560 al)
722 2520 774 2560 au·
827 2511 859 2563 ln
878 2521 1030 2563 marmore
1044 2504 1146 2579 itaque
1160 2520 1238 2580 puro
1253 2503 1428 2570 eandorem,
1441 2501 1471 2558 in
1498 2501 1588 2557 cedro
1614 2514 1657 2554 rc-

57 2592 156 2651 livero
170 2597 307 2650 crescunt
317 2596 420 2649 noctes
433 2608 529 2666 usque
544 2591 584 2648 ad
599 2591 773 2648 eondnuam
826 2594 960 2669 perimus
974 2593 1110 2662 odorem,
1126 2592 1158 2649 in
1171 2608 1245 2651 auro
1259 2592 1450 2666 splendorem
1463 2608 1469 2658 3
1494 2587 1665 2658 candorem·

57 2687 195 2769 saeternae
206 2681 418 2753 damnationis.
428 2681 513 2736 Hunc
527 2680 608 2738 diem
621 2680 703 2737 ntdla
713 2697 773 2738 nox
827 2683 962 2740 videlicet
975 2681 1142 2750 munditiae,
1161 2681 1286 2739 odorem
1298 2681 1387 2737 bonoe
1404 2679 1502 2747 tamar,
1519 2676 1663 2756 splendes

57 2771 122 2841 nat,
135 2771 218 2830 illam
233 2775 352 2828 noctem
367 2769 477 2828 nullius
492 2769 567 2827 lucis
583 2769 725 2843 splendor
739 2770 773 2826 il·
827 2789 889 2830 rem
903 2773 991 2828 bonae
1006 2769 1205 2828 conscientiae.
1219 2769 1338 2827 Candor
1350 2768 1440 2838 igitur
1452 2767 1481 2823 in
1505 2779 1657 2820 marmore

57 2865 84 2921 tt
828 2866 875 2918 est
885 2859 973 2934 quasi
987 2858 1137 2917 munditia
1148 2857 1179 2916 in
1193 2861 1292 2915 mente
1305 2875 1312 2926 ;
1327 2855 1403 2913 odor
1416 2855 1447 2910 in
1472 2853 1571 2919 codro,
1587 2867 1656 2923 sua-

113 2973 187 3031 cip,
198 2973 263 3030 xlx,
277 2972 321 3030 De
335 2970 475 3043 senem
485 2969 598 3040 temper,
827 2945 904 3006 vitas
919 2948 1008 3006 famae
1018 2947 1186 3021 procedens
1200 2962 1236 3003 ex
1253 2944 1341 3003 bonae
1356 2941 1536 3017 operationis
1556 2955 1657 2996 exem·

792 3040 898 3133 Cplo;
914 3037 1057 3114 splendor
1068 3052 1140 3094 vero
1155 3038 1187 3093 in
1202 3052 1276 3094 auro
1287 3040 1331 3092 est
1345 3032 1432 3107 quasi
1447 3031 1561 3104 puritas
1588 3026 1657 3084 con-

828 3129 958 3196 scientiae
971 3129 1003 3185 in
1018 3128 1130 3185 animo.

918 3222 984 3276 Cir.
998 3221 1062 3274 llxl.
1078 3219 1122 3274 De
1136 3216 1291 3275 caelaturis
1306 3214 1408 3281 nemis,
1425 3218 1451 3268 et
1472 3217 1567 3267 termo.

834 3307 838 3317 '
862 3309 922 3365 Seri
936 3314 964 3365 et
974 3322 1073 3364 omnes
1082 3307 1209 3377 pamm
1229 3304 1396 3375 tempiiper
1409 3301 1568 3356 circuitum
1578 3297 1658 3354 seui-

827 3398 888 3468 psit
903 3397 1063 3454 certetures
1077 3395 1180 3463 varies,
1193 3400 1221 3451 et
1235 3399 1322 3449 torno
1336 3390 1398 3460 (Ili
1409 3391 1480 3459 Iton.
1493 3381 1545 3456 vr).
1561 3380 1659 3458 Mysti-

828 3502 862 3542 ce
883 3484 1011 3558 parietes
1041 3482 1146 3557 templi
1172 3480 1261 3539 variis
1289 3475 1436 3550 coelaturis
1470 3474 1657 3546 sculpuntur,

829 3575 905 3632 dum
916 3573 1043 3630 diversis
1058 3571 1199 3628 fidelibus
1219 3567 1428 3644 perspiritum
1456 3559 1579 3619 (liveram
1607 3560 1660 3615 do·

829 3653 966 3722 nationes
981 3661 1193 3727 attribuuntur,
1210 3659 1252 3715 ita
1266 3662 1298 3713 ut
1313 3657 1400 3712 detur
1414 3653 1471 3709 (elii
1496 3666 1593 3708 sermo
1613 3664 1659 3703 se-

826 3755 959 3827 ntentiae,
975 3753 1138 3810 oitisermc
1163 3748 1306 3815 scientim,
1332 3744 1389 3801 etii
1410 3743 1512 3812 qratia
1531 3738 1664 3823 cru-atio·¹

830 3861 913 3913 mum,
929 3843 985 3899 otti
994 3839 1202 3910 interpretatio
1213 3850 1381 3893 sermonum
1398 3835 1421 3901 it
1438 3831 1506 3886 Cor.
1519 3823 1663 3898 nutscel-

830 3918 1045 4009 puntur‘etiam
1059 3928 1187 4002 parietes
1204 3941 1274 3982 cnm
1295 3915 1392 3991 torno,
1421 3935 1491 3975 cum
1506 3908 1666 3981 omnihus,¹

830 4040 899 4097 quse
925 4021 1029 4080 divina
1053 4017 1204 4091 Scriptura
1228 4006 1373 4089 praeeipit,
1398 4009 1499 4067 nullus
1516 3997 1665 4078 'firteliums

831 4110 1018 4178 contradicit,
1035 4109 1090 4166 sed
1100 4125 1136 4164 ex
1149 4105 1251 4164 animo
1265 4103 1376 4160 clamet
1392 4117 1461 4156 cum
1483 4091 1637 4154 l‘aalrnista
1654 4110 1662 4148 ε

831 4205 965 4259 Paratus
980 4216 1045 4256 surm
1058 4203 1085 4256 et
1100 4213 1160 4253 aon
1175 4212 1240 4252 suin
1265 4192 1414 4259 tur-dutus,
1440 4195 1473 4242 ut
1498 4184 1664 4267 aristotilem

832 4291 977 4348 mandata
1008 4294 1061 4344 tuo
1085 4286 1177 4356 (Psoi.
1205 4280 1322 4351 exerti),
1348 4283 1376 4334 et
1397 4275 1474 4332 alius
1488 4272 1658 4347 propheta:

832 4383 986 4450 decetne,
1000 4378 1085 4433 mitte
1098 4390 1145 4431 mc
1160 4372 1242 4444 (lsai.
1263 4371 1311 4440 vr).
1339 4371 1370 4422 ln
1394 4371 1481 4441 torno
1506 4364 1585 4427 sunt,
1611 4358 1666 4431 qui

833 4466 984 4526 mandatis
996 4464 1105 4522 divinis
1125 4460 1279 4518 obediunt.
1306 4454 1450 4514 llorelitcr
1475 4467 1545 4507 vcro
1573 4446 1666 4504 variis

833 4555 980 4616 crelaturis
996 4555 1173 4629 sculpuntur
1188 4548 1291 4623 templi
1303 4545 1443 4623 parietes,
1458 4541 1532 4597 eliam
1546 4555 1599 4612 per
1621 4535 1665 4592 di·

833 4662 921 4704 versa
935 4646 1002 4702 loca
1015 4644 1203 4700 diversarum
1217 4653 1318 4712 rernm
1333 4632 1548 4708 imprimuntur
1561 4624 1668 4697 imagi‘

834 4753 897 4804 nee,
913 4739 946 4790 ut
956 4732 1088 4790 habeant
1101 4729 1227 4799 singulae
1242 4727 1365 4783 virtutes
1378 4723 1465 4793 juxta
1488 4713 1666 4772 moralitatis

834 4823 975 4881 intuitum
989 4820 1102 4877 formas
1119 4817 1175 4873 sibi
1190 4812 1410 4872 convenientes.
1424 4804 1549 4863 ntlcnde
1576 4802 1666 4873 igitur

834 4913 864 4969 in
879 4908 1091 4984 quolibetloco
1105 4900 1297 4972 intelligibilis
1316 4896 1429 4970 templi,
1454 4894 1539 4951 bovis
1558 4890 1665 4961 imagi-

834 5017 915 5068 nem,
928 4998 960 5055 id
972 5000 1025 5065 est,
1035 4990 1310 5067 mansuetudinem.
1327 4985 1477 5059 imprime,
1494 4989 1522 5041 ct
1535 4981 1607 5040 alibi
1632 4980 1669 5035 ti·'

835 5105 942 5162 garam
956 5085 1061 5153 leonis,
1075 5084 1205 5155 rigorem
1226 5077 1363 5136 videlicet
1377 5091 1485 5131 savena.
1505 5069 1666 5128 districtio-

834 5177 1034 5252 nis.tmprime
1046 5167 1429 5244 columbam,simplicltetis
1441 5156 1668 5222 toi-mamaeae

835 5273 1032 5331 attentarem,
1048 5267 1148 5332 idest,
1163 5260 1338 5319 castitatem.
1364 5257 1501 5329 adjunge
1529 5251 1665 5316 arietem,

835 5360 938 5418 ovium
953 5356 1063 5415 scilicet
1075 5356 1195 5421 ducem,
1211 5351 1307 5420 idest,
1317 5347 1496 5419 magistrum
1513 5337 1607 5423 verbo
1638 5338 1670 5390 et

836 5448 975 5522 exemplo
987 5444 1208 5522 precedentem
1218 5440 1338 5498 turbam
1349 5427 1669 5505 discipulorumtnter-

836 5553 916 5615 pone
927 5534 1110 5593 munditiam
1127 5530 1189 5601 lilii,
1206 5545 1260 5586 seu
1273 5540 1377 5583 rosam
1397 5516 1542 5590 martyrii.
1569 5511 1670 5591 llabes

116 5620 184 5676 (Μ-
199 5622 251 5677 xx·
268 5622 312 5676 ⁰⁶
325 5615 490 5690 W'l'mb‘li
509 5621 521 5670 i
522 5607 621 5684 empti.
838 5628 927 5700 igitur
940 5626 972 5683 in
987 5624 1098 5698 templo
1113 5618 1260 5697 spirituali
1273 5615 1409 5671 diversas
1417 5607 1583 5673 celaturas,
1593 5603 1669 5658 dum

57 5725 174 5808 illitati!
184 5725 324 5784 salomon
335 5707 465 5797 parietes
481 5723 586 5795 terenti
603 5705 783 5782 totmvtsems
839 5717 1017 5787 intrinsecus
1031 5715 1064 5772 iu
1082 5711 1184 5770 animo
1198 5707 1342 5765 virtutem]
1361 5697 1547 5762 diversitates
1574 5694 1668 5751 locas.

57 3081 165 3138 tetiam
183 3080 326 3136 Salomon
346 3079 482 3150 obliquas
492 3079 642 3149 fenestras
657 3078 687 3133 in
705 3081 774 3133 tem-

57 3171 72 3227 l
81 3172 153 3243 lien.
167 3171 216 3243 vt).
231 3168 366 3243 Obliquae
383 3168 519 3225 fenestrae
544 3171 615 3223 sunt
637 3167 774 3224 doctores

57 3261 260 3334 .e‚.qu1',dum
274 3257 379 3316 fideles
393 3257 424 3314 in
438 3257 567 3314 Ecclesia
583 3255 676 3314 verbo
700 3271 775 3328 pree-

57 3349 113 3407 nis·
126 3349 245 3419 docent,
279 3347 367 3422 quasi
393 3351 531 3420 suscepto
554 3345 625 3402 solis
650 3344 773 3414 lumine,

70 3438 234 3514 penetralia
260 3437 391 3495 claritate
416 3436 540 3510 replent.
566 3435 599 3492 lli
625 3435 774 3508 siquidem

57 3528 229 3585 nfanestrae
239 3527 380 3585 dicuntur
394 3541 469 3597 esse,
484 3525 557 3599 quia
571 3525 669 3581 sinum
694 3539 775 3580 men-

57 3622 124 3675 tant
135 3617 166 3674 in
190 3616 391 3684 dilectionem,
406 3615 531 3673 dilatarit
546 3614 776 3688 adccmpaticn·

57 3707 193 3776 anonimo,
219 3706 383 3764 extendunt
408 3706 439 3763 in
460 3704 693 3779 contemplando
704 3707 773 3760 Dec.

57 3795 135 3852 tiam
164 3796 194 3852 in
222 3794 335 3869 templo
361 3794 523 3866 cujuslibet
543 3793 638 3850 tidelis
667 3792 775 3849 anime

57 3904 63 3942 ι
76 3885 141 3944 alite
155 3885 300 3953 fenestra,
328 3889 442 3958 septem
456 3883 593 3940 videlieet
607 3883 687 3939 dona
714 3880 777 3955 Spi-

57 3973 144 4041 ancti‚
157 3988 225 4047 quse
240 3977 311 4030 sunt
323 3973 445 4048 spiritus
473 3971 626 4045 sapientiae
649 3974 678 4026 et
695 3969 778 4026 intel·

74 4061 196 4137 spiritns
222 4062 337 4119 consilii
366 4067 394 4120 ct
421 4059 612 4128 fortitudinis,
656 4057 776 4132 spiritus

57 4165 80 4208 ω
94 4156 124 4209 et
145 4152 274 4226 pietatis,
295 4152 416 4226 spiritus
429 4149 544 4208 timoris
568 4147 695 4206 ltomini.
725 4150 778 4204 Per

57 4257 111 4299 *am
127 4242 278 4316 siquidem
293 4242 419 4311 timoris,
448 4242 539 4299 intrat
552 4239 654 4300 lumen
665 4238 779 4296 contes-

64 4334 118 4390 Per
125 4333 284 4392 fenestram
295 4334 425 4407 pietatis,
437 4333 539 4389 lumen
550 4329 779 4390 condescensio·

57 4439 78 4479 n
89 4421 251 4479 fenestram
264 4422 404 4488 scientiae,
419 4421 522 4478 lumen
534 4418 779 4494 circumspectio·
796 4431 818 4484 υ

57 4511 249 4569 rienestram
275 4509 466 4576 fortitudinis,
491 4510 663 4583 exemplum
690 4509 779 4564 bonae

57 4599 143 4657 ionis.
159 4603 212 4656 Per
226 4596 388 4653 fenestram
403 4595 527 4666 consilii,
554 4597 657 4653 radius
670 4596 779 4653 delibe-

59 4704 84 4746 s.
96 4691 149 4745 Per
161 4688 326 4744 fenestram
340 4684 519 4751 intellectus,
543 4683 646 4739 lumen
672 4682 781 4740 discre-

65 4778 119 4834 Per
132 4777 296 4835 fenestram
310 4772 462 4849 sapientiae
490 4772 543 4829 lun
561 4771 778 4829 aedificationis.

57 4866 196 4924 itiaenim
210 4865 350 4934 edificat,
367 4862 515 4922 illuminat
530 4882 537 4921 :
551 4877 605 4937 per
620 4861 721 4935 ipsam
742 4860 780 4916 si-

57 4974 75 5014 n
88 4957 181 5014 oritur
195 4957 226 5014 in
236 4961 337 5014 mente
353 4954 397 5012 sol
406 4953 528 5027 justitia
553 4952 688 5011 Christus
704 4952 781 5007 [teus

69 5047 228 5105 :doctrina
240 5046 321 5104 enim
335 5051 364 5103 at
375 5044 521 5119 exemplo
547 5040 781 5101 conversationis

57 5156 86 5196 is
117 5138 212 5212 replet
233 5137 300 5195 luce
329 5136 483 5211 sapientia
509 5135 656 5191 secretum
682 5131 781 5188 cordis

67 5228 144 5286 nudi
158 5227 358 5285 fenestrarum
373 5224 590 5299 obliquitatem,
605 5221 676 5279 audi
691 5220 781 5276 diflu-

57 5316 158 5374 tminis
182 5315 357 5374 claritatem.
382 5312 458 5369 Nihil
479 5312 559 5369 enim
574 5309 725 5368 oecultum
750 5308 782 5365 in

57 5419 104 5462 iso
117 5407 237 5476 manns,
252 5403 336 5477 quod
349 5416 412 5457 non
428 5406 573 5473 appareat
586 5399 616 5456 in
627 5398 692 5455 luce
704 5414 782 5455 verm

57 5494 163 5554 ¹sionis.
209 5534 211 5538 Α
