3742 6082
80 189 134 257 527
384 188 562 250 HUGONIS
579 190 634 248 DE
651 189 682 247 S.
699 184 875 251 ,VICTORE
890 182 976 249 ORP.
996 184 1098 247 Pane
1115 187 1154 246 11.
1167 216 1204 232 ··
1220 186 1466 246 boematum.
1734 180 1790 241 5ae

78 312 193 370 tiorum
207 312 432 385 corruptionem
445 314 503 368 sub
524 313 629 369 eodem
653 327 779 368 numero
803 309 904 381 dispo·
919 311 946 365 A
959 310 1202 381 turaliterunus,
1218 311 1385 368 secundum
1401 310 1537 366 diversos
1552 312 1656 365 tamen
1681 307 1789 363 modos

81 404 207 458 nuntur.
224 402 328 457 Prima
340 406 386 456 est
397 401 566 468 humilitas,
581 399 714 455 secunda
728 402 904 454 mansuetu·
959 400 1074 472 quibus
1087 401 1218 456 habetur
1229 400 1279 456 vel
1288 403 1442 472 operatur,
1457 398 1586 454 diversis
1609 396 1788 452 nominibus

80 488 129 558 do,
142 490 233 546 tertia
247 490 358 545 mentis
371 489 573 559 compuncti0,
586 491 698 559 quarta
719 487 905 543 desiderium
959 488 1158 560 significatur.

74 577 215 649 iustitiae,
227 580 336 650 quinta
350 577 566 645 misericordia,
582 581 669 632 sexta
690 575 791 632 cordis
816 591 904 655 mun·
1102 577 1175 634 Car.
1188 578 1223 633 V.
1240 580 1283 632 De
1304 582 1447 646 quatuor
1462 576 1644 630 timoribus.

82 665 169 735 ditia,
185 667 314 737 septima
328 681 388 736 pax
398 665 509 719 mentis
532 665 664 720 interna.
690 665 790 720 Homo
811 649 907 735 igitur
995 665 1132 739 Quatuor
1143 682 1215 721 sane
1230 667 1355 721 timores
1370 681 1455 720 sacra
1467 664 1624 736 Scriptura
1632 663 1787 719 discernit:

81 753 115 808 in
129 753 260 824 peccatis
271 752 375 822 jacens
388 756 520 821 {egrotus
535 753 670 820 est,vitia
680 757 753 807 sunt
767 752 904 821 vulnera,
960 754 1100 811 servilem
1116 755 1317 824 mundanum,
1331 754 1492 818 initialem,
1505 752 1638 807 filialem.
1664 751 1790 807 Servilia

81 839 164 896 Deus
179 839 324 907 medicus,
339 838 420 893 dona
434 839 567 911 Spiritus
582 841 680 895 sancti
695 840 904 909 antidota,vir·
960 843 1052 898 timor
1066 847 1121 910 est,
1134 859 1189 915 pro
1205 843 1348 898 evitanda
1363 858 1453 914 poena
1477 842 1630 896 abstinere
1655 856 1673 895 a
1695 838 1788 908 maio,

81 930 163 983 tutes
183 928 340 997 sanitates,
367 928 574 984 beatitudines
599 928 722 998 gaudia,
750 945 803 1000 per
826 929 907 984 dona
959 932 1243 987 retentavoluntate
1258 931 1348 986 mala.
1379 930 1555 986 Mundanus
1571 929 1662 984 timor
1677 932 1723 983 est
1734 942 1789 999 pro

80 1017 161 1072 enim
175 1015 307 1089 Spiritus
322 1017 404 1071 santi
416 1017 493 1073 vitia
506 1021 664 1073 sanantur.
681 1017 804 1073 Sanitas
821 1018 907 1072 vitio
960 1019 1103 1074 evitanda
1118 1035 1209 1091 poena
1221 1019 1373 1074 abstinere
1388 1034 1406 1072 a
1420 1018 1512 1086 bone,
1537 1020 1655 1072 retenta
1680 1014 1787 1071 volun·

80 1120 148 1160 rum
163 1106 325 1177 integritas
337 1109 383 1161 est
396 1107 558 1164 virtutum.
571 1107 672 1163 Sanus
686 1108 907 1180 operatur,ope·
961 1110 1023 1163 tate
1037 1108 1127 1163 bona.
1144 1107 1277 1164 initialis
1290 1108 1380 1164 timor
1403 1110 1447 1162 est
1462 1121 1517 1177 pro
1532 1104 1672 1160 evitanda
1697 1119 1790 1176 poena

79 1208 152 1249 rans
167 1199 389 1251 remuneratur.
406 1195 455 1253 Sic
468 1200 538 1268 post
563 1197 692 1252 virtutes
715 1212 807 1269 opera
825 1198 908 1254 bona
961 1212 1030 1251 cum
1044 1212 1187 1269 perverso
1195 1198 1381 1269 opereetiam
1395 1211 1506 1268 pravas
1520 1195 1721 1266 cogitationes
1743 1207 1789 1248 re·

77 1286 265 1360 torquuntur,
280 1287 359 1339 etex
374 1285 541 1341 virtutibus
556 1301 648 1358 opera
665 1286 734 1358 ipsa
752 1286 904 1342 emuntur.
962 1299 1072 1340 secare.
1089 1285 1207 1341 Filialis
1219 1285 1311 1341 timor
1329 1289 1375 1341 est
1388 1285 1479 1340 homo
1494 1284 1623 1340 firmiter
1636 1282 1791 1338 adhaerere

81 1368 140 1426 Sex
148 1372 461 1443 operamisericordiae
469 1374 674 1446 inEvangelio
686 1375 905 1448 (Mattbnxv),
962 1374 1035 1444 quia
1048 1373 1126 1429 illud
1137 1375 1277 1430 amittere
1292 1374 1380 1430 nolis.
1397 1374 1444 1429 Ex
1457 1373 1496 1428 iis
1516 1376 1650 1444 quatuor
1673 1370 1789 1426 timori-

81 1459 280 1532 specialitera
294 1461 427 1519 Domino
441 1468 670 1534 enumerantur,
676 1465 709 1519 in
724 1465 837 1536 quibus
845 1480 908 1536 per·
961 1461 1020 1517 bus
1034 1461 1095 1517 duo
1110 1461 1183 1517 mali
1200 1462 1311 1517 suntid
1319 1466 1365 1517 est
1375 1461 1494 1517 servilis
1504 1459 1792 1528 etmuudanus3duo

80 1547 171 1604 lectio
196 1548 346 1605 bonorum
374 1567 499 1623 operum
523 1552 744 1623 significantur.
770 1553 907 1609 Primum
961 1550 1045 1619 boni,
1058 1550 1090 1604 id
1102 1554 1148 1607 est
1160 1551 1289 1605 initialis
1302 1554 1331 1605 et
1342 1549 1453 1605 filialis.
1471 1548 1596 1604 Servilia
1622 1549 1713 1603 timor
1727 1563 1789 1619 poe-

81 1640 127 1692 est
142 1639 326 1695 esurientem
339 1655 472 1711 pascere,
488 1640 656 1697 secundum
678 1643 830 1698 sitientem
856 1658 907 1714 po·
922 1650 948 1705 Β
962 1654 1034 1694 nam
1049 1655 1117 1710 quas
1133 1640 1171 1694 ab
1186 1640 1364 1695 hominibus
1388 1628 1666 1705 infertur‘metuit;
1692 1639 1722 1692 et
1745 1636 1790 1690 id·

82 1726 158 1795 tare,
175 1727 299 1782 tertium
312 1727 464 1800 hospitem
480 1730 778 1802 colligere,quartum
794 1731 912 1787 nudum
965 1728 1044 1783 circo
1059 1732 1088 1783 et
1095 1727 1204 1783 sufficit
1218 1743 1335 1783 cessare
1345 1743 1362 1782 a
1374 1727 1456 1782 malo
1471 1742 1570 1799 opere,
1586 1726 1660 1799 quia
1675 1725 1714 1779 ad
1724 1740 1792 1779 ocu-

81 1812 204 1883 testire,
218 1816 362 1886 quintum
385 1818 541 1873 infirmum
564 1819 699 1889 visitare,
730 1823 849 1875 sextum
873 1820 912 1875 ad
964 1814 1034 1870 lum
1045 1816 1249 1872 famulaturet
1260 1820 1379 1873 reatum
1391 1816 1583 1872 conscientiae
1596 1830 1657 1869 non
1668 1814 1790 1882 metuit,

80 1901 302 1959 incarceratum
317 1905 494 1961 etclausum
507 1908 622 1963 venire.
638 1908 675 1963 In
691 1909 731 1963 iis
752 1909 833 1964 enim
862 1926 913 1966 ne·
964 1904 1142 1960 hominibus
1157 1904 1275 1978 placere
1286 1905 1403 1961 volens.
1427 1904 1604 1960 Mundanus
1616 1903 1682 1958 Viro
1697 1903 1792 1957 timor

82 1990 278 2046 cessitatibus
302 1994 402 2049 omnis
423 1995 495 2050 vitae
516 1995 659 2051 humanae
691 1996 832 2052 molestia
863 1996 911 2053 vel
963 1991 1270 2066 hominibusplaeere
1283 2009 1344 2049 non
1359 2009 1499 2066 quaerens
1514 1997 1616 2049 tamen
1631 1990 1791 2063 displicere

82 2077 349 2149 comprehenditur
363 2080 582 2153 mitigaretur,
598 2084 630 2139 in
644 2084 757 2156 quibus
767 2087 910 2157 quisquis
964 2085 1122 2152 metuens,
1138 2084 1247 2155 etipse
1261 2083 1349 2154 fingit
1363 2082 1445 2154 quod
1458 2097 1519 2137 non
1535 2085 1581 2136 est
1589 2097 1598 2150 3
1614 2083 1679 2135 tam
1704 2094 1790 2135 men·

79 2167 204 2251 propter
217 2166 315 2222 Deum
321 2170 461 2240 proximo
473 2172 909 2245 compatitur,miserieordiam
963 2170 1024 2226 dax
1036 2173 1068 2226 in
1081 2171 1222 2242 neganda
1233 2173 1467 2243 veritate‚quam
1481 2169 1576 2224 fallax
1591 2168 1667 2223 alter
1686 2168 1718 2223 in
1734 2167 1791 2223 lal-

84 2267 102 2307 a
116 2252 180 2309 Deo
193 2253 226 2310 in
242 2271 297 2312 sua
310 2259 490 2315 necessitate
498 2265 641 2317 meretur.
963 2259 1054 2315 sitate
1069 2260 1207 2331 tegenda.
1224 2260 1263 2315 Et
1283 2264 1411 2331 uterque
1434 2259 1467 2315 in
1490 2258 1618 2315 veritate
1646 2256 1791 2325 offendit,

30 2336 33 2341 ’
72 2405 76 2414 ,
236 2344 310 2401 Car.
326 2347 382 2403 111,
396 2350 440 2405 De
455 2351 572 2405 timore
587 2356 618 2406 et
630 2366 751 2407 amore.
962 2347 1039 2403 alter
1053 2348 1127 2420 quia
1141 2348 1247 2403 timide
1264 2351 1354 2418 negat
1369 2347 1527 2420 quodest;
1548 2345 1625 2402 alter
1639 2346 1790 2417 quiaper·

118 2431 197 2488 Sane
211 2433 272 2490 duo
288 2440 360 2491 sunt
374 2441 478 2493 motus
492 2439 603 2508 cordis,
616 2440 729 2512 quibus
742 2441 845 2496 anima
861 2458 908 2497 ra·
960 2452 1047 2493 verse
1062 2435 1188 2492 simulat
1202 2436 1284 2508 quod
1295 2452 1357 2511 ηοη
1371 2440 1426 2492 est.
1448 2434 1580 2491 Initialis
1601 2449 1674 2490 vero
1698 2433 1792 2489 timor

83 2519 207 2577 tionalis
216 2522 256 2578 ad
268 2539 358 2580 omne
368 2525 450 2597 quod
463 2526 537 2582 facit
552 2528 703 2599 agendum
727 2529 905 2601 impellitur.
962 2525 1034 2597 quia
1050 2541 1115 2581 eam
1128 2541 1222 2597 quam
1236 2524 1319 2580 Deus
1334 2525 1539 2580 00mminatur
1555 2538 1677 2596 poenam
1701 2522 1791 2578 decli·

82 2607 407 2683 Unusesttimor,alter
415 2616 586 2671 amorflaec
594 2617 654 2672 duo
664 2633 733 2673 cum
744 2619 825 2674 bona
835 2623 908 2676 sunt
961 2628 1034 2669 nare
1048 2614 1171 2684 satagit,
1188 2629 1384 2686 nequaquam
1399 2614 1458 2669 sibi
1483 2613 1620 2669 sufficere
1640 2611 1733 2679 videt,
1757 2615 1792 2668 ut

83 2699 292 2756 omnebonum
306 2702 509 2760 efficiuntPer·
524 2705 664 2761 timorem
671 2707 752 2762 enim
766 2708 848 2762 mala
858 2725 905 2764 ca·
960 2703 1000 2757 ab
1012 2702 1120 2758 illicita
1135 2718 1166 2758 se
1181 2702 1356 2774 operatione
1369 2702 1534 2770 contineat,
1550 2701 1624 2773 quia
1636 2700 1664 2755 ei
1677 2700 1791 2772 quitor

80 2791 202 2858 ventur,
217 2807 272 2862 per
282 2806 415 2848 amorem
424 2794 698 2852 bonaexercentur.
712 2797 790 2852 Cum
803 2802 904 2854 autem
959 2791 1098 2847 intuetur
1111 2808 1173 2848 non
1188 2796 1232 2847 est
1256 2793 1332 2848 satis
1356 2792 1394 2847 ad
1417 2791 1627 2864 probationem
1650 2791 1677 2845 si
1699 2791 1789 2846 inno·

81 2876 164 2931 mala
176 2883 259 2950 sunt,
280 2881 417 2937 omnium
441 2883 592 2940 malorum
614 2886 738 2941 initium
761 2890 790 2941 et
813 2903 906 2943 causa
959 2896 1030 2936 cens
1045 2880 1138 2936 fuerit
1153 2881 1242 2949 actio,
1259 2881 1318 2936 nisi
1336 2881 1428 2936 etiam
1440 2881 1509 2953 ipsa
1521 2880 1619 2936 cordis
1645 2880 1789 2950 cogitatio

79 2965 225 3022 existunt.
243 2968 301 3024 Per
314 2970 454 3027 timorem
468 2974 549 3029 enim
565 2974 680 3029 malum
697 2976 810 3031 abono
824 2992 902 3033 rece.
922 2998 945 3053 C
961 2973 1031 3025 ante
1046 2970 1111 3040 ejus
1121 2969 1224 3026 oculos
1234 2971 1353 3025 sincera
1360 2969 1622 3041 atqueimpolluta
1632 2972 1787 3041 appareat.

79 3055 163 3112 ditur
172 3073 181 3127 3
191 3073 246 3131 per
260 3075 393 3116 amorem
408 3078 479 3119 vero
494 3063 610 3119 malum
625 3066 706 3121 mala
728 3070 903 3139 perpetrm.
960 3058 1038 3123 Quia
1053 3073 1123 3128 ergo
1137 3057 1183 3112 illi
1197 3058 1356 3130 displicere
1375 3058 1483 3113 metuit
1508 3058 1561 3129 qui
1584 3057 1668 3112 videt
1690 3061 1788 3113 totum

80 3146 141 3200 tur·
157 3143 235 3203 Sunt
244 3163 315 3220 ergo
330 3150 390 3206 duo
403 3151 468 3207 haec
478 3154 568 3224 quasi
582 3155 819 3227 portaeduae‚per
828 3172 906 3228 quas
960 3146 998 3202 ad
1012 3147 1176 3218 perfectam
1192 3147 1397 3201 innocentiam
1411 3162 1512 3202 coram
1528 3162 1562 3202 eo
1578 3161 1699 3202 necesse
1722 3160 1788 3201 esse

80 3248 163 3289 mors
176 3239 205 3290 et
219 3237 283 3292 vita
297 3239 522 3309 ingrediuntur.
537 3242 619 3296 Mors
638 3243 761 3313 quidem
782 3244 905 3315 quando
960 3236 1131 3292 considerat
1150 3240 1185 3290 ut
1198 3235 1337 3293 emendet
1351 3240 1459 3290 totum.
1478 3235 1517 3291 Et
1534 3236 1602 3291 ideo
1615 3236 1672 3291 iste
1695 3237 1788 3291 timor

82 3324 262 3394 aperiuntur
277 3327 315 3383 ad
325 3328 452 3399 malum,
468 3331 533 3386 vita
548 3335 651 3386 autem
665 3332 788 3402 quando
803 3333 842 3387 ad
852 3334 904 3389 bo.
958 3324 1089 3379 initialis
1101 3324 1213 3379 dicitur
1226 3325 1300 3396 quia
1316 3325 1374 3379 sub
1386 3323 1444 3379 hoc
1456 3339 1509 3395 per
1522 3324 1635 3379 bonam
1646 3323 1786 3380 volunta·

79 3426 153 3467 num
168 3414 349 3472 referantur.
959 3417 1021 3470 tem
1036 3417 1065 3468 et
1077 3414 1177 3469 virtus
1190 3414 1304 3468 intium
1318 3414 1399 3485 capit
1411 3429 1419 3481 3
1431 3417 1461 3468 et
1473 3413 1584 3468 vitium
1599 3414 1700 3468 finem.
1712 3413 1786 3468 Nee·

274 3505 347 3561 Car.
361 3506 411 3561 IV.
429 3510 511 3568 Ouid
526 3510 571 3563 sit
592 3511 701 3564 timor.
960 3502 1033 3559 dum
1047 3506 1150 3556 tamen
1165 3502 1310 3574 perfectio
1323 3506 1378 3570 est,
1393 3502 1466 3572 quia
1478 3500 1551 3556 dum
1567 3501 1650 3555 aliud
1672 3501 1787 3571 agitur,

115 3590 220 3648 Timor
232 3597 278 3649 est
292 3594 415 3651 effectus
426 3597 538 3653 mentis
559 3612 621 3669 quo
639 3601 780 3653 movetur
802 3603 838 3654 ut
861 3614 907 3653 su·
960 3595 991 3647 et
1004 3590 1089 3646 aliud
1100 3590 1282 3659 intenditur,
1298 3591 1399 3662 ipsum
1415 3590 1514 3645 adhuc
1527 3593 1651 3660 proptor
1675 3603 1707 3642 se
1732 3589 1787 3644 bo·

79 3679 192 3750 periori
206 3682 312 3746 cedat;
328 3699 430 3740 amore
446 3687 526 3741 enlm
542 3687 667 3756 accedit,
690 3687 798 3743 timore
826 3702 905 3742 rece·
960 3695 1035 3736 num
1047 3694 1110 3734 11011
1123 3683 1253 3734 amatur-
1270 3679 1356 3734 Tunc
1369 3679 1484 3734 accedit
1504 3676 1655 3744 charita&
1685 3679 1715 3730 et
1742 3677 1788 3731 in·

82 3766 137 3822 dit.
154 3768 186 3824 Si
198 3770 365 3842 injustitia
378 3775 563 3845 perstitisset
577 3776 679 3845 homo,
695 3791 733 3830 ex
747 3775 905 3832 voluntate
960 3767 1356 3840 tratpertimoremillum,
1373 3767 1513 3838 quidum
1528 3767 1679 3820 monstrat
1703 3767 1788 3836 qnod
1846 3755 1851 3764 ’

82 3854 283 3927 subjiceretur
293 3860 421 3916 meliori.
437 3861 526 3919 Nunc
545 3867 647 3919 autem
667 3880 704 3919 ex
725 3865 905 3919 necessitate
960 3857 1065 3929 lugere
1079 3857 1254 3925 debeamus,
1275 3855 1443 3928 periculum
1466 3853 1690 3926 quodammodo
1717 3869 1787 3925 ape·

80 3942 201 3999 fortiori
215 3945 387 4016 subjicitur.
404 3949 477 4005 Haec
492 3955 538 4006 est
557 3967 648 4023 poena
658 3952 712 4006 illa
727 3953 845 4007 timoris
868 3967 906 4006 ex
961 3950 1022 4002 tere
1034 3949 1065 4002 et
1075 3945 1247 4001 desiderare
1261 3944 1335 3999 tacit
1349 3943 1536 4016 praesidium.
1554 3942 1711 3998 Convertit
1730 3943 1787 4013 igi·

83 4045 145 4101 qua
159 4031 278 4089 servilis
299 4036 485 4091 nominatur.
516 4038 657 4103 Quando,
670 4039 723 4109 qui
748 4038 905 4095 voluntate
960 4038 1011 4090 tur
1025 4050 1076 4090 cor
1089 4034 1129 4089 ad
1143 4034 1252 4103 Deum,
1269 4036 1303 4088 ut
1318 4032 1544 4104 quodammodo
1558 4032 1594 4087 de
1607 4032 1674 4103 ipso
1688 4031 1788 4101 fugiat

84 4116 294 4189 priusmeliori
310 4123 420 4196 subjici
426 4124 620 4194 noluit‚nunc
643 4126 824 4182 necessitate
844 4128 904 4182 lor·
960 4122 998 4177 ad
1012 4124 1133 4203 ipsum,
1149 4122 1205 4177 hoc
1217 4125 1273 4190 est,
1285 4121 1358 4176 dum
1370 4125 1457 4176 cavet
1471 4120 1583 4175 habere
1596 4120 1786 4187 iratum,stu·

82 4206 432 4283 tiorlsubjicltur.Quam
446 4215 582 4286 prolecto
596 4219 800 4288 poenamtunc
812 4216 907 4272 chari·
960 4211 1030 4267 deat
1044 4212 1155 4267 habere
1170 4210 1348 4283 propitium.
1365 4210 1456 4265 Hunc
1467 4209 1607 4280 sequitur
1631 4209 1723 4263 timor
1751 4207 1785 4262 ti·

82 4298 129 4352 tas
139 4298 221 4355 foras
230 4302 327 4358 mittit
338 4303 461 4376 quando
475 4304 693 4375 subjectionem
700 4305 905 4362 voluntariam
920 4333 948 4389 D
960 4299 1041 4356 lialis
1056 4301 1109 4371 qui
1124 4316 1162 4354 ex
1177 4299 1356 4355 succedente
1367 4298 1516 4353 charitate
1531 4297 1716 4365 nascitur,ut
1739 4296 1787 4367 ip·

79 4385 162 4441 lacit.
174 4389 302 4454 Quando
317 4393 415 4463 magis
428 4394 535 4448 crescit
547 4393 691 4462 charitas,
704 4397 789 4450 tanto
807 4396 906 4466 magis
961 4405 1030 4445 eum
1045 4388 1152 4444 timere
1166 4387 1246 4443 nihil
1258 4387 1341 4442 aliud
1357 4387 1398 4442 Sit
1417 4401 1510 4458 quam
1535 4385 1731 4456 degustatum
1755 4385 1790 4439 in

80 4475 188 4530 crescit
199 4476 362 4549 voluntas,
376 4485 492 4552 quanto
508 4482 606 4551 magis
621 4482 727 4538 crescit
750 4483 905 4554 voluntas,
960 4478 1109 4534 charitate
1122 4477 1237 4532 bonum
1251 4477 1315 4549 jam
1330 4475 1411 4531 nolle
1425 4476 1575 4530 amittere.
1592 4475 1632 4528 Et
1645 4474 1695 4528 hic
1720 4474 1790 4545 qui·

82 4566 168 4618 tanto
181 4566 279 4635 magis
294 4567 438 4624 decrescit
452 4571 625 4626 necessitas.
642 4571 681 4625 Et
692 4572 756 4644 jam
772 4575 907 4645 perfecta
960 4568 1028 4624 dem
1041 4567 1133 4622 timor
1147 4565 1264 4636 aliquid
1277 4580 1375 4636 poenae
1391 4564 1570 4636 adjunctum
1595 4562 1687 4618 babet
1714 4561 1791 4617 dnm

81 4650 326 4711 charitateamat
341 4657 379 4712 ad
399 4660 599 4715 reverentiam
625 4661 779 4717 meliorem
803 4663 907 4718 volun·
960 4649 1792 4724 inincertoambulamns3etpalestinutramqueadhuc

81 4740 179 4795 tarius
191 4758 200 4810 3
214 4758 276 4799 non
290 4745 376 4801 timet
391 4747 430 4802 ad
451 4764 573 4820 poenam
596 4751 751 4807 fortiorem
776 4751 904 4806 invitus.
960 4748 1077 4817 partem
1093 4742 1244 4798 declinare
1257 4744 1357 4796 status
1372 4741 1444 4796 vitae
1463 4738 1631 4795 mutabilis.
1645 4737 1704 4793 Sed
1719 4753 1791 4793 cum

81 4825 230 4893 Qssaefflnt
248 4831 284 4887 de
309 4833 430 4892 Christo
452 4837 575 4894 homine
588 4839 741 4911 quomodo
765 4839 906 4895 timorem
960 4832 1152 4889 mutabilitas
1166 4830 1252 4886 nulla
1267 4831 1334 4899 erit,
1348 4833 1421 4885 tuno
1435 4828 1521 4884 nulla
1535 4843 1573 4882 ex
1585 4828 1700 4882 incerto
1722 4841 1790 4881 sus·

80 4916 206 4974 Domini
218 4919 369 4978 habuerit.
383 4925 442 4980 Sed
455 4926 544 4982 facile
554 4930 600 4983 est
612 4927 822 4985 demonstrare
836 4943 908 4999 quo
961 4921 1090 4994 pisionis
1104 4935 1195 4993 poena
1208 4919 1352 4975 ineritllt
1363 4923 1437 4973 tunc
1452 4918 1544 4973 timor
1559 4914 1788 4987 quodammodo

80 5005 170 5061 modo
183 5006 355 5067 voluntarie
368 5012 452 5071 Patri
461 5015 494 5069 in
505 5021 657 5088 quantum
669 5016 832 5089 ipsehomo
842 5020 908 5072 erat
962 5011 1027 5066 sine
1040 5009 1147 5065 timore
1160 5007 1284 5076 erit,ubi
1297 5011 1326 5062 et
1339 5006 1376 5061 de
1389 5004 1558 5061 stabilitate
1572 5003 1646 5060 certi
1659 5003 1789 5072 erimus;

80 5091 141 5149 sibi
155 5097 305 5167 superiori
320 5101 552 5174 subjiciebatur,
575 5108 606 5160 et
633 5108 804 5177 spontanea
829 5119 908 5160 reve·
961 5103 992 5154 et
1006 5103 1109 5154 tamen
1122 5096 1324 5153 reverentiam
1339 5094 1474 5151 Creatori
1489 5093 1632 5149 exhibere
1647 5106 1710 5148 non
1736 5090 1789 5147 de-

77 5182 178 5238 rentia
192 5185 318 5244 cedebat
331 5188 379 5245 illi
391 5206 482 5263 quern
498 5193 685 5264 superiorem
694 5193 907 5264 cognoscebat,
962 5187 1116 5244 sistemus·

80 5268 185 5328 dicens
199 5290 205 5328 :
221 5276 323 5332 Pater
335 5281 442 5346 major
455 5295 505 5335 me
520 5286 567 5336 ert
584 5280 678 5353 (Joaa
691 5281 746 5348 xri.
763 5280 910 5350 810111131-
1183 5273 1256 5329 Car.
1272 5272 1323 5328 VI.
1343 5275 1386 5328 De
1401 5273 1574 5327 charitate.

80 5359 132 5412 tur
146 5376 232 5418 amor
244 5379 313 5419 cum
323 5366 363 5421 sit
378 5371 480 5423 motus
494 5371 607 5426 mentis
620 5369 802 5425 naturaliter
827 5383 909 5423 unns
998 5362 1158 5442 Geminam
1185 5361 1274 5417 nobis
1301 5377 1389 5417 sacra
1415 5360 1573 5431 Scriptura
1605 5356 1789 5412 charitatem

86 5452 253 5507 secundum
266 5453 698 5528 diversasqualitatesdiversa
712 5457 838 5512 nomina
850 5471 911 5510 sor
964 5452 1156 5510 commendat
1166 5468 1174 5521 ;
1186 5451 1242 5507 Dei
1256 5450 1396 5507 videlicet
1410 5453 1439 5504 et
1453 5445 1792 5520 proximicharitatsm

86 5537 182 5610 titur,
205 5544 235 5596 et
256 5541 368 5602 dicitur
396 5547 561 5619 aliquando
581 5545 752 5618 cupiditas,
786 5545 910 5617 quando
964 5543 1021 5599 Dei
1034 5545 1068 5596 ut
1081 5541 1124 5597 sic
1138 5541 1239 5612 ipsum
1251 5538 1498 5610 diligamusutin
1509 5537 1577 5609 ipso
1587 5534 1790 5606 gaudeamus.

87 5629 201 5686 scilicet
223 5631 262 5687 ad
285 5634 435 5689 mundum
451 5637 507 5703 est,
521 5633 645 5706 quando
659 5647 731 5688 vero
751 5633 791 5689 ad
811 5633 909 5692 Deum
964 5631 1152 5688 Charitatem
1168 5628 1301 5702 proximi
1317 5632 1352 5684 ut
1367 5628 1410 5683 sic
1424 5627 1526 5698 ipsum
1540 5623 1717 5694 diligamus,
1727 5638 1793 5679 ηοη

86 5722 134 5776 est
147 5719 290 5779 charitas.
304 5722 354 5781 Sic
367 5724 460 5795 timor
473 5738 544 5781 cum
558 5723 599 5780 sit
616 5725 719 5782 motus
731 5724 843 5783 mentis
856 5740 909 5782 na·
965 5724 1001 5778 nt
1015 5721 1048 5778 in
1062 5721 1141 5794 ipso,
1153 5717 1207 5776 sod
1225 5720 1261 5774 ut
1274 5732 1344 5775 cum
1364 5717 1432 5789 ipso
1448 5713 1638 5787 gaudeamus
1660 5712 1694 5767 in
1712 5711 1791 5770 Deo.
