3742 6082
64 153 133 209 ‚093
612 146 661 203 or
678 146 861 207 aarusmo
879 145 1016 204 aarum.
1035 178 1070 243 7·
1088 152 1152 210 ιιιι.
1172 158 1219 213 ιιι.
1710 166 1780 223 ross

61 274 174 331 amoris
186 272 377 331 dulcedinem
387 271 523 344 trabitur,
539 272 629 346 quasi
640 288 695 347 prr
710 269 894 345 compassio
911 269 936 324 Α
949 271 1032 342 quod
1046 272 1173 332 nimiam
1185 277 1289 350 diligat
1302 283 1520 355 paupertatem,
1545 285 1629 358 quod
1647 301 1710 344 non
1723 286 1780 344 im·

61 380 131 420 nem
143 364 326 421 blandientis
342 361 511 434 adjuratur.
538 367 630 419 Amor
657 363 751 435 erigit,
763 361 852 418 trabit
865 363 894 417 et
948 360 1061 431 pendat
1074 366 1193 437 corpori
1211 368 1428 438 necessitatem,
1444 371 1498 427 sed
1512 377 1593 429 amet
1600 374 1777 447 nuditatem,

61 459 206 511 sustentat
219 473 226 522 3
240 453 329 510 timor
342 452 431 522 cogit,
445 452 539 525 erigit,
556 453 609 509 sed
623 453 744 511 cruciat.
772 451 817 507 Ad
835 452 893 507 lroc
947 452 1168 521 pannositatem
1184 459 1213 511 et
1225 461 1398 528 egestatem.
1426 459 1473 517 Ait
1498 461 1579 518 enim
1593 463 1779 539 quandoque

60 544 188 617 pertinet
200 542 283 616 quod
297 557 351 615 per
364 541 488 599 beatum
502 541 704 612 augustinum
726 540 765 597 ad
789 537 894 613 proela-
947 539 1151 600 misericordia
1161 545 1325 615 remissius,
1337 547 1453 619 justitia
1477 549 1636 623 crudelius,
1660 553 1780 612 numin-

60 638 106 690 tos
120 632 158 689 de
171 632 312 704 subjectis
327 630 457 687 dicitur:
487 652 501 680 a
528 630 605 699 Plus,
628 629 734 703 iuquit,
762 644 781 685 a
806 626 893 684 vobis
946 631 1004 698 tas,
1019 630 1152 701 parcius,
1181 633 1326 691 honestas
1350 634 1565 707 abundantius,
1593 654 1651 699 nec
1675 644 1779 700 tamar

61 723 155 780 amari
170 726 323 796 appetant,
338 735 433 794 qnam
446 719 551 777 timeri.
577 723 634 777 Neo
649 723 751 777 tamen
764 717 893 775 nimium
946 716 1088 776 desinunt
1100 736 1165 777 esse
1180 721 1312 792 virtutes,
1328 723 1396 781 licet
1406 723 1588 797 imperfecta
1602 727 1670 785 sint
1699 732 1777 788 [inm

60 815 164 885 parcat
175 826 270 878 aanor,
286 826 341 866 nec
356 809 484 865 nimium
506 810 616 866 terreat
642 808 749 867 timor:
777 805 832 863 sed
851 804 893 860 sic
947 806 1028 863 enim
1040 815 1229 879 accusantur,
1246 814 1333 884 quasi
1347 813 1387 869 ad
1403 813 1630 886 suspiciendam
1648 815 1779 893 discipli.

61 914 196 955 amorem
211 900 301 955 timor
311 898 478 966 comitetur,
494 901 526 954 ut
537 913 592 955 nee
608 898 697 955 timor
711 897 816 955 odium
838 911 893 968 pa·
947 914 1021 954 nam
1048 899 1249 958 denudantur.
1293 904 1349 960 Sed
1378 903 1533 976 quomodo
1561 905 1778 967 denudarent

59 988 124 1060 rint,
139 1005 193 1045 nec
206 1004 292 1045 amor
307 987 521 1058 negligentiam
543 987 714 1060 patiatur.»
743 986 814 1042 ilinc
840 999 894 1057 per
948 988 1075 1054 Quando
1088 1006 1142 1063 per
1152 992 1372 1050 confessionem
1387 993 1529 1050 vitiorum
1543 996 1660 1054 occidte
1679 996 1778 1059 decla·

59 1076 182 1133 beatum
190 1077 245 1133 tob
260 1076 368 1133 dieitur
388 1076 485 1133 :Cum
499 1076 628 1133 sederem
644 1076 731 1148 quasi
755 1087 811 1131 rex
833 1073 893 1128 rir-
946 1082 1060 1134 rantur.
1078 1080 1148 1135 liure
1164 1080 1315 1154 siquidem
1330 1083 1527 1155 suntspecies
1543 1084 1720 1159 disciplina,
1733 1085 1778 1144 in·

59 1172 227 1224 crcmsfcnte
240 1167 384 1236 exercitu,
400 1181 482 1224 nam
498 1172 598 1223 tamen
609 1166 799 1223 maerentium
822 1177 891 1218 ron·
947 1167 1036 1223 terior
1050 1168 1162 1226 sedicet
1187 1174 1216 1226 et
1233 1171 1369 1231 exterior.
1399 1171 1522 1228 interior
1547 1173 1708 1248 disciplina
1732 1179 1777 1234 est

59 1257 259 1329 solatordoc.
276 1255 368 1326 sarx).
386 1258 459 1312 Ecce
475 1255 563 1313 timor
587 1271 623 1311 ex
649 1252 824 1311 anctoritate
850 1267 893 1307 re·
947 1271 1001 1328 per
1014 1257 1228 1317 districtionem
1240 1261 1350 1327 cordis,
1365 1261 1508 1318 correctio
1532 1278 1672 1334 morum;
1699 1268 1778 1321 exte·

60 1346 460 1416 giminis,amoraute1ncx
485 1344 643 1402 dulcedine
667 1340 891 1400 consolationis:
946 1344 1006 1401 rior
1019 1362 1091 1403 vero
1103 1362 1158 1419 per
1172 1348 1363 1407 afflictionem
1388 1348 1496 1422 carnis,
1521 1351 1664 1409 correctio
1686 1353 1777 1412 actio-

60 1436 107 1493 Sio
122 1440 150 1492 et
162 1436 336 1492 vulneribus
350 1434 438 1501 illius,
454 1435 507 1507 qui
520 1434 623 1490 incidit
637 1433 667 1489 in
682 1432 825 1499 latrones,
843 1432 893 1488 Sa·
946 1448 1030 1490 num.
1059 1437 1191 1493 Exterior
1217 1440 1401 1512 quandoque
1434 1444 1556 1510 generat
1579 1439 1751 1499 interiorem
1766 1460 1774 1514 3

59 1526 226 1583 maritauus
239 1525 342 1583 riuum
357 1529 385 1581 et
397 1524 497 1580 oleum
511 1523 620 1579 infudit
634 1522 766 1595 (burst
776 1521 808 1578 in
822 1520 892 1576 vino
945 1523 1027 1596 quia,
1043 1523 1115 1581 dum
1140 1542 1226 1582 meus
1253 1543 1315 1584 uon
1337 1529 1487 1601 spargitur
1500 1529 1541 1586 ad
1559 1529 1714 1600 exteriora,
1730 1547 1775 1588 re-

59 1614 170 1671 scilicet
184 1615 346 1684 designans
358 1613 545 1669 severitatem
560 1611 761 1679 districtionis,
779 1612 810 1667 in
824 1609 890 1667 olco
906 1623 927 1678 n
944 1612 1067 1669 vertitur
1082 1614 1121 1670 ad
1134 1615 1243 1688 quietis
1259 1631 1404 1674 amorem.
1420 1618 1465 1673 Ad
1479 1618 1537 1675 hoc
1550 1618 1678 1692 pertinet
1691 1620 1775 1693 quod

59 1720 129 1760 vero
141 1703 296 1759 mollitiem
308 1703 434 1775 pietatis.
454 1702 537 1759 Unde
556 1717 611 1775 per
633 1702 757 1759 beatum
784 1702 891 1771 Grego-
944 1703 1074 1760 Lomect
1082 1705 1147 1761 Noe
1156 1705 1260 1776 gennit
1276 1707 1357 1777 (Gen.
1373 1710 1415 1776 v),
1436 1705 1468 1762 id
1482 1710 1537 1778 est,
1549 1707 1709 1781 disciplina
1731 1724 1776 1765 rs·

58 1792 138 1848 rium
152 1791 278 1847 dicitur:
297 1791 506 1848 «Faciendum
520 1794 566 1847 est
579 1789 737 1863 quoddam
751 1805 789 1847 ex
809 1792 885 1844 utro·
944 1790 1055 1863 quiam.
1083 1795 1294 1865 interpretatur
1322 1793 1403 1850 enim
1430 1795 1559 1850 Lamech
1590 1796 1773 1865 paraticas,

60 1897 120 1955 que
133 1882 417 1952 temperamentum,
433 1885 465 1936 ut
486 1894 584 1952 neque
608 1878 703 1935 multa
731 1877 890 1952 asperitate
945 1879 1028 1953 quod
1041 1880 1199 1953 proprium
1214 1885 1259 1938 cst
1276 1882 1442 1956 disciplinae
1457 1900 1464 1940 :
1479 1886 1538 1940 Noe
1566 1899 1638 1941 roro
1659 1886 1775 1959 requies

60 1970 265 2026 exulcerentur
279 1968 400 2039 subditi,
413 1985 511 2042 neque
530 1968 624 2025 nimia
636 1966 819 2037 benignitate
834 1964 891 2022 sol·
944 1970 1162 2043 interpretatur,
1179 1987 1247 2044 quae
1267 1975 1337 2028 tunc
1364 1972 1507 2041 nascitur,
1536 1972 1661 2046 quando
1688 1989 1775 2032 mens

59 2064 176 2117 rantur.
192 2082 208 2109 »
222 2059 279 2116 Sed
291 2059 360 2115 etin
375 2074 446 2115 arca
459 2057 646 2115 tabernaculi
660 2057 745 2128 virga
759 2055 849 2112 simul
862 2058 891 2112 et
945 2058 984 2115 ab
997 2058 1192 2115 exterioribus
1204 2076 1259 2133 per
1271 2059 1463 2135 disciplinam
1477 2061 1656 2134 reprimitur.
1666 2062 1718 2119 flio
1731 2065 1776 2120 est

60 2164 174 2207 manna
189 2155 273 2207 erant
288 2150 388 2221 (Hebe.
407 2153 460 2220 ιι),
476 2149 507 2205 id
522 2153 575 2217 est,
591 2149 675 2220 uirga
689 2145 888 2214 districtionis,
945 2151 1015 2217 Noe,
1029 2148 1081 2221 qui
1095 2149 1240 2209 construit
1250 2165 1353 2208 arcam
1367 2151 1451 2222 (Gen.
1466 2150 1516 2223 vr),
1533 2151 1564 2207 id
1579 2154 1633 2221 est,
1646 2150 1776 2209 edificat

60 2243 90 2295 et
103 2253 215 2294 manna
231 2237 408 2294 dulcedinis.
430 2238 502 2295 ilinc
521 2236 680 2294 Psalmista
693 2253 700 2292 ε
723 2237 814 2308 Virga
838 2241 891 2292 tac
945 2236 1090 2303 animam,
1105 2254 1173 2311 quae
1185 2238 1401 2297 irrationabilia
1419 2238 1562 2297 animalia
1587 2239 1619 2297 in
1631 2238 1778 2298 inferiori-

60 2332 89 2383 et
124 2327 249 2384 baculus
269 2334 338 2383 tuns
364 2328 430 2398 ipsa
448 2342 493 2384 rae
521 2328 675 2383 consolato
698 2330 770 2382 sant
794 2324 889 2395 (Prot.
945 2327 1003 2383 bus
1018 2327 1296 2396 ordinat,homines
1311 2328 1776 2404 etrolatiliainsuperioriparte

59 2415 142 2488 ιιιιιι).
160 2416 247 2486 Virga
262 2416 343 2472 enim
358 2414 889 2488 percutimur-,baculosustentamur.
944 2416 1033 2484 locat,
1060 2415 1090 2472 id
1117 2420 1171 2484 est,
1199 2420 1299 2473 motus
1314 2417 1449 2475 carnales
1476 2417 1607 2490 subjicit,
1628 2417 1777 2491 spiritales

61 2507 129 2560 ilaec
141 2509 185 2561 est
198 2505 283 2577 virga
301 2504 472 2562 directionis
490 2520 544 2578 per
557 2502 837 2577 correptionem,bic
847 2504 892 2558 est
946 2505 1129 2580 superponit.
1146 2506 1175 2563 Si
1187 2509 1289 2562 autem
1302 2505 1493 2563 inundaverit
1507 2505 1655 2565 diluvium
1665 2505 1776 2577 carnis,

61 2593 187 2650 baculus
198 2594 420 2651 sustentationis
433 2609 487 2666 per
501 2591 746 2650 consolationem.
777 2590 844 2658 Sed,
858 2591 892 2647 ut
945 2597 1016 2650 tunc
1039 2593 1130 2651 intrat
1150 2610 1253 2651 arcam
1280 2594 1411 2664 mentis;
1434 2598 1462 2651 et
1483 2594 1552 2651 licet
1566 2593 1779 2653 circumfluant

62 2684 199 2756 superius
215 2683 329 2741 dictum
339 2683 468 2757 est,plus
482 2682 576 2740 amari
592 2698 610 2738 a
625 2680 767 2753 subjectis
777 2679 892 2753 praelati
946 2686 1090 2739 torrentes
1116 2681 1291 2750 iracundiae,
1319 2682 1433 2739 fluenta
1452 2682 1588 2751 luxuriae,
1615 2684 1777 2754 voragines

61 2776 204 2845 appetant
218 2789 312 2846 quarn
325 2773 432 2840 timeri,
448 2788 486 2828 ne
501 2769 666 2828 severitatis
680 2769 781 2826 nimia
791 2767 891 2825 vultus
946 2771 1033 2844 gina,
1048 2771 1116 2828 licet
1129 2770 1377 2828 ebulliantiontes
1391 2770 1634 2841 delectationum,
1644 2771 1777 2845 abyssus

61 2861 203 2929 eliminet,
218 2878 295 2936 quos
305 2861 526 2936 compassionis
540 2860 709 2932 benignitas
723 2873 890 2932 percouso-
946 2860 1154 2934 cupiditatum,
1170 2859 1267 2917 maria
1279 2858 1555 2929 conturbationum,
1570 2860 1662 2918 intrat
1674 2864 1776 2920 tamar

60 2951 202 3008 lationem
215 2951 314 3008 fovere
327 2951 425 3008 debet.
905 2978 926 3036 C
945 2955 1005 3008 Noe
1019 2966 1142 3007 securus
1157 2965 1271 3019 arcam,
1286 2950 1318 3006 id
1332 2953 1387 3021 est,
1398 2949 1517 3024 quietus
1532 2949 1653 3008 animus
1673 2950 1777 3009 clauso

61 3044 128 3098 Cir.
140 3044 184 3098 vl.
201 3043 244 3098 De
255 3042 390 3112 capitulo
404 3042 521 3098 animas.
536 3041 624 3098 Sicut
632 3040 746 3111 fratres
759 3037 792 3093 ιἰι
807 3036 889 3106 capi·
944 3040 1016 3097 ioris
1029 3040 1136 3098 silentii
1147 3040 1223 3096 ostio
1234 3039 1367 3113 possidet
1381 3039 1526 3097 animam.
1539 3037 1598 3097 Sed
1609 3042 1639 3099 at
1648 3039 1777 3097 Lamadr

96 3133 193 3188 tntum
204 3133 394 3203 conveniunt,
409 3135 443 3186 ut
456 3136 559 3187 erratu
573 3129 739 3200 corriperet,
754 3127 797 3185 sic
811 3127 890 3183 ratio
944 3128 1126 3186 interfecisse
1139 3129 1212 3187 Cain
1225 3128 1333 3200 legitur
1347 3130 1431 3197 (Gen.
1448 3128 1499 3201 ιι).
1516 3128 1588 3186 Cain
1601 3130 1779 3199 antempos·

96 3221 289 3292 cogitationes
299 3226 451 3278 convocat.
945 3218 1262 3292 sessiointerpretatur.
1280 3218 1395 3290 Cujus?
1416 3216 1529 3274 diaboli
1551 3231 1614 3275 non
1640 3216 1702 3286 liei,
1730 3215 1778 3274 sui

97 3311 178 3368 Sicut
192 3312 317 3368 fratrum
331 3310 503 3380 multitudo,
518 3313 552 3366 ut
565 3312 662 3367 errata
677 3307 815 3378 corrigat,
835 3309 893 3363 sta·
946 3323 1008 3365 non
1022 3307 1167 3378 magistri,
1183 3307 1295 3381 proprii
1310 3323 1373 3364 non
1394 3306 1575 3364 communis.
1604 3309 1682 3364 inter
1705 3305 1779 3365 folia

61 3402 131 3458 tutis
144 3401 226 3458 horis
241 3401 281 3458 od
296 3401 462 3476 capitrdum
476 3399 609 3467 confluit,
624 3398 665 3455 sic
687 3398 795 3455 mentis
817 3396 892 3453 ratio
943 3399 1048 3471 jacens
1062 3397 1133 3455 Cain
1148 3397 1302 3465 occiditur,
1318 3395 1390 3469 quia
1415 3410 1576 3470 perversus
1601 3394 1634 3452 in
1660 3393 1779 3453 levitate

62 3490 257 3562 cogitationes
272 3490 406 3549 diversas
421 3489 460 3546 ad
477 3492 624 3546 secretum
639 3486 738 3544 cordis
758 3486 894 3564 quando-
947 3487 1046 3544 cordis
1061 3490 1089 3544 et
1111 3485 1328 3560 multiplicitate
1353 3485 1515 3542 sorborum
1542 3484 1702 3544 volutatur.
1732 3483 1779 3543 Sio

63 3596 123 3656 que
139 3584 296 3652 convocat,
325 3582 357 3635 ut
370 3578 588 3651 incorrigibiles
616 3577 722 3651 eficiat,
752 3575 893 3649 corripiat
949 3575 1036 3646 igitur
1050 3591 1105 3648 per
1116 3574 1245 3632 Lamech
1260 3573 1332 3632 Cain
1348 3573 1503 3639 occiditur,
1530 3576 1617 3630 etex
1639 3572 1700 3630 alio
1727 3574 1779 3630 La·

65 3669 225 3745 inquietas,
240 3667 425 3740 negligentes
439 3668 585 3736 emendet,
605 3665 722 3723 erudiat
734 3662 894 3738 simplicio-
947 3664 1036 3721 mech
1050 3667 1110 3720 Noe
1120 3665 1290 3734 generatur,
1314 3662 1386 3735 quia
1409 3661 1595 3735 quandoque
1618 3675 1779 3734 perversus

64 3774 122 3828 res,
137 3758 252 3829 mitiget
265 3758 436 3829 iracundas,
451 3757 647 3831 voluptuosas
660 3753 827 3825 restringat,
850 3750 896 3826 pi·
948 3769 1002 3827 per
1015 3751 1205 3825 disciplinam
1216 3751 1341 3822 ejicitur,
1357 3755 1385 3808 et
1398 3766 1452 3824 per
1474 3749 1666 3823 disciplinam
1686 3748 1780 3806 nuni·

62 3865 131 3921 gras
146 3848 260 3916 excitet,
285 3846 454 3904 consoletur
472 3844 689 3922 pusillanimes,
718 3842 826 3900 doceat
850 3842 894 3898 in·
947 3848 1007 3910 tus,
1023 3841 1131 3915 qrrietae
1159 3839 1268 3897 mentis
1293 3839 1428 3898 efficitur.
1454 3841 1620 3897 Accusatur
1645 3837 1717 3897 Cain
1740 3837 1779 3895 dc

62 3939 217 3995 discretas.
235 3941 267 3993 ln
283 3938 341 3995 boc
357 3935 644 4015 spiritualicapitrdo
659 3933 778 3991 abbatis
792 3931 893 3989 locum
947 3935 1044 3989 morte
1057 3930 1168 3987 fratris.
1184 3929 1239 3996 Qui
1253 3931 1334 3986 enim
1355 3928 1439 3987 nullo
1462 3928 1618 3998 obediunt,
1644 3927 1697 4003 qui
1726 3925 1780 3983 sei-

62 4028 139 4085 ratio
153 4027 295 4102 possidet,
311 4027 494 4084 couscientia
509 4026 614 4099 culpas
629 4026 760 4097 accusat,
776 4037 894 4099 perver-
947 4035 1020 4094 psos
1033 4017 1198 4093 possident,
1215 4017 1267 4092 qui
1280 4016 1453 4091 exemplum
1470 4032 1574 4091 prarae
1597 4013 1800 4091 operationis.

63 4119 133 4176 sitas
149 4121 279 4188 excusat,
293 4116 434 4193 superbia
448 4119 566 4175 reatum
590 4112 732 4182 defendit,
752 4112 895 4169 innccen-
947 4108 1090 4166 iratribus
1104 4108 1277 4179 ostendunt,
1292 4107 1367 4181 quid
1380 4107 1463 4166 aliud
1477 4122 1572 4180 quam
1599 4105 1698 4165 fratris
1719 4103 1781 4163 sni·

62 4209 103 4265 tia
118 4207 283 4275 confitetur,
299 4206 452 4264 humilitas
464 4206 596 4279 seipsam
607 4203 733 4276 judicat,
750 4217 894 4273 arrogari·
948 4214 1033 4255 mam
1044 4195 1173 4272 propriis
1186 4196 1338 4266 manibus,
1349 4195 1380 4252 id
1395 4199 1440 4252 est
1451 4193 1715 4268 prominentibus,
1732 4207 1781 4249 oo-

64 4299 104 4357 tia
118 4313 189 4353 vero
202 4295 324 4354 ahenos.
341 4299 418 4358 tiore
434 4310 642 4371 perversorum
671 4293 798 4351 fratrum
823 4289 895 4347 vitia
911 4328 934 4385 D
949 4287 1077 4344 eidunti
1092 4286 1169 4352 Ouid
1183 4286 1273 4356 igitur
1285 4285 1385 4342 utilius
1395 4282 1635 4357 disciplinaque
1647 4281 1781 4356 quietem

62 4385 218 4463 praecptis
244 4385 472 4458 contradicunt,
510 4400 595 4442 more
615 4398 687 4440 uero
713 4380 894 4456 simplicium
949 4380 1082 4450 generat,
1097 4390 1257 4448 perversos
1271 4377 1368 4431 necat.

62 4475 186 4532 virtutes
200 4474 354 4542 obediunt,
371 4473 487 4545 seipsas
501 4476 602 4528 tamen
626 4471 810 4549 quaudoque
838 4468 896 4525 vir·
985 4469 1052 4525 Cur.
1068 4468 1125 4523 Vll.
1150 4467 1195 4522 De
1216 4479 1305 4535 opere
1329 4463 1493 4534 spirituali.
1536 4461 1609 4518 Post
1643 4459 1781 4530 caminia

63 4570 140 4625 tutes
153 4565 282 4623 invicem
296 4565 448 4619 accusant.
460 4564 588 4621 Accusat
598 4560 677 4617 enim
689 4557 895 4617 misericordia
984 4543 1094 4599 emm
1107 4539 1221 4609 timrei
1234 4537 1275 4594 “d
1290 4535 1422 4594 mmm
1433 4551 1446 4593 ·'
1459 4535 1502 4593 ⁸50
1520 4538 1550 4591 0⁸
1564 4531 1682 4591 ΜΝ
1696 4545 1780 4602 ‘dfe‘

62 4652 219 4727 justitiam,
234 4650 351 4726 justitia
365 4649 613 4721 misericordiam,
638 4648 780 4704 honestas
798 4646 896 4704 humi·
984 4607 1540 4751 mmzffiffifflmoelmmm
1559 4603 1601 4663 “d
1612 4603 1782 4663 'mmm‘

63 4743 188 4811 litatem,
202 4741 355 4801 humilitas
374 4741 572 4799 honestatem.
592 4739 719 4797 Accusat
731 4736 896 4792 misericor·
983 4755 1053 4808 Post
1080 4750 1244 4822 capitulum
1272 4748 1312 4805 ad
1338 4747 1475 4805 laborem
1499 4759 1648 4803 manuum
1676 4743 1782 4804 frah-03

64 4832 115 4893 dia
131 4832 287 4906 justifiam,
303 4830 387 4904 qUOd
407 4843 625 4901 manumque
639 4823 895 4887 &militatem
948 4840 1051 4911 egredi
1065 4838 1178 4895 solent:
1209 4839 1250 4894 sic
1273 4840 1343 4911 post
1360 4836 1493 4910 quietem
1520 4834 1781 4910 contemplationis
1856 4896 1862 4908 ,

65 4920 239 4993 extenderit,
253 4920 337 4998 quod
351 4918 514 4979 racundiae
528 4916 620 4974 rerba
629 4911 792 4988 protulerit,
812 4909 896 4985 quod
949 4928 1099 5000 egreditur
1111 4927 1231 4984 animus
1245 4927 1285 4985 ad
1297 4924 1518 4999 providendum
1527 4924 1664 4984 laborem
1677 4941 1782 5001 eom

64 5010 305 5069 mansuetudinis
333 5009 451 5072 rubum
477 5005 646 5065 mutaverit·
672 5001 788 5065 *lustitia
824 5015 895 5057 V⁰r0
949 5034 1007 5076 reae
1017 5015 1233 5073 neccessitatis.
1251 5014 1406 5086 Egreditur
1420 5030 1438 5071 a
1453 5013 1782 5090 contemplatione,qui

64 5101 304 5161 ffliffllifflrdiam
335 5104 467 5168 affimat,
496 5097 579 5171 ‘iuml
596 5092 756 5157 θθγθῖῑῑᾶϋῧ
779 5090 897 5149 mltum
951 5106 1062 5166 coelesti
1075 5105 1231 5162 fruebatur
1245 5104 1451 5164 delectatione.
1482 5105 1648 5178 Egreditur,
1676 5109 1705 5162 et
1731 5103 1781 5159 de·

64 5207 128 5249 non
142 5190 281 5259 induerit,
310 5189 395 5262 qnod
409 5192 566 5261 peccatum
579 5184 764 5258 impunitum
777 5181 897 5241 dimise·
951 5196 1075 5264 mendic,
1088 5211 1161 5269 quo,
1177 5197 1206 5251 Θ)
1224 5193 1406 5268 quomodo?
1428 5194 1584 5266 Egreditur
1607 5209 1626 5250 a
1646 5193 1781 5249 contem.

41 5280 112 5348 ‚rit
133 5279 215 5352 q¹1⁰d
228 5278 453 5351 dfllifl‘illffllflm
466 5275 571 5333 salim
595 5272 695 5333 Vfll'bifl
723 5285 786 5327 ¹1⁰ss
803 5269 898 5327 imm·
950 5281 1081 5357 platione
1105 5279 1271 5338 caelestium
1298 5279 1339 5337 ad
1365 5279 1590 5338 meditationem
1618 5275 1782 5348 Scriptura·

66 5368 192 5442 imerii·
208 5371 336 5424 musal
349 5364 503 5422 humilitas
521 5363 721 5430 h011⁰⁸i⁸²³ms
747 5359 830 5434 (11¹0d
850 5374 898 5417 0¹·
950 5384 1029 5439 ram,
1044 5369 1073 5424 et
1087 5365 1201 5423 ibidem
1215 5381 1333 5423 moram
1346 5365 1459 5423 iaciens
1472 5362 1557 5422 audit
1569 5361 1638 5418 ritas
1651 5374 1782 5434 pressen-

67 5458 155 5516 cedat
169 5457 414 5524 mediocritatem,
431 5453 515 5528 quod
543 5456 685 5526 sequatur
714 5449 899 5525 superssuita·
952 5453 988 5510 tis
1000 5451 1162 5521 miseriam,
1176 5449 1364 5509 futuravero
1375 5448 1602 5516 beatitudinem,
1612 5442 1783 5503 considerat

67 5554 139 5615 iem,
156 5547 310 5622 quodnon
324 5552 442 5605 tautum
455 5548 555 5602 utatur
568 5540 710 5610 honestis
734 5541 786 5598 sed
808 5539 898 5597 etiam
952 5535 1415 5613 proemiajustorum,attenditet
1425 5548 1548 5607 poenam
1555 5531 1780 5588 damnatorum.

67 5635 268 5711 voluptuosis.
285 5641 430 5698 ronesns
453 5650 526 5694 vero
544 5634 667 5692 accusat
689 5630 897 5701 humilitatem,
956 5625 1068 5690 Deinde
1082 5626 1121 5686 de
1133 5626 1328 5702 premiorum
1340 5638 1443 5685 amore
1455 5624 1567 5681 traetrrs
1580 5625 1609 5681 et
1621 5634 1784 5696 pannum
