3742 6082
43 220 101 282 065
581 238 584 243 <
604 213 659 272 DE
676 213 784 272 ARGA
801 210 883 271 Nos
900 210 1054 275 MORALI
1071 217 1148 277 ΠΒ.
1168 217 1220 276 IV.

1698 221 1752 281 666
1789 246 1792 262 .

45 347 166 412 habito,
196 348 228 399 et
257 341 388 397 sensatis
425 343 588 397 intersum
624 334 917 412 capitationtbasid
931 343 1081 414 quasdam
1096 347 1126 399 et
1143 342 1362 400 determinatas
1389 359 1437 402 res
1462 346 1552 402 nobis
1577 348 1752 419 praescriba-

46 436 140 491 Prov.
158 432 238 501 vin).
251 431 290 485 lit
310 430 384 485 alibi
411 429 497 485 sedes
519 430 678 502 sapientiae
703 429 875 502 appellatur
928 446 1008 502 mus,
1023 433 1056 487 in
1071 433 1187 504 quibus
1200 433 1322 489 assidue
1334 434 1466 491 intentio
1478 435 1578 492 cordis
1587 437 1684 492 nostri
1693 452 1756 492 ver·

46 523 157 578 animm
166 519 253 592 justi.
267 518 397 574 Constat
409 532 490 587 ergo,
502 517 583 589 quod
598 518 630 572 in
646 516 875 573 cordebominis
929 521 1001 589 sari,
1016 524 1046 576 et
1061 522 1220 578 meditatio
1232 523 1363 578 exerceri
1378 524 1561 595 possit.Tria
1576 524 1658 580 enim
1673 529 1757 595 suut,

45 611 83 669 de
98 607 339 681 cogitationibus
355 606 487 662 sensatis
500 606 652 678 sapientia
669 603 728 661 sibi
750 604 875 660 domum
928 607 960 663 id
974 612 1021 664 est
1034 625 1087 682 per
1101 611 1223 666 infinita
1236 611 1378 681 distrahi,
1397 612 1431 667 in
1445 611 1550 669 eodem
1561 628 1681 686 semper
1694 629 1760 686 per·
1846 679 1849 685 ¹

44 697 214 756 fabrefecit.
229 695 384 766 Triaergo
400 697 483 764 sunt,
502 693 600 763 locus,
635 693 774 762 materia,
802 693 874 749 arti·
929 697 1047 768 sistere,
1062 699 1216 755 moderate
1230 701 1347 772 vagari,
1363 715 1495 772 qnorum
1510 703 1644 773 primum
1664 702 1757 760 hahe-

46 789 106 845 isx.
123 787 173 857 Et,
188 786 267 842 sicut
282 784 427 852 diximus,
443 781 528 838 locus
543 787 589 838 est
601 798 652 838 cor
666 782 803 838 hominis
816 797 877 837 ma·
929 800 961 840 re
976 799 1038 841 non
1049 785 1377 856 dehemus,secundum
1391 787 1441 843 bic
1455 789 1567 845 habere
1577 805 1638 846 non
1652 805 1759 863 possu-

46 877 124 933 teria
139 874 340 946 cogitationes
352 871 461 940 cordis,
487 871 649 927 artificium
674 874 776 927 autem
802 870 874 927 duo·
929 889 1010 943 mus,
1027 873 1179 931 etidcirco
1201 874 1301 931 solum
1323 875 1381 932 hoc
1403 879 1529 934 tertium
1551 883 1699 951 superest,
1723 882 1759 935 ut

46 980 117 1021 rum
131 968 187 1033 est,
202 962 259 1018 Dei
271 958 412 1016 videlicet
424 962 454 1015 et
465 958 610 1029 hominis,
636 958 730 1015 simul
750 974 877 1032 operan·
930 962 1004 1034 quia
1019 962 1119 1019 adhuc
1130 978 1201 1019 vere
1216 964 1304 1020 corde
1320 964 1446 1021 stabiles
1473 981 1539 1022 esse
1563 982 1625 1023 non
1649 982 1756 1039 possu-

46 1057 100 1110 tur
110 1053 175 1109 haeo
189 1051 260 1108 duo.
276 1049 359 1106 Deus
369 1048 523 1120 enim,qni
536 1047 683 1119 dignatur
696 1062 766 1104 cum
778 1047 875 1103 homi·
929 1066 1010 1121 mus,
1025 1052 1149 1108 interim
1163 1050 1272 1108 saltem
1287 1052 1326 1108 ab
1339 1053 1542 1111 immoderata
1554 1054 1753 1113 distractione

47 1141 143 1198 nibus
156 1139 307 1207 habitare,
322 1152 385 1193 non
400 1136 585 1208 dedignatur
598 1151 668 1192 curn
682 1136 808 1192 homine
821 1135 875 1191 ha·
930 1139 1023 1196 corda
1036 1144 1142 1197 nostra
1157 1139 1346 1212 colligamus,
1362 1144 1398 1197 ut
1409 1141 1482 1197 dum
1496 1158 1616 1215 semper
1627 1144 1757 1199 nitimur

47 1228 220 1287 bitaculum
235 1227 295 1283 sibi
310 1239 492 1299 preparare.
509 1223 640 1282 Proinde
650 1240 712 1280 non
723 1224 813 1281 debet
822 1222 875 1280 ho·
930 1228 1034 1284 minus
1047 1228 1208 1284 instabiles
1221 1228 1297 1298 fieri,
1313 1245 1432 1302 sempor
1445 1231 1544 1302 magis
1557 1246 1592 1287 ac
1606 1231 1705 1302 magis
1714 1232 1757 1288 in·

48 1334 100 1375 mo
115 1332 204 1373 suam
221 1316 407 1388 imperitiam
433 1316 487 1368 aut
509 1312 720 1368 infirmitatem
741 1311 876 1369 conside·
932 1316 1081 1389 cipiamus
1093 1332 1197 1373 veram
1210 1318 1410 1374 stabilitatem
1426 1320 1552 1376 imitari.
1568 1320 1607 1375 Et
1618 1323 1654 1376 nt
1675 1319 1758 1392 quod

51 1423 124 1463 rans
138 1407 309 1478 desperare,
326 1403 458 1459 sedeum
474 1401 588 1476 potius,
605 1402 659 1474 qui
685 1417 787 1457 secum
812 1416 879 1474 ope
930 1405 1097 1478 loquimur,
1113 1421 1167 1479 per
1190 1406 1363 1480 exemplum
1387 1410 1584 1466 manifestius
1608 1410 1672 1479 fiat,
1696 1413 1759 1466 tres

50 1497 113 1553 rari
128 1495 284 1566 dignatur,
302 1491 467 1548 attendere.
484 1491 568 1547 Deus
580 1490 661 1546 enim
676 1494 722 1546 est
736 1491 837 1548 virtus
848 1494 878 1546 et
931 1496 1157 1552 constituamus
1172 1510 1242 1565 res,
1258 1513 1354 1554 unam
1365 1498 1398 1553 in
1413 1498 1486 1568 imo,
1497 1498 1624 1555 alteram
1634 1499 1666 1555 in
1682 1513 1762 1555 sum·

49 1584 212 1659 sapientia,
228 1587 258 1638 et
274 1599 335 1638 non
368 1579 660 1653 potestaliquisaut
680 1594 749 1635 cum
763 1580 878 1636 virtute
932 1599 993 1655 mo,
1009 1585 1133 1641 tertiam
1147 1585 1181 1641 in
1196 1586 1306 1643 medio.
1321 1586 1357 1642 In
1367 1587 1429 1644 imo
1443 1586 1762 1661 ponamusmundum‚

49 1675 186 1742 deiicere,
195 1675 250 1727 aut
260 1687 328 1727 cum
344 1669 496 1742 sapientia
505 1668 656 1740 ignorare,
664 1668 798 1724 mamma
808 1684 878 1725 cum
892 1676 918 1732 Β
931 1673 964 1729 in
979 1688 1098 1730 summo
1113 1673 1223 1744 Deum,
1239 1678 1270 1731 et
1283 1675 1316 1731 in
1329 1675 1429 1732 medio
1444 1674 1626 1732 collocemus
1653 1675 1761 1733 buma-

50 1764 131 1820 idem
144 1763 209 1835 ipse
224 1761 275 1830 sit,
300 1775 354 1832 qur
381 1763 410 1814 et
435 1758 524 1814 nobis
543 1757 743 1829 operantibus
763 1757 882 1814 bonum
935 1776 1011 1818 num
1026 1761 1176 1818 animum.
1190 1761 1308 1819 Deinde
1322 1764 1550 1820 consideremus
1564 1762 1706 1821 deorsum
1728 1763 1762 1818 in

52 1853 277 1926 cooperatur,et
291 1864 353 1904 non
368 1847 567 1921 operantibus
583 1847 617 1901 ut
630 1846 762 1902 velimus
777 1849 807 1902 et
816 1862 884 1919 pos·
934 1849 1052 1907 mundo
1066 1850 1127 1907 isto
1136 1852 1465 1923 magnamquamdam,
1475 1856 1505 1909 et
1519 1852 1697 1909 horribilem
1703 1865 1764 1908 om·

53 1942 151 1997 simus
164 1939 281 1995 bonum
296 1937 426 2010 operari,
446 1935 586 2007 largitur.
604 1935 661 1991 Dei
676 1935 790 2008 quippe
803 1950 880 2008 opus
935 1940 1022 1997 nium
1034 1956 1137 1996 rerum
1152 1940 1407 2009 confusionem,et
1420 1940 1540 1996 intitam
1555 1941 1762 1997 humanarum

52 2030 85 2086 in
101 2027 191 2084 nobis
205 2025 365 2082 nobiscum
381 2027 437 2094 est,
451 2028 481 2080 et
496 2027 637 2080 nostrum
650 2039 728 2096 opus
742 2023 775 2079 in
791 2023 881 2079 nobis
936 2030 1086 2085 mentium
1118 2028 1347 2086 distractionem
1358 2044 1367 2098 ;
1397 2044 1521 2085 sursum
1548 2033 1651 2086 autem
1680 2027 1764 2101 apud

54 2118 168 2190 abipso
178 2119 233 2172 est.
246 2115 321 2187 Ejus
331 2129 408 2187 opus
423 2114 456 2169 in
471 2112 735 2169 nobisnobiscum
751 2116 808 2182 est,
826 2127 884 2168 nos
935 2120 1035 2175 Deum
1053 2121 1232 2190 perpetuam
1260 2121 1290 2172 εῖ
1312 2116 1526 2174 inconcussam
1549 2117 1761 2176 stabilitatem.

54 2204 618 2278 trumadjutorium,etnostrumopus
631 2199 884 2273 innobiaabipso
936 2208 1009 2263 Post
1028 2204 1094 2262 haec
1113 2205 1319 2276 imaginemur
1345 2206 1434 2278 qnasi
1455 2206 1627 2263 humanum
1649 2205 1686 2262 de
1705 2199 1767 2262 hoc

54 2298 112 2365 est,
126 2295 158 2350 et
170 2293 269 2366 ipsius
278 2290 402 2346 donum.
415 2290 473 2346 His
488 2289 577 2348 dictis
590 2288 630 2345 ad
644 2304 762 2361 eaquae
775 2303 882 2361 prope
936 2293 1052 2351 mundo
1067 2309 1190 2349 sursum
1205 2292 1245 2349 ad
1258 2292 1358 2351 mum
1377 2292 1602 2364 ascendentem,
1625 2297 1654 2351 et
1665 2295 1699 2352 in
1716 2309 1761 2351 as·

54 2381 358 2450 suimusveniamus,
372 2379 462 2435 idest
479 2381 515 2434 ut
533 2381 697 2451 postquam
723 2377 884 2448 agnoveris
937 2380 1093 2440 candendo
1107 2381 1207 2453 magis
1220 2396 1340 2454 semper
1354 2396 1390 2438 ac
1410 2382 1509 2453 magis
1528 2383 1561 2438 in
1576 2397 1674 2440 unum
1699 2398 1766 2441 sese

54 2472 121 2543 ubi,
137 2476 167 2528 et
180 2469 271 2540 unde,
288 2473 320 2525 et
336 2484 405 2525 cum
431 2484 492 2540 quo
515 2467 635 2540 operari
657 2466 778 2536 debeas,
801 2481 884 2523 nunc
937 2470 1140 2541 colligentem,
1156 2473 1187 2525 et
1198 2473 1272 2526 tunc
1284 2469 1465 2544 spiritaliter
1481 2471 1585 2529 videre
1598 2473 1768 2545 poterimus

56 2561 190 2634 qualiter
201 2559 334 2634 opereris
346 2573 506 2629 agnoscas.
520 2556 556 2612 In
573 2556 657 2613 omni
682 2555 884 2613 aedificatione
940 2559 1070 2615 sormam
1085 2561 1291 2629 arcaenostrae,
1308 2575 1377 2631 quae
1391 2559 1424 2615 in
1436 2559 1570 2616 imolata
1582 2561 1652 2630 fuit,
1667 2565 1771 2618 etsur·

56 2651 117 2707 tria
129 2653 202 2706 sunt
214 2649 364 2722 praecipue
379 2645 610 2715 consideranda,
626 2645 710 2716 ordo,
724 2644 885 2718 dispositio
939 2663 1008 2704 sum
1023 2647 1056 2703 in
1068 2650 1235 2718 angustum
1251 2648 1394 2717 surrexit,
1408 2663 1569 2720 quousque
1583 2649 1623 2704 ad
1646 2664 1768 2706 mensu-

57 2744 88 2797 et
98 2738 224 2796 delinita
235 2736 397 2805 dimensio,
412 2734 530 2791 habeus
540 2734 725 2808 principium
740 2736 770 2789 et
793 2732 884 2789 finem
939 2750 1006 2791 ram
1020 2735 1114 2791 unius
1129 2734 1225 2790 cubiti
1239 2734 1272 2791 in
1286 2735 1444 2791 cacumine
1456 2750 1513 2791 suo
1528 2737 1709 2808 perveniret.
1722 2737 1767 2794 Si·

57 2827 305 2885 determinatum.
322 2824 466 2897 Superest
481 2839 563 2880 nunc
576 2822 672 2894 igitur
691 2821 886 2893 inquiramus
939 2823 1053 2879 militer
1067 2823 1149 2880 enim
1164 2837 1221 2879 nos
1233 2822 1271 2879 de
1289 2822 1347 2879 hoc
1370 2823 1534 2895 profundo,
1559 2824 1595 2879 de
1617 2823 1676 2881 hac
1696 2840 1766 2881 con·

58 2915 181 2988 qualem
196 2929 260 2971 esse
283 2916 403 2987 oportet
427 2911 577 2981 ordinem,
600 2913 630 2966 et
651 2909 886 2982 dispositionem
941 2911 1020 2967 valle
1033 2909 1238 2983 lacrymarum
1247 2926 1300 2983 per
1315 2911 1455 2982 quasdam
1468 2912 1657 2969 incrementa
1674 2913 1768 2969 virtu-

60 3005 282 3076 cogitationum
296 3004 482 3070 nostrarum,
504 3003 540 3055 ut
564 3015 601 3054 en
622 2998 666 3054 eis
690 3000 886 3055 construatur
904 3023 928 3080 C
943 3005 1020 3069 tum,
1036 2999 1125 3071 quasi
1140 3013 1193 3071 per
1207 2997 1357 3070 quosdam
1372 2998 1485 3069 gradus
1500 3000 1532 3055 in
1557 3000 1644 3056 corde
1662 3005 1768 3057 nostro

61 3093 172 3150 domus
187 3091 253 3148 Dei.
268 3090 385 3147 Deinde
397 3089 490 3145 etiam
514 3086 676 3159 diligenter
697 3084 888 3142 consideran·
942 3087 1107 3160 dispositos
1137 3085 1334 3142 ascendentes
1362 3087 1512 3160 paulatim
1529 3088 1561 3160 in
1586 3104 1683 3145 unum
1707 3088 1767 3146 col·

61 3182 136 3238 dum
150 3184 208 3249 est,
224 3195 286 3252 qua
298 3178 417 3234 ratione
430 3176 540 3233 domus
553 3175 628 3245 hac,
645 3189 739 3247 quam
754 3173 792 3230 ad
805 3173 890 3230 inba-

62 3268 226 3327 bitandum
241 3268 305 3324 Deo
326 3266 524 3335 aedificamus,
548 3263 705 3320 definitam
727 3261 889 3320 dimensio-

63 3374 135 3415 nem
149 3358 280 3430 recipere
299 3356 408 3430 possit,
439 3353 594 3426 cumipse
614 3352 680 3424 eJus
699 3350 891 3407 inhabitator

63 3448 148 3504 Dens
161 3446 302 3502 infinitus
317 3446 358 3502 sit
368 3447 398 3500 et
412 3445 591 3500 immensus.
606 3440 693 3507 Quod
707 3440 841 3514 primum
848 3439 892 3495 in-

62 3534 280 3608 vestigandum
310 3531 528 3607 proposuimus
562 3530 696 3604 primum
726 3543 890 3604 prosequa-

942 3176 1241 3248 ligimur‚quousque
1255 3174 1295 3231 ad
1308 3174 1393 3232 illam
1412 3176 1582 3250 simplicem
1604 3179 1767 3249 unitatem,

943 3268 974 3321 et
984 3280 1088 3321 veram
1099 3264 1547 3338 simplicitatem,aeternamque
1557 3267 1769 3338 stabilitatem,

944 3368 1013 3425 quse
1028 3350 1111 3425 apud
1122 3352 1221 3409 mum
1236 3356 1293 3423 est,
1308 3354 1528 3426 pertingamus.
1545 3356 1643 3413 Nemo
1667 3357 1770 3414 subito

945 3442 1097 3514 perfectus
1108 3441 1153 3510 m,
1167 3441 1220 3498 sed
1236 3441 1419 3513 proficiendo
1444 3443 1575 3515 quisque
1598 3445 1637 3500 ad
1656 3445 1770 3518 periec-

945 3531 1060 3587 tionem
1075 3529 1184 3598 tendit,
1199 3529 1254 3601 qui
1268 3530 1406 3602 quandiu
1421 3531 1521 3587 adbuc
1535 3532 1639 3602 hahet,
1662 3533 1696 3588 in
1709 3548 1772 3606 quo

63 3641 145 3771 ffi-
152 3711 192 3769 11.
208 3714 252 3767 De
266 3712 381 3767 ordine
387 3715 417 3766 et
430 3709 643 3778 dispositione
649 3707 886 3776 cogitationum

101 3807 303 3868 nostrarum,
319 3814 391 3869 quoe
405 3798 511 3870 finitae
524 3810 589 3852 non
605 3799 695 3861 sunt,
711 3799 750 3849 ut
775 3808 817 3849 ea
840 3795 888 3849 eis

102 3893 317 3947 construatur
329 3891 444 3944 domus
459 3887 526 3942 Dei.
948 3884 1030 3940 enim
1044 3882 1136 3951 Deus,
1152 3881 1202 3938 cui
1217 3880 1296 3937 nihil
1310 3882 1500 3955 impossibile
1515 3888 1571 3955 est,
1587 3891 1692 3959 posset
1715 3888 1774 3943 uti·

102 3978 247 4034 Omnium
264 3992 367 4032 rerum
384 3989 530 4031 numerus
545 3975 697 4045 quantum
719 3968 759 4026 ad
782 3973 894 4026 nostrae
949 3987 1008 4044 que
1023 3970 1049 4025 si
1064 3968 1155 4026 vellet
1168 3984 1229 4038 eos,
1252 3970 1367 4042 quibus
1384 3972 1522 4028 misereri
1542 3976 1712 4048 proposuit,
1739 3974 1776 4032 de

66 4063 277 4136 intelligentiae
299 4061 499 4135 capacitatem
527 4059 659 4132 pertinet
675 4056 816 4140 infinitus
838 4058 894 4124 est,
948 4059 1118 4129 laboribus,
1133 4062 1165 4114 et
1177 4058 1333 4128 aerumnis,
1349 4063 1380 4115 et
1392 4060 1428 4116 de
1452 4062 1596 4133 periculis
1614 4065 1777 4137 praesentis

68 4154 171 4227 quiaa
184 4151 274 4208 nobis
288 4148 504 4223 comprehendi
519 4163 580 4203 nou
596 4150 705 4219 potest.
719 4144 780 4202 Ubi
793 4148 895 4201 autem
950 4150 1032 4218 vitm,
1044 4163 1112 4220 quae
1145 4147 1369 4204 tentationibus
1378 4149 1468 4220 plena
1482 4154 1538 4219 est,
1550 4152 1656 4208 ¹subito
1671 4157 1702 4208 et
1712 4153 1779 4208 aba

68 4257 131 4297 non
145 4243 192 4296 est
205 4239 353 4308 definitio,
370 4241 491 4294 nonest
505 4235 654 4293 certitudo
667 4252 674 4301 ;
690 4238 720 4291 et
740 4234 794 4290 nbi
808 4233 894 4290 certi·
951 4253 1010 4310 qus
1025 4236 1172 4292 dilatione
1187 4235 1226 4291 ad
1239 4240 1361 4292 mternae
1376 4237 1448 4292 vitas
1463 4238 1662 4295 stabilitatem
1677 4243 1777 4296 trans·

68 4330 143 4385 tudo
155 4344 218 4385 non
238 4332 293 4398 set,
308 4326 449 4384 contusio
462 4330 518 4395 est3
531 4325 584 4381 ubi
599 4338 671 4380 vero
684 4323 824 4380 confusio
837 4325 895 4392 est,
912 4362 941 4422 D
953 4326 1040 4395 ferre,
1056 4324 1110 4380 sed
1125 4323 1192 4380 vult
1207 4328 1242 4380 ut
1254 4323 1340 4380 electi
1355 4325 1404 4381 sui
1418 4340 1473 4398 per
1490 4326 1593 4382 varias
1605 4327 1778 4385 tribulatio·

68 4418 143 4475 ordo
158 4432 293 4474 essenon
309 4419 419 4489 potest.
437 4415 518 4471 Hinc
532 4429 603 4485 ergo
628 4412 776 4486 procedit,
805 4410 898 4484 quod,
954 4429 1019 4483 nes,
1034 4417 1064 4468 et
1076 4413 1261 4469 tentationes
1275 4413 1424 4484 plurimas
1436 4414 1588 4487 purgandi
1609 4420 1779 4486 transeant,

67 4506 143 4563 dnm
156 4502 247 4561 eorda
262 4510 368 4561 nostra
382 4503 421 4559 ad
444 4502 615 4575 appetitum
638 4506 830 4558 terrenarum
855 4515 898 4555 re·
955 4507 1074 4559 uicum
1090 4502 1270 4575 permultos
1282 4500 1401 4559 dolores
1413 4502 1452 4559 ad
1471 4518 1541 4559 eum
1557 4503 1695 4575 redeunt,
1720 4505 1781 4562 dis·

68 4611 139 4651 rum
155 4593 356 4651 immoderate
371 4593 524 4662 laxamus,
540 4591 649 4648 oborta
664 4605 738 4646 mox
759 4589 901 4646 inanium
955 4595 1027 4648 cant
1042 4606 1135 4663 quam
1149 4590 1782 4664 longeabeopeccandodiscesserint.1)um

69 4683 292 4756 cogitationum
310 4682 412 4751 turba,
425 4681 470 4736 ita
490 4681 523 4736 in
545 4679 664 4735 diversa
686 4693 774 4734 mens
797 4681 903 4734 nostra
957 4681 1037 4735 enim
1054 4679 1147 4746 viam,
1163 4693 1217 4750 per
1240 4694 1334 4750 quam
1359 4679 1476 4735 abierat
1497 4681 1660 4753 peccando,
1686 4685 1782 4756 posui·

69 4773 239 4844 rapitur,ut
253 4771 318 4844 ipse
325 4785 448 4844 quoque
455 4766 607 4825 naturalis
623 4767 817 4823 discretionis
828 4766 903 4823 ordo
957 4766 1049 4823 tendo
1062 4780 1124 4821 non
1139 4765 1293 4834 translati,
1309 4765 1362 4822 sed
1377 4767 1493 4822 reducti
1506 4773 1648 4840 pergunt,
1664 4786 1701 4827 ex
1715 4772 1785 4845 ipsa

70 4859 277 4933 perturbetur.
293 4859 373 4916 Nam
383 4856 687 4932 quiaresmuudanae
698 4869 776 4927 quas
794 4854 905 4910 inordi·
958 4853 1210 4925 diuturnatutita
1224 4853 1337 4925 dicam)
1353 4853 1473 4911 itineris
1484 4855 1667 4928 fatigatione
1675 4875 1784 4932 agnos·

71 4950 145 5004 nate
154 4943 903 5020 appetimus‚inflnitaesunt,cogitationesquoque,
958 4946 1042 5013 cunt,
1059 4940 1142 5014 quod
1151 4940 1188 4997 de
1201 4941 1371 5015 longinquo
1385 4942 1508 5000 adducti
1523 4949 1607 5004 sunt.
1622 4947 1662 5004 Et
1676 4947 1785 5006 hocto-

72 5051 152 5109 quas
166 5051 204 5092 ex
215 5036 463 5109 ipsarumrerum
478 5031 820 5089 memoriaiutrinsecus
835 5045 904 5087 con·
959 5036 1026 5088 tum
1041 5030 1086 5099 ht,
1101 5033 1137 5086 ut
1150 5030 1329 5087 hominihus
1343 5032 1444 5102 gratia
1463 5033 1520 5091 Dei
1545 5038 1784 5109 commendetur,

73 5124 216 5198 cipimus,
231 5123 326 5180 finitae
341 5139 407 5180 esse
422 5138 484 5179 non
496 5122 637 5194 possunt.
651 5119 734 5176 Nam
758 5117 834 5175 dum
852 5133 906 5191 per
929 5129 933 5138 ·
959 5123 994 5176 ut
1007 5121 1093 5175 tanto
1104 5117 1263 5174 ardentius
1277 5119 1375 5176 Deum
1388 5119 1529 5193 diligant,
1545 5123 1668 5196 quando
1682 5125 1786 5181 minus

73 5211 199 5284 singula
212 5216 367 5268 momenta
381 5211 449 5267 alias
465 5226 502 5266 ex
515 5208 585 5264 aliis
600 5207 733 5264 orientes
756 5204 905 5280 multipli·
960 5222 992 5264 εε
1006 5207 1046 5263 ab
1061 5221 1095 5263 eo
1110 5206 1202 5263 etiam
1218 5222 1287 5263 cum
1302 5207 1393 5279 longe
1407 5208 1534 5280 inerint,
1548 5210 1655 5267 vident
1668 5211 1788 5267 derelic-

73 5300 149 5356 citer
162 5299 325 5373 prodeunt,
337 5315 392 5357 nec
405 5299 466 5373 ipsi
480 5314 535 5354 nos
551 5295 809 5369 comprehendere
823 5294 904 5351 vale·
960 5298 1019 5366 tos,
1043 5295 1123 5351 siem
1149 5311 1202 5367 per
1229 5295 1411 5369 prophetam
1453 5298 1567 5354 Isaiam
1588 5300 1655 5370 ipse
1673 5299 1786 5370 promi·

72 5402 156 5458 mus,
172 5402 234 5460 quo
250 5387 366 5458 ordine,
387 5387 437 5445 vel
451 5384 603 5461 quomodo
626 5382 665 5440 ad
686 5399 738 5440 cor
764 5383 905 5455 veniunt,
962 5383 1003 5440 sit
1015 5383 1138 5441 dicens:
1160 5384 1327 5441 abducam
1341 5387 1381 5441 ab
1404 5387 1530 5442 oriente
1548 5401 1659 5442 semen
1678 5390 1786 5457 tuam,

73 5479 130 5533 aut
144 5492 163 5531 a
178 5475 267 5533 corde
279 5473 569 5533 recedunt.Proinde
585 5473 611 5530 si
626 5472 795 5541 ordinatas,
810 5475 907 5529 etsta·
962 5478 993 5529 εῖ
1008 5473 1048 5529 ab
1061 5473 1226 5529 occidente
1240 5475 1438 5545 concrepatio
1447 5475 1604 5530 tabicam
1616 5474 1787 5543 aquiloni:

74 5564 166 5634 biles,
178 5580 213 5620 ac
226 5564 348 5638 quietas
362 5565 564 5636 cogitationes
578 5560 691 5618 babere
704 5559 848 5617 volumus
867 5560 908 5618 ab
961 5564 1029 5632 Da3
1043 5566 1074 5618 εῖ
1087 5566 1221 5617 austro:
1237 5562 1593 5632 Noitprobibereutsler
1606 5562 1693 5633 tilios
1704 5579 1790 5622 meos

75 5653 135 5710 hac
149 5652 354 5709 immoderata
368 5652 565 5710 distractione
578 5649 910 5707 cordanostracohibe
963 5653 1003 5707 de
1019 5651 1206 5722 longinquo,
1223 5656 1255 5706 et
1268 5651 1359 5723 filias
1374 5664 1463 5706 meas
1480 5651 1520 5706 ab
1544 5654 1704 5709 catremts
1727 5659 1797 5706 tea·

77 5757 111 5800 re
123 5740 316 5799 studeamus.
332 5741 400 5799 Hoc
410 5744 513 5798 autem
524 5738 591 5796 tisri
610 5738 733 5815 poterit,
759 5737 787 5795 st
810 5740 909 5797 certas
963 5752 1010 5796 ras
1024 5737 1103 5812 (isa.
1116 5741 1218 5808 xsm).
1235 5736 1344 5795 Potest
1354 5737 1587 5809 unusquisque
1595 5726 1833 5792 aasumensi*

240 5835 380 5896 Person.
401 5832 563 5894 CLXXVI.
1597 5820 1648 5876 (ἃ

945 3618 1089 3692 proficere
1103 3618 1211 3689 possit,
1226 3618 1362 3673 nondum
1377 3618 1416 3674 ad
1437 3634 1590 3675 summam
1614 3621 1771 3693 perfectio·

947 3721 1017 3762 nem
1029 3705 1177 3779 pervenit.
1193 3704 1262 3773 Hic,
1278 3705 1304 3760 si
1319 3703 1472 3775 volumus,
1488 3707 1680 3764 considerare
1704 3724 1772 3782 pos·

947 3809 1055 3852 sumus
1069 3792 1194 3849 modum
1211 3793 1414 3865 reparationis
1427 3798 1548 3852 nostrae.
1572 3794 1775 3871 Omnipotens
