3742 6082
446 230 449 235 -
512 191 559 247 DE
579 191 763 251 exaestuo
782 191 915 249 ANIHAE.
936 223 970 234 -
988 194 1054 252 HD.
1069 195 1117 253 lV.=
1602 207 1673 271 litt

57 319 139 374 stant.
156 312 237 372 Servi
251 328 312 387 prae
325 314 430 371 timore
444 329 542 389 prenae
558 316 701 386 serviunt,
713 321 825 374 mer-A
845 321 901 385 tur,
919 318 1036 391 quoties
1063 319 1171 393 aliquis
1198 322 1243 378 vir
1269 322 1487 384 ecclesiasticus
1510 329 1672 403 cupiditate

57 406 69 463 ,i
79 420 136 480 pro
146 403 249 462 labore
261 405 430 461 mercedem
440 405 644 478 queruntfitii
655 423 710 480 pro
726 406 790 463 solu
845 405 982 480 vincitur,
996 407 1043 464 vel
1058 409 1175 482 quoties
1191 409 1312 467 animus
1325 413 1507 472 adulationis
1521 417 1610 476 laude
1624 436 1672 477 re-

56 511 113 553 oue
127 494 277 566 laborant,
286 508 350 550 non
364 499 397 551 ut
410 495 464 550 soti
478 495 683 552 hereditatem
696 495 791 569 possi·
844 501 1028 554 muneratur.
1045 501 1102 556 Nee
1114 499 1226 556 mirum
1242 500 1308 558 siin
1320 502 1512 582 Hierusalem,
1527 507 1624 578 idest,
1640 510 1672 567 in

75 584 130 642 sed
144 589 178 641 ut
196 599 267 640 cum
281 588 366 657 patre
378 584 442 642 sine
453 585 513 642 fine
525 585 699 644 vivantsed
715 589 744 641 et
758 585 790 640 in
845 585 975 643 Ecclesia
987 587 1034 643 vel
1049 587 1079 644 in
1092 588 1204 659 anima,
1215 589 1298 646 istud
1310 591 1408 662 agitur
1423 611 1492 652 cum
1506 598 1674 655 econtrario

57 674 120 732 lem
131 673 241 731 morali
253 673 303 730 alii
317 674 376 730 vici
387 680 514 748 possunt
526 673 721 747 assignari‚id
734 678 786 743 θεῖ,
803 705 805 708 >
844 675 874 732 in
889 678 1046 745 Damasco,
1061 677 1160 747 idest,
1176 678 1208 735 in
1232 679 1341 738 seculo
1360 681 1408 739 vel
1421 683 1598 743 insaeculari
1611 687 1675 744 ani·

57 764 253 834 sacerdotum,
270 768 299 820 et
319 764 405 821 vicus
420 770 505 823 scuta
522 765 725 822 vendentium.
742 764 789 821 Vi·
843 781 905 831 mo,
921 765 1004 822 viem
1019 770 1117 823 rectus
1131 772 1160 825 θῖ
1174 769 1284 828 domus
1307 771 1390 828 tudae
1402 773 1575 846 reperiatur.
1598 775 1675 834 Dixit

57 855 237 925 scerdotum‚
261 858 306 911 est
325 855 409 911 vicus
432 860 541 912 sancire
563 854 788 919 exhortationis,
844 856 924 912 enim
953 856 993 913 ad
1007 857 1156 915 Ananiam
1179 858 1211 914 in
1234 858 1301 916 visu
1330 861 1494 919 Dominus:
1517 864 1625 935 Surpe,
1647 870 1676 923 et

57 945 101 1003 icit
115 944 155 1000 ad
167 947 287 1019 portam
303 943 488 1017 sterquilinii,
503 946 534 1001 id
549 950 603 1015 est,
617 945 657 1001 ad
669 948 789 1019 portam
844 946 919 1002 uude
944 947 977 1002 in
992 948 1102 1017 uicum,
1117 949 1171 1020 qui
1196 957 1324 1007 vocatur
1347 953 1467 1024 Rectus,
1489 957 1518 1009 ct
1531 968 1631 1026 quere
1643 955 1676 1011 iu

57 1035 167 1093 sionis.
184 1035 265 1092 Sicut
279 1035 360 1092 enim
375 1035 466 1091 fimus
476 1036 592 1108 ejicitur
603 1051 657 1109 per
670 1039 789 1110 portam
844 1034 1027 1092 dornoluda‘
1035 1035 1164 1094 Suutunr
1176 1040 1508 1112 nominei'tursensem,
1517 1055 1583 1099 ecce
1597 1043 1676 1100 enim

57 1125 140 1197 ilinii,
156 1125 302 1182 sicetiam
317 1141 371 1198 per
386 1129 508 1199 portam
524 1125 724 1182 confessionis
739 1125 790 1197 eji-
844 1130 911 1182 orat
940 1125 1016 1198 (Act.
1031 1126 1080 1198 rx).
1112 1128 1254 1199 Ananias,
1281 1131 1383 1200 pratia
1413 1131 1552 1188 Domini:
1571 1132 1675 1202 ludas,

57 1218 118 1272 etor
141 1215 264 1289 peccati.
277 1216 333 1270 'Est
346 1215 435 1272 etiam
453 1216 538 1272 vicus
552 1223 637 1273 scuta
655 1214 789 1272 venden-
845 1215 998 1285 confessio,
1015 1215 1133 1284 Saulus,
1149 1219 1273 1275 tentatio
1288 1221 1512 1292 ,respicientin
1529 1221 1676 1278 Tharsen-

61 1304 224 1362 Suntenim
238 1304 434 1378 quidam,qui
448 1310 533 1362 scuta
546 1308 691 1373 emunt,et
705 1308 790 1362 scuta
845 1303 895 1373 sis,
923 1306 1092 1375 ceptorutio
1116 1307 1223 1377 pandit
1249 1307 1468 1383 interpretatur.
1492 1310 1537 1366 Ad
1553 1310 1677 1369 saulum

56 1397 75 1466 t,
90 1395 162 1468 quia
172 1394 204 1450 in
218 1399 395 1450 necessitate
410 1392 515 1451 iratres
530 1394 703 1451 detendunt.
717 1396 791 1451 Sunt
845 1394 975 1451 Ananias
997 1395 1131 1467 mittitur,
1156 1398 1280 1470 quando
1294 1396 1334 1455 ad
1349 1416 1430 1471 eum,
1453 1400 1505 1473 qui
1520 1404 1678 1474 peccatum

57 1525 61 1548 ,
80 1485 152 1558 qnia
168 1488 254 1541 scuta
269 1484 390 1552 iaciunt,
407 1488 435 1540 et
449 1488 533 1540 scuta
546 1485 690 1555 vendunt,
706 1484 788 1558 quia,
845 1482 1023 1553 considerat,
1035 1484 1132 1554 gratia
1142 1486 1306 1558 poenitendi
1316 1488 1464 1546 tribuitur.
1474 1489 1678 1548 tentationem

57 1573 199 1644 ngenium
228 1577 256 1630 et
288 1576 465 1646 potestatem
486 1573 615 1645 juvandi
640 1574 716 1631 alios
737 1575 791 1630 ha·
845 1573 1015 1630 considerat
1029 1578 1057 1630 et
1071 1574 1201 1647 respicit,
1217 1576 1269 1650 qui
1285 1581 1404 1652 tempus
1423 1582 1452 1636 et
1470 1579 1581 1648 locum,
1597 1581 1678 1638 dele·

57 1677 123 1722 non
140 1667 242 1719 tamen
257 1663 372 1736 absque
387 1662 516 1735 pecunia
528 1663 633 1719 iratres
648 1664 679 1719 in
691 1680 792 1720 neces·
810 1678 831 1734 fl
846 1663 1006 1719 clationem
1020 1667 1237 1720 etconsensum
1247 1666 1417 1723 tentationis
1423 1668 1638 1726 attenditlaHs
1646 1670 1679 1726 iu

57 1740 171 1824 juvant.
196 1755 294 1823 Scuta,
308 1757 377 1809 sunt
398 1751 581 1810 detensionis
595 1754 696 1812 verba.
719 1757 791 1812 Scu-
845 1753 937 1809 domo
954 1754 1040 1809 Judae
1054 1753 1208 1825 quaeritur,
1233 1755 1430 1828 etinveuitur,
1454 1756 1507 1830 qui
1530 1756 1561 1813 in
1585 1757 1678 1815 dome

57 1856 130 1898 rann
144 1846 232 1909 tenet,
253 1842 305 1915 qui
320 1843 403 1916 quod
424 1859 475 1899 ore
490 1843 632 1917 loquitur,
649 1845 791 1918 operibus
845 1842 1052 1914 confessionis,
1064 1843 1163 1900 adhuc
1180 1859 1307 1901 manens
1319 1845 1350 1902 in
1367 1845 1676 1918 saecul0,demoratur.

57 1936 70 1989 t.
85 1933 208 1989 Scutum
223 1936 327 1989 contra
342 1934 444 1995 hostes
458 1933 562 2004 elevat,
579 1934 674 2008 quiin
689 1934 792 1991 defen·
846 1934 966 1991 Ponitur
980 1936 1082 1990 autem
1110 1933 1174 1991 hcec
1199 1933 1353 1991 demusin
1378 1935 1455 2007 mco,
1481 1936 1535 2009 qui
1553 1941 1679 1994 vocatur

69 2038 239 2096 pauperum
267 2022 414 2079 auxilium
444 2040 499 2097 pro
525 2023 637 2080 viribus
659 2028 791 2098 praestat.
846 2027 963 2080 Rectus.
993 2024 1049 2090 Qui
1064 2020 1145 2079 enim
1173 2022 1204 2079 in
1223 2023 1315 2081 domo
1343 2024 1538 2082 confessionis
1564 2031 1676 2097 manet,

66 2117 215 2186 martyres
232 2118 378 2180 emerunt,
401 2114 474 2187 quia
494 2129 549 2187 pro
564 2113 737 2171 defensione
749 2114 792 2170 di·
846 2113 952 2186 procul
971 2113 1065 2171 dubio
1078 2117 1191 2170 metam
1207 2119 1286 2171 reete
1309 2113 1432 2171 vivendi
1447 2119 1536 2172 tenet.
1552 2115 1609 2173 Sed
1624 2115 1678 2189 qui

57 2202 120 2272 egis
138 2218 266 2275 corpora
290 2219 345 2259 sna
359 2203 399 2259 nd
424 2203 571 2278 supplicia
596 2203 790 2261 tradiderunt.
847 2204 1019 2281 Tharsensis
1031 2207 1076 2260 est
1089 2203 1188 2260 virum
1212 2204 1362 2261 coelestem
1374 2204 1405 2261 in
1420 2204 1504 2262 terris
1516 2205 1632 2278 tolerat,
1646 2209 1679 2266 ut

61 2291 152 2348 ludas
174 2290 363 2349 Haehabreus
385 2298 414 2349 et
437 2293 542 2350 iratres
568 2294 633 2366 ejus
657 2296 794 2350 emerunt
847 2293 1042 2367 postmodum
1056 2292 1184 2351 ecelesiis
1200 2293 1302 2364 gaudii
1317 2293 1486 2367 explorator
1500 2294 1561 2354 fiat.

57 2380 86 2437 lo
99 2381 307 2455 possessiones
323 2398 393 2439 suas
404 2398 459 2455 pro
479 2382 652 2440 defensione
667 2382 793 2440 fratrum
991 2386 1066 2441 CAP.
1082 2385 1148 2440 xiv.
1159 2386 1203 2440 De
1210 2385 1322 2453 plateis
1332 2384 1532 2442 Hierusalem.

57 2469 195 2527 rulandus
208 2470 347 2527 hostibus
359 2470 553 2544 reliquerunt.
580 2474 723 2528 Emerunt
739 2488 793 2527 eu·
884 2475 915 2529 ln
938 2472 1121 2530 Hierusalem
1134 2472 1240 2547 platere
1262 2472 1403 2530 dicuntur
1430 2489 1505 2532 esse.
1529 2472 1679 2548 Uudeper

57 2559 204 2617 lachabrei
225 2565 310 2617 scuta
325 2576 426 2617 aurea.
454 2565 485 2617 ln
499 2560 624 2617 historia
644 2559 793 2634 siquidem
847 2562 1005 2620 tenemium
1027 2562 1144 2634 dicitur,
1169 2579 1239 2619 eum
1268 2563 1299 2619 in
1322 2562 1588 2621 lamentationibus
1616 2563 1680 2621 suis

57 2648 263 2706 rHachabeeos
277 2649 419 2707 habuisse
433 2649 555 2723 clypeos
569 2651 793 2721 aureosResul-
848 2653 885 2709 de
900 2652 1014 2710 civibus
1025 2650 1209 2708 Hierusalem
1223 2651 1404 2726 loqueretur:
1422 2655 1497 2710 Cum
1507 2655 1676 2728 deficerent,

57 2738 130 2811 quit,
140 2741 184 2795 sot
198 2739 230 2795 in
245 2740 364 2811 clypeos
377 2746 528 2810 uur·e0s,ct
542 2741 794 2811 resplenduerunt
848 2741 954 2814 inquit,
966 2742 1053 2813 quusi
1071 2742 1225 2798 eretuerctt
1237 2742 1270 2796 in
1281 2742 1393 2811 pluteis
1408 2743 1538 2799 civitatis
1552 2741 1675 2813 (Three.

57 2843 75 2884 rs
86 2828 123 2886 ab
139 2829 179 2884 cis
193 2829 223 2900 (I
232 2828 310 2886 Mac.
325 2831 374 2902 vr).
390 2832 464 2887 Sunt
477 2834 578 2887 autem
589 2829 685 2904 clypei
699 2829 792 2898 aurei,
850 2836 891 2894 nl.
904 2830 998 2887 Habet
1011 2829 1101 2901 igitur
1116 2829 1300 2886 Hierusalem
1321 2830 1401 2887 cives
1415 2830 1514 2887 bonos
1527 2835 1557 2888 et
1568 2830 1677 2906 malos,

57 2916 380 2991 adefonsionum,quee
396 2923 465 2976 sunt
480 2919 598 2993 absque
613 2919 794 2976 commistio·
849 2921 940 2978 habet
951 2920 1054 2995 paleas
1068 2924 1097 2977 et
1109 2935 1203 2977 areas.
1216 2919 1312 2977 Habet
1325 2919 1356 2976 in
1370 2921 1485 2978 horreis
1499 2937 1594 2993 grana
1606 2937 1678 2978 cum

57 3005 183 3079 speratis
197 3006 280 3063 lucri.
297 3011 329 3063 ln
342 3007 390 3064 his
417 3008 506 3080 igitur
519 3009 632 3082 clypeis
649 3009 693 3065 sol
707 3009 829 3097 sciui-c
848 3010 952 3084 paleis.
973 3011 1004 3066 ln
1019 3009 1124 3084 plateis
1154 3009 1337 3066 Hierusalem
1361 3009 1435 3067 boni
1450 3014 1529 3079 sunt,
1550 3011 1677 3068 sednon

57 3093 108 3151 uia
131 3093 304 3170 inpunitate
326 3096 425 3153 cordis
445 3114 499 3170 per
517 3097 690 3172 exemplum
704 3098 792 3155 bonae
848 3098 1000 3170 deliciunt,
1035 3098 1108 3172 quia
1144 3097 1327 3156 vanitatibus
1364 3098 1465 3154 saeculi
1492 3098 1584 3156 dediti
1614 3113 1677 3157 non

57 3183 140 3241 honis
150 3184 264 3256 justitia
276 3185 383 3243 clarior
405 3192 539 3260 apparet.
557 3191 590 3244 Et
602 3188 792 3261 resplendue-
848 3188 1058 3246 succumbunt.
1081 3188 1145 3246 Hali
1168 3204 1238 3245 vero
1263 3188 1294 3245 in
1317 3187 1424 3262 plateis
1447 3186 1572 3246 civitatis
1596 3193 1676 3263 sunt,

57 3279 161 3332 nonies
175 3274 214 3332 ab
237 3275 288 3332 eis.
306 3279 417 3334 Hontes
435 3284 506 3334 sunt
526 3277 664 3336 Homines
682 3278 743 3335 vita
765 3282 793 3336 et
847 3283 875 3336 ei
901 3278 1052 3348 deficiunt,
1069 3278 1142 3352 quia
1160 3277 1229 3349 vagi
1254 3282 1283 3334 et
1300 3277 1454 3335 instabHes
1473 3278 1678 3353 voluptatibus

57 3379 96 3421 us
120 3364 316 3423 sublimesh
339 3366 452 3441 clypeis
466 3383 537 3440 ergo
560 3369 658 3425 aureis
675 3372 792 3426 montes
847 3368 945 3426 carnis
967 3383 1029 3425 non
1054 3366 1206 3425 resistunt.
1223 3366 1328 3424 Platean
1351 3371 1422 3423 sunt
1435 3367 1491 3423 vise
1509 3367 1588 3437 latae,
1609 3384 1680 3443 quar

57 3453 155 3512 lorcm
184 3455 340 3529 recipiunt,
365 3458 437 3530 quia
463 3474 532 3514 cum
564 3458 672 3533 aliquis
694 3459 792 3531 justus
846 3475 900 3532 per
914 3475 965 3516 cas
977 3457 1147 3529 gradientes
1161 3456 1277 3514 ducunt
1287 3456 1327 3514 ad
1341 3458 1559 3515 mortem.Cum
1572 3458 1680 3529 defice-

60 3550 211 3619 0peratur,
241 3545 339 3602 caeteri
367 3546 423 3603 viri
439 3547 585 3606 sublimes
613 3547 793 3622 periamam
847 3556 922 3616 rent,
942 3548 1048 3622 inquit,
1063 3549 1150 3620 quasi
1173 3549 1327 3604 vulnerati
1340 3549 1372 3603 in
1391 3548 1504 3616 plateis
1532 3548 1675 3605 ciuitates.

65 3635 216 3710 opinionis
229 3635 368 3693 clariores
390 3637 474 3694 liunt.
493 3638 548 3695 Sed
572 3643 601 3694 et
618 3639 648 3694 iu
663 3638 793 3695 exercitu
847 3643 970 3695 Peccata
985 3642 1054 3694 sunt
1067 3637 1155 3711 quasi
1164 3641 1302 3694 vulnera.
1319 3635 1679 3711 Quasivulneratiinpla·

61 3726 197 3782 Antiochi
211 3725 298 3782 multi
311 3725 438 3796 fuerant,
468 3728 520 3801 qui
543 3727 665 3801 clypeos
685 3742 792 3784 aureos
848 3730 902 3785 teis
913 3726 1120 3800 deficiunt,qui
1133 3725 1304 3782 deficientes
1312 3726 1343 3781 in
1357 3725 1439 3782 bono
1450 3741 1469 3782 a
1482 3725 1678 3784 delectatione

57 3830 67 3869 1
79 3813 242 3872 habebant.
256 3817 330 3873 Sunt
342 3819 454 3885 autem,
471 3820 546 3872 sicut
560 3817 698 3888 superius
717 3815 794 3872 dixi-
849 3815 964 3891 peccati
974 3831 1037 3872 non
1051 3814 1238 3887 resipiscunt.
1250 3813 1295 3870 Ad
1303 3814 1361 3870 hoc
1376 3814 1466 3871 etiam
1476 3814 1623 3888 pertinere
1638 3815 1680 3872 vi·

59 3903 142 3959 aurei
157 3904 263 3978 clypei,
276 3905 369 3962 verba
379 3923 447 3980 quae
462 3906 493 3962 in
509 3905 681 3963 defensione
695 3905 795 3979 proxi·
849 3909 946 3979 detur,
969 3905 1052 3980 quod
1067 3904 1097 3960 in
1125 3904 1232 3962 eodem
1257 3905 1402 3979 scriptum
1414 3904 1576 3979 reperitur:
1603 3906 1678 3963 Cum

57 3991 208 4050 nieruntur
222 3994 337 4069 absque
346 3996 553 4054 commistione
564 3995 737 4070 temporalis
749 3997 794 4053 lu·
850 3999 1017 4068 deficerent,
1047 3993 1154 4068 inquit,
1164 3997 1315 4065 paruulus
1341 4001 1369 4052 et
1394 3996 1510 4052 lactens
1523 3996 1555 4051 in
1567 3995 1679 4066 plateis

57 4082 91 4139 ed
106 4082 231 4141 istorum
246 4084 342 4159 clypei
358 4086 426 4144 ideo
444 4086 526 4145 aurei
542 4090 621 4157 sunt,
637 4085 709 4160 quia
725 4102 795 4143 cum
850 4088 953 4160 oppidi
985 4085 1079 4159 (ibici).
1112 4083 1265 4154 Parvulus,
1310 4089 1354 4142 cst
1383 4085 1512 4158 simplex
1536 4088 1565 4142 et
1596 4084 1681 4142 rudis

57 4170 109 4227 mis
119 4173 213 4230 verba
226 4173 410 4233 detensionis
419 4174 651 4252 proferunt,non
662 4192 718 4250 pro
730 4192 796 4251 pre·
849 4177 992 4252 populus.
1008 4179 1146 4248 Lactans,
1171 4179 1215 4232 est
1227 4176 1332 4231 doctor
1351 4174 1485 4231 carnalia
1499 4172 1678 4255 predicans.

57 4258 86 4317 ui
99 4276 154 4334 pro
176 4262 292 4334 justitia
321 4280 351 4319 se
366 4264 449 4339 loqui
460 4265 575 4324 dicunt.
602 4269 677 4323 Cum
692 4269 794 4323 autem
850 4269 955 4325 Plateee
979 4266 1083 4341 oppidi
1109 4269 1179 4321 sunt
1204 4264 1415 4320 delectationes
1443 4264 1535 4335 hujus
1562 4261 1678 4319 mundi.

57 4351 141 4408 stitiae
161 4352 192 4408 in
207 4353 253 4409 his
267 4353 379 4426 clypeis
394 4358 576 4431 resplendet,
602 4363 672 4416 tunc
687 4357 796 4415 veritas
813 4401 836 4457 D
851 4361 884 4413 ln
913 4354 1019 4430 plateis
1053 4353 1143 4424 igitur
1179 4351 1284 4426 oppidi
1319 4350 1464 4425 parvulus
1500 4354 1529 4407 θῖ
1565 4349 1680 4407 lactans

57 4442 136 4496 'etEt
150 4440 317 4497 sicmontes
332 4441 424 4498 abeis
436 4447 626 4518 splendorem
638 4448 795 4523 recipiunt,
852 4444 1006 4513 deficiunt,
1036 4441 1160 4517 quando
1190 4440 1305 4516 praelati
1339 4457 1409 4498 cum
1444 4438 1587 4512 subjectis
1616 4453 1681 4495 ces-

57 4533 155 4586 contra
168 4545 273 4585 eorum
288 4529 450 4588 falsitatem
468 4541 596 4605 montes,
611 4537 643 4593 id
657 4543 710 4606 est,
724 4536 798 4610 justi
853 4541 985 4595 santesa
1007 4533 1096 4592 bonis
1117 4531 1269 4607 operibus,
1301 4531 1425 4605 passim,
1450 4528 1583 4587 carnalia
1602 4544 1682 4602 qure-

57 4618 186 4676 veritatis
215 4618 354 4676 clariores
376 4619 462 4678 fiunt.
475 4626 548 4680 Nota
564 4626 655 4682 etiam
667 4627 751 4698 quod
765 4627 797 4682 in
852 4630 931 4683 runt.
944 4622 1121 4697 HuJusmodi
1135 4623 1241 4697 plateae
1254 4620 1439 4696 quandoque
1447 4619 1544 4677 lutum
1557 4617 1681 4689 habent,

57 4705 148 4764 salem
160 4707 271 4766 domus
284 4714 368 4767 scuta
391 4712 585 4772 vendentium
600 4714 796 4786 essedicitur,
853 4714 1037 4788 quandoque
1064 4713 1187 4786 pulvere
1213 4715 1241 4767 et
1274 4711 1403 4766 siccitate
1436 4711 1559 4764 scatent.
1597 4707 1683 4766 Unde

57 4793 130 4868 leui,
159 4797 244 4871 quod
270 4797 411 4869 diximus,
439 4799 551 4858 mirum
576 4802 721 4860 videatur.
752 4802 799 4858 Ait
853 4804 1028 4879 psalmista:
1051 4803 1090 4857 Et
1110 4803 1320 4870 cornminuarn,
1344 4799 1451 4872 inquit,
1471 4813 1517 4855 ees
1533 4803 1565 4854 ut
1578 4799 1684 4869 pulue-

63 4886 231 4961 Scriptura:
258 4890 442 4960 AEdificuvit
460 4886 605 4951 Matrinius
619 4894 700 4964 fitius
716 4890 799 4949 curi·
854 4909 917 4950 rem
930 4897 1001 4950 ante
1012 4891 1120 4963 furiem
1134 4890 1226 4960 uenti,
1240 4894 1273 4943 ut
1286 4889 1382 4944 tutum
1392 4888 1567 4957 platearum
1580 4887 1683 4946 ‹iclelm

57 4978 191 5049 laqueari
204 4978 324 5036 deinum
337 4980 577 5055 Nettinaeorum,
593 4987 716 5039 etscutu
731 4996 800 5038 ven·
855 5000 902 5041 cos
927 4982 1020 5056 (Psul.
1048 4978 1127 5051 xvu).
1154 4977 1261 5046 Pulvis,
1291 4981 1320 5034 ct
1346 4976 1503 5037 dissolutio
1540 4979 1684 5038 humana

57 5081 99 5122 um
127 5072 232 5124 contra
246 5074 366 5138 portum
380 5071 559 5141 jndiciclem
576 5074 619 5145 (Il
635 5072 725 5128 Esdr.
746 5071 797 5144 ιιι).
855 5069 1032 5143 tragilitatis,
1054 5072 1161 5125 ventus
1186 5065 1333 5140 superbiae
1346 5066 1478 5141 spiritus.
1503 5069 1613 5126 Ventus
1628 5081 1684 5122 suo

57 5199 58 5206 ,
82 5155 225 5226 vendunt,
253 5157 305 5232 qui
317 5175 373 5233 pro
394 5160 509 5232 justitia
530 5146 657 5219 munera
672 5161 799 5218 libenter
854 5163 969 5237 impetu
995 5157 1150 5234 pulverem
1178 5156 1324 5230 sublevat,
1360 5159 1478 5232 quoties
1502 5153 1611 5230 aliquis
1639 5151 1685 5210 vi·

57 5243 129 5304 iuni.
156 5246 213 5304 Sed
227 5246 354 5304 domum
380 5254 463 5307 scuta
481 5251 676 5309 vendentium
695 5255 799 5309 contra
854 5259 918 5311 tam
943 5248 1102 5324 cujuslibet
1128 5246 1264 5304 dissoluti
1294 5247 1394 5305 verbis
1421 5242 1596 5306 adulatoriis
1623 5242 1688 5303 lau.

56 5351 86 5391 m
97 5335 272 5408 Judicialem
287 5339 517 5413 esse‚Scriptura
531 5342 611 5400 dicit.
626 5341 693 5399 lllos
706 5341 798 5413 enim,
854 5344 916 5401 dat.
949 5344 981 5398 ln
1018 5339 1140 5414 pulvere
1166 5353 1236 5395 vero
1264 5338 1415 5395 turbinem
1451 5338 1582 5407 generat,
1610 5332 1686 5392 dum

57 5425 181 5483 letitiam
194 5427 339 5498 vendunt,
351 5429 533 5488 conscientia
547 5431 755 5505 reprehendit,
772 5434 801 5488 et
855 5431 1016 5489 dissolutas
1054 5428 1186 5487 actiones
1231 5428 1361 5502 impetus
1396 5423 1531 5482 elationis
1572 5422 1685 5481 turbat.

57 5520 213 5588 opertam
237 5517 412 5589 judicialem
435 5517 544 5576 domus
566 5538 671 5578 eorum
695 5520 799 5594 positis
857 5525 891 5579 Ut
917 5521 1070 5595 pulvereni
1098 5534 1168 5590 ergo
1193 5517 1329 5576 inimicos
1357 5530 1429 5571 suos
1450 5512 1544 5570 David
1564 5510 1688 5569 commi·

64 5618 195 5674 quorum
207 5622 292 5662 mens
318 5612 346 5664 et
359 5607 668 5667 conscientiavcritati
683 5613 801 5666 contra·
857 5610 932 5682 nuit,
945 5610 1068 5684 quando
1091 5608 1138 5664 ille
1153 5624 1248 5665 manu
1270 5603 1351 5661 tortis
1376 5603 1507 5660 actiones
1532 5615 1688 5677 perverso-

57 5693 261 5754 euocatum
275 5698 360 5757 toties
374 5698 560 5774 mysticent
572 5696 724 5761 moraliter
737 5699 799 5773 agi·
856 5716 925 5757 rum
939 5697 1100 5758 dissolutas
1122 5710 1278 5755 remanere
1297 5691 1437 5767 permitit.
1454 5692 1491 5755 Ut
1507 5693 1604 5752 tutum
1621 5689 1691 5764 plu·
