3742 6082
98 182 144 239 1ae
563 183 706 240 SUMMA
724 175 1048 244 SENTENTIARUM.
1074 219 1105 229 -
1124 187 1265 246 TRACT.
1286 189 1322 246 V.
1741 193 1795 250 lsi

91 313 145 364 tres
159 322 269 362 eorum
282 311 356 362 suut
381 306 511 363 cultores
538 309 747 365 occiderentur
761 309 830 365 iDe
849 326 911 382 quo
926 309 953 367 A
966 311 1085 368 delibus
1103 313 1283 387 plerumque
1306 315 1496 387 permittitur
1518 331 1556 372 ex
1574 316 1664 372 dictis
1683 317 1793 373 Isidori

91 395 161 452 nihil
188 395 352 452 definitum
381 395 541 451 habemus.
570 396 699 454 Videtur
711 402 814 454 tamen
829 398 912 472 qnod
966 402 1108 474 episcopi.
1125 403 1282 459 Romanus
1295 404 1448 476 pontifex:
1464 405 1532 461 Non
1546 405 1702 460 hominem
1713 406 1794 478 judi-

89 488 148 559 ejus
181 485 393 542 misericordia
413 502 481 557 quae
500 486 645 557 parvulos
670 487 709 541 ab
730 486 849 543 Herode
869 502 911 543 oe
966 495 1015 546 cat
1033 493 1086 563 qui
1110 492 1255 565 baptizat,
1276 493 1328 548 sed
1347 493 1479 566 Spiritus
1499 494 1554 549 Dei
1579 492 1795 551 subministrat

86 576 159 631 eisos
170 574 328 643 liberavit,
342 578 372 630 et
386 575 462 630 istos
478 591 540 631 non
555 575 732 648 despiceret,
746 577 772 632 si
788 575 855 632 ideo
869 591 913 632 oe
966 581 1096 651 gratiam
1109 581 1265 652 baptismi,
1278 581 1348 637 lieet
1361 598 1510 655 pagamns
1524 583 1564 638 sit
1579 584 1632 654 qui
1642 583 1792 655 baptizat.

84 663 267 733 siderentur,
279 664 354 736 quia
365 664 563 720 inChristnm
572 665 715 721 credituri
730 665 769 721 ab
783 665 845 721 illis
855 681 914 722 ere·
967 668 1011 724 De
1033 669 1082 724 hle
1106 671 1159 740 qui
1185 686 1202 724 a
1225 671 1408 727 mulieribus
1428 672 1626 744 baptizantur
1649 672 1797 745 queritur

87 753 180 810 diiuri
191 754 231 810 ab
246 753 308 810 illis
320 753 522 809 crederentur.
535 753 593 809 Sed
604 753 677 826 quia
690 769 750 811 non
761 754 913 811 babemus
967 762 1074 813 utrum
1086 758 1267 830 rebaptizari
1280 759 1435 815 debeant?
1448 760 1579 825 Quidam
1593 761 1701 817 dieunt
1713 760 1796 833 quod

80 842 149 898 inde
161 845 390 912 auctoritatem,
401 843 506 898 divino
519 843 635 915 judicio
652 843 873 916 relinquamus.
966 845 1175 918 rebaptizandi
1184 848 1255 915 sint,
1265 864 1319 920 pro
1339 850 1400 904 ista
1421 850 1600 905 auctoritate
1623 849 1795 905 exconcilio

81 933 153 988 Car.
177 932 245 988 VII.
275 934 319 988 De
339 933 582 1003 justificatione
610 936 803 990 adultorum
833 940 912 990 ante
965 934 1339 1008 Carthaginensiquarto:
1355 937 1792 1010 Mulierbaptizarenonprae-

287 1024 525 1090 susceptionem
540 1022 706 1092 baptismi.
967 1027 1078 1079 sumat.
1094 1023 1153 1079 Sed
1167 1040 1228 1079 non
1245 1029 1290 1079 est
1310 1027 1507 1097 presumptio
1524 1026 1605 1097 quod
1628 1027 1794 1083 necessitas

115 1111 161 1166 De
177 1109 293 1165 adultis
308 1111 361 1181 qui
377 1125 445 1165 eum
459 1109 517 1165 fide
528 1115 558 1166 et
569 1110 729 1167 dilectione
744 1111 831 1167 corde
847 1128 914 1168 eon·
966 1113 1056 1184 cogit.
1083 1113 1219 1169 Isidorus
1243 1129 1365 1185 quoque
1389 1114 1477 1169 dicii:
1498 1113 1556 1180 Qui
1572 1131 1590 1170 a
1611 1114 1794 1171 mulieribus

82 1200 151 1254 trito
173 1199 213 1254 ad
235 1198 426 1272 baptismum
450 1200 608 1269 accedunt,
632 1201 781 1272 quaeritur
806 1205 912 1258 utrum
967 1202 1174 1275 baptizantur,
1190 1202 1400 1275 rebaptizandi
1414 1219 1475 1257 non
1493 1207 1574 1258 sunt.
1587 1203 1631 1258 De
1643 1203 1704 1258 illis
1719 1218 1791 1275 quo-

82 1292 150 1343 ante
172 1289 365 1360 baptismum
381 1290 542 1361 justificati
564 1288 660 1345 sunt?
681 1290 768 1356 Quod
791 1291 913 1347 videtur
969 1307 1029 1364 que
1041 1292 1094 1363 qui
1108 1291 1147 1346 ab
1161 1291 1312 1346 haereticis
1322 1292 1793 1364 baptizanturquaerIturntrum

81 1376 132 1434 illa
144 1377 316 1432 auctorItas
339 1376 434 1432 velle:
450 1379 606 1433 Peccator
624 1393 818 1450 quacunque
832 1382 912 1436 bora
967 1381 1150 1453 rebaptizari
1173 1380 1312 1436 debeant.
1330 1380 1432 1436 Beda:
1456 1381 1525 1436 Sive
1542 1381 1713 1450 baeretieus,
1730 1380 1794 1435 sive

84 1468 285 1537 inperareerit
296 1468 365 1520 vita
378 1468 462 1521 uiuet
478 1467 600 1538 (Erech.
611 1468 691 1536 vlu).
702 1468 779 1523 Item
793 1486 798 1523 :
814 1470 913 1525 Corde
969 1469 1193 1539 schismaticus,
1210 1470 1273 1524 sive
1290 1470 1481 1526 facinorosus
1496 1470 1659 1542 quisquam
1675 1469 1707 1524 in
1724 1484 1792 1524 eon·

83 1558 232 1611 ereditur
248 1556 473 1622 adjustitiam
487 1554 638 1624 (Roma).
652 1556 689 1610 Et
701 1557 784 1612 alibi:
796 1560 912 1614 Jastus
966 1558 1099 1614 sessione
1114 1562 1227 1614 sanctae
1250 1559 1387 1614 Triuatis
1401 1559 1545 1630 baptizet,
1562 1574 1622 1613 non
1642 1558 1724 1613 valet
1740 1559 1793 1630 qui

85 1661 124 1700 ea
137 1645 206 1716 fide
221 1645 305 1698 civit
321 1644 422 1714 (Rom.
440 1644 473 1716 ι).
490 1644 536 1699 Ex
551 1660 695 1715 quocum
717 1645 808 1701 habet
824 1647 913 1704 fidem
930 1648 1142 1719 Bbaptizatus
1157 1651 1203 1703 est
1218 1663 1235 1701 a
1250 1647 1340 1703 bonis
1361 1647 1526 1702 Catholicis
1546 1647 1739 1719 rebaptizari,
1756 1663 1793 1702 ue

82 1740 109 1789 et
123 1733 332 1802 dilectionem,
346 1733 488 1805 spiritum
502 1733 914 1794 habetinhabitantem.Sed
967 1737 1118 1791 confessio
1143 1736 1191 1791 vel
1214 1736 1367 1791 invocatio
1390 1736 1468 1791 tanti
1496 1735 1630 1790 nammis
1653 1735 1794 1791 videatur

83 1824 231 1895 seriptum
248 1825 295 1878 est
309 1821 609 1894 inlibroSapientiae:
619 1826 763 1892 Spiritus
778 1832 912 1882 satietas
967 1824 1131 1880 annullari.
1158 1825 1352 1895 Augustinus
1378 1824 1416 1878 ad
1444 1825 1643 1896 quaestionem
1669 1825 1790 1879 Orosii:

83 1914 237 1980 displinoe
253 1913 388 1981 effugiet
401 1911 543 1980 (tietaua
559 1918 590 1966 et
614 1928 679 1967 non
695 1914 853 1968 habitabit
876 1917 912 1970 in
966 1912 1113 1979 Quamvis
1139 1928 1235 1968 unum
1261 1912 1417 1983 baptisma
1445 1914 1485 1968 sit
1514 1917 1544 1968 et
1569 1914 1791 1982 haeretieorum,

83 2015 212 2069 corpore
226 2001 358 2055 subdito
368 2001 511 2068 peccatis
526 2000 610 2071 (Sap.
630 1999 663 2069 1).
689 2001 776 2057 Unde
791 2002 913 2060 videtur
967 2015 1070 2058 eorum
1093 2001 1216 2071 scillcet,
1232 2002 1286 2073 qui
1307 2003 1339 2056 in
1355 2003 1478 2057 nomine
1503 2003 1603 2057 PatrIs
1625 2007 1654 2056 et
1677 2001 1747 2056 Filii
1762 2003 1792 2056 et

82 2089 157 2161 quod
174 2089 243 2160 jam
267 2089 308 2144 sit
327 2088 495 2143 mundatus
521 2105 538 2143 a
562 2089 703 2161 peccatis.
727 2089 784 2145 Sed
810 2092 836 2146 si
858 2108 912 2164 per
966 2089 1100 2163 SpirItus
1115 2091 1213 2145 sancti
1228 2091 1387 2163 baptizant
1410 2091 1443 2144 in
1464 2090 1607 2158 Ecclesia,
1630 2089 1790 2158 catholica,

82 2177 166 2233 tidem
181 2181 213 2233 et
227 2176 330 2232 cordis
348 2192 451 2232 veram
476 2177 690 2232 contritionem
712 2179 775 2251 jam
792 2179 911 2235 solutus
967 2182 1069 2237 tamen
1085 2180 1138 2251 qui
1159 2183 1245 2234 extre
1264 2179 1429 2234 Ecclesiam
1448 2179 1645 2251 baptizantur
1664 2192 1724 2231 non
1740 2193 1789 2231 su-

83 2271 123 2322 est
137 2283 155 2320 a
170 2267 318 2339 peccatis,
342 2265 415 2338 quid
429 2267 462 2321 in
477 2267 630 2339 baptismo
644 2268 670 2321 ei
686 2272 793 2340 postea
808 2270 909 2324 remit·
966 2271 1058 2324 munt
1075 2269 1258 2324 adsalutem
1275 2268 1475 2340 baptismum,
1492 2267 1543 2321 sed
1562 2266 1601 2321 ad
1615 2266 1789 2338 perniciem,

82 2352 176 2411 titur?
190 2355 277 2410 enim
292 2353 375 2425 quod
387 2355 419 2409 in
431 2355 585 2427 baptismo
602 2356 679 2411 nibil
692 2358 860 2412 remittitur
872 2358 909 2427 ei,
965 2358 1114 2414 habentes
1123 2358 1253 2413 formam
1266 2357 1459 2425 sacramenti,
1471 2356 1616 2411 virtutem
1629 2356 1694 2427 eJus
1705 2356 1793 2410 abne

81 2459 146 2500 cum
162 2445 254 2516 prins
269 2445 333 2498 sint
347 2445 373 2498 ei
389 2445 517 2500 remissa
529 2449 662 2517 peccata.
677 2446 726 2500 Ad
737 2445 794 2501 hoc
809 2449 912 2518 potest
966 2451 1082 2519 gantas.
1100 2446 1171 2501 Ideo
1186 2462 1237 2502 ees
1253 2446 1387 2502 Ecclesia
1402 2461 1462 2500 non
1476 2444 1655 2516 rebaptizat,
1672 2444 1745 2516 quia
1759 2444 1792 2499 ln

81 2532 137 2588 dici
150 2533 236 2606 quod
253 2533 395 2604 quamvis
407 2533 465 2588 iste
480 2533 516 2588 de
529 2550 590 2605 quo
604 2534 761 2606 loquimur
773 2535 836 2607 jam
849 2537 912 2608 jus·
966 2537 1089 2591 nomine
1100 2539 1213 2591 sanetae
1223 2534 1385 2591 TrinitatIs
1395 2533 1542 2605 baptizati
1554 2537 1636 2601 sunt,
1649 2532 1716 2604 ipsa
1728 2548 1793 2604 pro·

83 2626 131 2678 tus
146 2624 200 2692 sit,
212 2623 288 2694 quia
300 2637 360 2677 non
374 2622 466 2677 habet
476 2623 666 2680 voluntatem
679 2624 824 2696 peccandi
835 2624 911 2680 etde
965 2625 1044 2681 fecto
1060 2624 1244 2704 sacramenti
1258 2624 1366 2679 forma.
1388 2624 1582 2695 Augustinus
1602 2622 1634 2677 in
1648 2621 1727 2677 libro
1747 2621 1792 2676 De

84 2710 471 2784 praeteritisdolet,tamen
499 2711 836 2785 nondumjustifieatus
852 2717 908 2782 est,
965 2714 1023 2770 fide
1052 2713 1090 2769 ad
1118 2713 1262 2769 Petrum:
1289 2710 1321 2768 Si
1349 2713 1380 2766 in
1404 2711 1513 2766 haeresi
1535 2726 1718 2783 quacunque
1743 2709 1791 2765 vel

82 2815 148 2857 eum
173 2800 278 2856 adhue
297 2799 399 2856 debito
420 2801 535 2873 peceati
560 2805 709 2858 teneatur.
727 2802 803 2858 Cum
829 2803 910 2859 enim
966 2802 1129 2859 schismate
1140 2803 1305 2874 quisquam
1318 2801 1350 2856 in
1362 2802 1484 2855 nomIne
1500 2800 1611 2868 Patris,
1626 2802 1655 2853 et
1668 2797 1748 2867 Filii,
1760 2802 1790 2853 et

84 2888 198 2946 vulnus
211 2904 266 2961 per
290 2889 512 2944 consessionem
541 2889 640 2944 cordis
660 2890 724 2961 jam
752 2894 909 2946 ostensum
964 2890 1097 2964 Spiritus
1119 2890 1216 2946 sancti
1242 2891 1389 2962 baptismi
1412 2892 1636 2945 sacramentum
1661 2887 1787 2958 accepti,

84 2980 121 3033 sit
143 2978 274 3047 medice,
291 2981 387 3033 restat
407 2979 473 3051 ejus
492 2978 623 3051 recipere
642 2979 835 3034 medicinam.
852 2980 910 3035 Sed
928 2993 951 3048 C
965 2980 1119 3050 integrum
1130 2982 1354 3034 sacramentum
1366 2978 1480 3049 accepit
1489 2993 1498 3045 3
1515 2976 1567 3031 sed
1578 2975 1707 3031 salutem
1719 2991 1788 3047 qirae

86 3067 155 3139 quis
165 3067 285 3122 neseiat
295 3071 485 3123 sacramenta
494 3083 558 3123 esse
567 3066 803 3122 medicamenta?
812 3068 908 3123 Unde:
965 3070 1069 3124 virtus·
1079 3072 1125 3123 est
1138 3068 1322 3123 sacramenti
1336 3082 1396 3121 non
1412 3065 1548 3134 habebit,
1561 3066 1586 3119 si
1598 3067 1685 3119 extra
1693 3052 1790 3119 Eeele

85 3158 144 3216 Oui
164 3161 267 3212 sanat
289 3158 445 3211 contritos
466 3159 560 3211 eorde
583 3161 614 3210 et
643 3157 763 3225 alligat
792 3160 910 3211 eontri-
966 3157 1042 3213 siam
1053 3156 1233 3212 catholicam
1244 3157 1345 3229 ipsum
1357 3152 1788 3210 sacramentumhabuitltem

82 3247 185 3299 tiones
202 3259 315 3299 eorum
333 3245 433 3314 (Psoi.
450 3244 566 3314 cxnvr).
589 3244 651 3299 Nee
666 3244 776 3299 sufficit
793 3245 910 3300 medico
963 3247 1158 3317 Augustinus
1174 3261 1265 3317 super
1278 3244 1444 3299 Joannem:
1463 3243 1640 3314 Baptismus
1655 3241 1726 3296 talis
1742 3244 1789 3296 est

80 3333 195 3388 vulnus
211 3333 358 3402 confiteri,
377 3333 402 3387 si
418 3333 625 3388 contemnitur
635 3334 700 3405 ejus
713 3333 912 3390 medicamen.
964 3335 1065 3407 qaiaIIs
1079 3338 1125 3390 est
1135 3333 1185 3390 ille
1198 3334 1230 3388 ln
1241 3334 1329 3404 euius
1339 3334 1490 3405 potestate
1501 3331 1601 3399 datur,
1615 3345 1675 3385 aon
1688 3328 1788 3401 qualis

80 3418 154 3474 turn.
174 3420 284 3490 ltaque
297 3423 418 3475 constat
433 3419 514 3490 quod
525 3420 722 3491 propeccatis
733 3421 797 3475 suis
809 3421 910 3476 adhue
964 3427 1010 3479 est
1023 3439 1076 3495 per
1091 3423 1178 3494 eujus
1192 3421 1394 3476 ministerium
1412 3421 1511 3474 datur.
1531 3418 1631 3473 Idem:
1649 3417 1789 3473 Potestas

81 3507 168 3564 debet
183 3508 368 3564 medicinam
385 3509 567 3564 sacramenti
587 3509 748 3580 suscipere.
765 3510 909 3566 Nondum
963 3510 1108 3584 baptismi
1135 3512 1167 3565 in
1197 3508 1315 3565 nullum
1341 3509 1452 3563 transit
1466 3523 1475 3576 ;
1504 3507 1556 3562 sed
1582 3506 1788 3562 ministerium

80 3597 238 3668 igiturest
258 3613 276 3650 a
296 3598 398 3653 debito
418 3598 532 3669 peccati
556 3597 686 3667 solutus,
711 3614 804 3669 quare
824 3615 877 3654 nee
890 3615 909 3653 a
963 3601 1073 3656 trausIt
1087 3601 1120 3655 in
1130 3600 1228 3654 bonos
1239 3603 1269 3653 et
1279 3597 1385 3653 malos.
1396 3597 1465 3651 Non
1476 3595 1637 3650 exhorreat
1647 3595 1789 3650 columba

79 3690 203 3758 peceato
217 3686 308 3759 plene
325 3687 512 3759 justificatus
527 3687 614 3759 eujus
633 3686 735 3741 debito
751 3686 850 3742 adhuc
866 3692 906 3744 te·
961 3688 1166 3745 ministerium
1181 3687 1352 3754 malorum,
1371 3685 1423 3739 sed
1437 3683 1580 3755 respiciat
1596 3683 1720 3737 Domini
1734 3699 1786 3739 vo·

80 3779 170 3830 netur
199 3775 258 3831 Sed
274 3779 345 3847 post
370 3776 592 3847 susceptionem
616 3776 799 3831 sacramenti
820 3776 907 3848 plene
961 3777 1121 3832 luntatem.
1139 3775 1217 3841 Quid
1234 3776 1289 3829 tibi
1304 3773 1377 3829 facit
1390 3772 1490 3827 malus
1506 3771 1656 3840 minister,
1672 3769 1726 3824 ubi
1741 3775 1787 3826 est

79 3864 248 3921 mundatus
258 3869 322 3934 est,
339 3868 369 3920 et
383 3865 408 3919 si
420 3867 589 3919 moreretur
600 3866 673 3919 tune
684 3864 749 3919 sine
761 3863 907 3921 dllatione
960 3868 1060 3922 bonus
1075 3865 1226 3922 Dominus
1239 3862 1254 3918 i
1267 3866 1378 3934 Neque
1393 3865 1451 3932 qai
1458 3864 1605 3932 plantat,
1616 3874 1719 3928 aeque
1729 3861 1787 3927 qui

78 3952 133 4006 iret
145 3953 180 4007 in
196 3951 337 4022 gloriam.
354 3951 385 4007 Si
400 3953 566 4025 opponitur
580 3952 661 4024 qued
677 3952 795 4007 nullum
808 3968 908 4025 pecca·
961 3957 1050 4026 rigat
1071 3961 1119 4012 est
1133 3956 1264 4024 aliquid
1274 3972 1286 4021 ;
1310 3955 1365 4008 sed
1383 3954 1441 4022 qui
1463 3953 1704 4007 incrementum
1728 3950 1786 4002 dat

78 4043 141 4096 tum
169 4040 371 4112 impunitum,
401 4041 531 4096 dicimus
558 4040 640 4112 quod
666 4041 734 4113 ipsa
762 4042 905 4098 eontrttio
961 4047 1044 4100 Deus
1069 4046 1099 4116 (I
1117 4045 1184 4100 Cor.
1208 4043 1266 4115 111).
1290 4043 1321 4099 Si
1342 4042 1493 4114 superbus
1517 4040 1610 4094 fuerit
1634 4038 1785 4105 minister,

77 4129 276 4198 cordis,mors
285 4145 407 4202 quoque
415 4130 481 4201 ipsa
491 4131 583 4185 etiam
593 4130 905 4202 erubescentiaquam
961 4149 1029 4189 eum
1044 4133 1165 4188 diabolo
1180 4136 1375 4204 computatur
1384 4147 1393 4200 ;
1410 4129 1462 4186 sed
1484 4145 1546 4184 non
1559 4126 1787 4184 contaminatur

77 4219 193 4288 patitur
211 4216 285 4272 dum
308 4217 410 4273 nudus
430 4218 615 4290 baptizatur,
642 4234 703 4273 non
727 4218 906 4291 relinquunt
960 4221 1074 4277 donum
1090 4221 1215 4276 Christi.
1237 4219 1323 4285 Quod
1338 4236 1393 4291 per
1411 4218 1498 4273 illum
1513 4216 1582 4272 fluit
1601 4230 1712 4288 purum
1729 4217 1785 4281 est,

78 4311 233 4377 peceatum
244 4307 442 4379 impunitum.
455 4306 512 4362 Sed
524 4307 549 4362 si
563 4307 773 4378 aliquIsfidem
785 4307 903 4362 habens
916 4338 945 4396 D
960 4309 1042 4382 quod
1056 4324 1110 4382 per
1132 4308 1218 4364 illum
1240 4309 1351 4363 transit
1364 4306 1517 4379 liquidum
1539 4308 1593 4359 est.
1614 4303 1690 4358 Item
1705 4319 1711 4356 :
1729 4301 1787 4355 Per

78 4409 142 4450 eum
156 4395 321 4450 dilectione
335 4395 409 4451 velit
420 4396 570 4468 baptizari
585 4399 615 4450 et
630 4411 691 4450 nen
706 4399 817 4468 potest,
834 4396 904 4450 arti·
957 4397 1110 4469 lapideum
1134 4397 1269 4452 canalem
1297 4396 1409 4451 transit
1433 4408 1514 4466 aqua
1538 4392 1576 4447 ad
1599 4390 1725 4447 areolas.
1749 4388 1785 4443 Iu

79 4485 141 4539 culo
152 4485 348 4540 neressItatis
362 4485 593 4553 Interveniente,
607 4484 759 4539 eredimus
769 4500 838 4539 eum
849 4501 903 4557 per
957 4486 1057 4542 eauali
1069 4485 1188 4558 lapideo
1199 4484 1277 4540 nihil
1290 4488 1414 4556 generat
1427 4500 1434 4551 3
1451 4483 1503 4537 sed
1517 4481 1626 4536 hortus
1637 4480 1786 4552 plurimos

78 4572 261 4628 ineffabilem
284 4572 340 4629 Dei
362 4572 600 4628 miscricordiam
621 4589 639 4627 a
661 4573 805 4645 praedicto
825 4573 903 4628 solvi
957 4575 1076 4630 fructus
1105 4573 1200 4629 atIert.
1232 4574 1309 4628 Item
1334 4588 1390 4627 nos
1416 4571 1565 4626 dicimus:
1591 4569 1692 4641 justos
1720 4582 1785 4622 esse

77 4659 187 4718 debito.
203 4661 444 4728 Quandiuerum
460 4662 903 4734 potestsolvere,teneturnisi
957 4664 1076 4735 oportet
1104 4662 1182 4716 tanti
1209 4661 1328 4716 Judieis
1356 4660 1524 4715 ministros.
1556 4656 1623 4711 Sint
1651 4654 1785 4710 ministri

78 4749 175 4806 solvat
185 4767 195 4820 ;
221 4750 274 4806 sed
298 4766 366 4806 cum
378 4751 442 4821 jam
458 4765 519 4806 non
535 4753 645 4823 potest,
662 4754 691 4805 et
710 4753 813 4804 tamen
826 4749 903 4820 vult,
955 4750 1033 4821 justi
1056 4749 1082 4804 si
1099 4742 1269 4818 voluerint,
1286 4749 1313 4802 si
1334 4750 1436 4801 antem
1456 4744 1610 4800 noluerint
1630 4759 1694 4798 esse
1708 4742 1785 4815 justi

77 4855 137 4896 non
159 4840 296 4913 imputat
311 4839 338 4894 ei
353 4839 445 4894 Deus.
462 4839 530 4895 Nou
554 4839 635 4894 enim
660 4837 800 4908 alligavit
820 4837 903 4894 Deus
959 4837 1060 4910 quiin
1082 4836 1226 4892 cathedra
1243 4837 1348 4891 sedent
1362 4834 1473 4906 Moysi,
1497 4848 1637 4888 securum
1652 4847 1699 4886 me
1714 4831 1786 4887 fecii

76 4930 276 4985 sacramentis
289 4929 458 5000 potentiam
472 4943 560 4982 suam
568 4943 577 4997 3
592 4931 621 4982 et
636 4927 778 5000 quamvis
792 4941 846 4998 per
861 4943 905 4982 sa·
957 4925 1105 4997 magister
1128 4939 1215 4979 meus
1238 4923 1273 4979 de
1299 4939 1360 4996 quo
1375 4922 1449 4978 dieii
1470 4923 1536 4994 ejus
1558 4921 1707 4993 Spiritus:
1725 4921 1786 4974 Hie

75 5021 232 5073 eramenta
253 5017 384 5073 salutem
400 5016 471 5071 dare
482 5015 657 5085 decreverit,
682 5018 783 5087 petest
801 5017 903 5070 tamen
957 5019 1005 5069 est
1031 5014 1089 5082 qai
1112 5013 1258 5081 baptizat
1282 5015 1386 5082 (ioasi.
1412 5011 1444 5083 ι).
1470 5011 1567 5066 tuma
1589 5011 1786 5065 auctoritates

74 5110 102 5162 et
115 5106 169 5162 dat
181 5106 249 5161 sine
262 5106 305 5161 eis
320 5105 461 5161 salutem.
956 5099 1555 5173 praedietasindubItanterdIcimusquod
1562 5112 1710 5172 perquem
1718 5112 1787 5152 eun·

190 5193 265 5251 Cas.
282 5193 362 5250 VIII.
381 5195 442 5255 Qui
453 5197 594 5262 possunt
609 5193 785 5262 baptizare.
958 5204 1016 5261 que
1039 5189 1127 5244 detur
1140 5189 1314 5262 baptismus
1335 5189 1361 5244 si
1375 5189 1419 5244 ibi
1435 5193 1557 5245 servata
1578 5188 1676 5243 forme
1694 5184 1787 5242 mem

105 5282 199 5339 Nune
217 5282 380 5338 dicendum
403 5285 448 5337 est
468 5280 583 5352 quibus
605 5280 645 5335 sit
666 5295 842 5334 eoncessum
855 5277 904 5334 vel
958 5278 1151 5346 sacramenti,
1175 5277 1208 5332 id
1233 5278 1325 5333 estin
1346 5279 1469 5334 nomine
1494 5280 1607 5335 sanctae
1625 5272 1787 5331 Trinitatis

71 5369 193 5427 licitum
207 5371 374 5444 baptizare.
400 5369 528 5426 Constat
542 5369 697 5441 baptisma
719 5368 792 5422 solis
807 5382 901 5422 sacer·
957 5366 1089 5421 traditur
1098 5383 1105 5436 ;
1121 5382 1182 5422 non
1198 5371 1270 5422 sunt
1285 5368 1504 5440 rebaptizandi,
1519 5368 1592 5438 quia
1607 5376 1779 5420 sacramen·

72 5460 199 5516 dotibus
215 5476 281 5516 esse
296 5460 455 5528 traditum,
477 5459 602 5530 ejusque
624 5456 828 5510 ministerium
850 5470 904 5510 nee
957 5458 1023 5510 tum
1047 5456 1244 5528 baptismatis
1265 5457 1389 5525 habeut,
1416 5472 1477 5511 rem
1502 5470 1572 5508 vero
1599 5448 1784 5506 sacramenti

72 5550 111 5604 ab
138 5549 216 5621 Ipsis
236 5549 418 5604 diaconibus
436 5547 549 5619 expleri
577 5548 622 5599 est.
641 5544 758 5599 licitum
789 5544 904 5615 absque
959 5561 1021 5600 non
1036 5545 1151 5600 habent
1167 5545 1192 5601 si
1208 5546 1302 5600 errori
1318 5561 1421 5600 eorum
1442 5541 1642 5599 eonsentIum.
1662 5539 1699 5594 llt
1715 5538 1783 5596 ideo

72 5636 537 5711 presbyterovelepiseopo,uisi
549 5635 598 5691 his
609 5633 904 5707 procutabsontibus
958 5633 1081 5689 eumad
1106 5633 1270 5689 Ecclesiam
1286 5635 1415 5690 veniunt
1434 5632 1632 5686 instruuntur
1654 5628 1690 5683 de
1714 5627 1784 5697 sule,

71 5726 234 5798 languoris
248 5730 339 5798 cogat
353 5725 464 5781 ultima
478 5724 654 5793 necessitas,
670 5722 753 5796 quod
770 5722 855 5778 laicis
869 5722 902 5777 n·
960 5727 990 5778 et
1003 5738 1057 5795 per
1076 5739 1187 5779 manus
1208 5724 1434 5795 impositionem
1458 5717 1612 5790 accipiunt
1634 5717 1783 5790 Spiritum
