3742 6082
88 185 134 244 137
542 181 686 240 SUMMA
704 179 1030 240 SENTENTIARUM.
1052 210 1090 223 -
1107 179 1248 238 TRAGT.
1268 178 1319 236 VI.
1732 173 1788 235 138

86 310 178 366 adhuc
190 309 224 364 in
236 311 326 366 utero
336 308 445 364 matris
459 309 509 364 sit.
524 308 669 366 Isidorus:
682 309 741 374 Qui
752 309 785 365 in
797 313 904 365 mater·
919 306 945 361 A
958 304 1023 377 ligi,
1049 305 1128 363 sicut
1152 306 1232 362 filios
1258 304 1392 379 appellat
1419 302 1620 375 Evangelium
1646 301 1784 359 nondum

85 400 127 454 nis
147 398 246 454 uteris
268 401 352 466 sunt,
366 397 433 455 ideo
456 397 607 469 baptizari
631 414 699 454 cum
725 403 823 455 matre
845 414 906 454 non
962 400 1165 466 regeneratos.
1187 396 1263 452 Ecce
1286 395 1368 467 quod
1392 393 1586 464 Augustinus
1610 392 1786 448 duhItanter

84 491 209 560 possunt
218 504 226 556 ;
250 488 326 560 quia
338 487 392 559 qni
407 490 500 542 natus
515 487 615 542 adhuc
628 487 794 543 secundum
810 488 908 542 Adam
961 484 1100 556 loquitur
1112 484 1202 553 inde3
1228 488 1256 540 et
1272 484 1350 541 nihil
1364 484 1435 539 inde
1449 483 1567 538 asserii.
1585 482 1688 538 Potuit
1704 481 1785 537 enim

83 592 139 632 uon
154 580 213 645 est,
238 576 407 631 secundum
421 574 580 631 Christum
605 578 690 632 nasci
712 593 774 633 non
795 581 905 648 potest.
963 589 1028 629 esse
1042 578 1077 629 ut
1090 575 1129 630 ab
1142 578 1227 631 utero
1241 573 1540 648 apeccatoorigInali
1551 571 1784 639 mundarentur;

81 665 572 737 Nequcdicienimregeneratioin
583 669 768 738 compotem,
778 667 908 737 inquom
963 662 1091 717 sednon
1107 666 1152 718 est
1167 663 1203 718 de
1218 663 1318 719 hocin
1334 662 1403 717 aliis
1418 661 1524 733 regula
1539 659 1688 715 trahenda
1703 657 1785 730 quod

81 756 236 826 generatio
252 771 314 811 non
336 755 499 826 praecessit.
516 754 709 824 Augustinus
732 755 771 809 ad
792 754 907 810 Darda·
962 752 995 806 in
1010 751 1078 805 istis
1091 767 1145 822 per
1159 751 1342 806 miraculum
1355 755 1401 806 est
1415 750 1540 804 Iactum.
1558 749 1596 804 Et
1608 748 1664 802 hoc
1679 747 1783 801 verisi-

81 860 163 900 num.
192 845 257 899 Nec
266 844 386 899 renasci
396 843 561 915 quisquam
570 848 670 915 potest
681 847 847 916 antequam
860 860 909 898 na·
962 839 1067 894 mitius
1080 844 1134 894 est.
1148 839 1203 894 Vel
1215 839 1284 895 licet
1299 855 1361 895 nou
1375 840 1437 894 sint
1451 836 1593 893 mundati
1607 837 1646 891 ah
1663 839 1749 890 utero
1765 850 1783 889 a

81 933 193 989 tussit.
208 932 268 988 Sed
278 932 444 1004 opponitur
455 932 908 1004 choanneetdeJeromia,qui
962 930 1085 1000 peccato
1100 927 1262 998 originali:
1294 932 1397 983 tamen
1412 926 1602 994 sanctificati,
1620 925 1694 996 quia
1704 924 1784 995 judi·

83 1023 218 1078 abutero
227 1021 409 1077 sanctificati
419 1025 502 1077 sunt.
512 1021 639 1093 Legitur
649 1023 731 1077 enirn
742 1022 778 1077 de
789 1022 908 1078 Joanns
963 1018 1044 1073 oium
1066 1017 1316 1072 sanctificationis
1338 1017 1452 1078 scilicet
1475 1015 1557 1087 quod
1576 1013 1785 1087 praedestinati

84 1112 115 1166 in
129 1110 300 1182 Evangelio
314 1110 414 1166 Lucae.
423 1113 465 1166 Et
474 1113 596 1180 spiritu
607 1116 720 1166 sancto
731 1112 909 1180 replebitur
963 1109 1064 1161 essent
1076 1106 1108 1161 iu
1119 1105 1162 1162 eis
1174 1106 1310 1161 abutere
1321 1105 1473 1177 apparuit.
1486 1103 1568 1159 Dicit
1577 1103 1659 1158 enim
1669 1102 1786 1177 Augus·

81 1201 190 1256 adhuc
216 1215 259 1255 ecc
288 1205 381 1255 utero
406 1201 527 1254 matris
551 1215 620 1255 suoe
645 1200 730 1270 (Luc.
755 1198 788 1270 1).
812 1199 906 1256 Item:
963 1195 1090 1251 tinusin
1101 1195 1205 1250 eodem
1216 1195 1305 1251 libro:
1317 1194 1386 1249 Non
1399 1197 1446 1249 est
1458 1191 1726 1247 dictum:Gredidit
1737 1191 1783 1245 in·

80 1291 273 1345 desaltavit
284 1289 404 1359 infans
417 1291 453 1343 in
463 1294 555 1344 utero
568 1288 747 1360 (ibid.).Sed
756 1289 908 1361 quomodo
962 1282 1032 1338 fans
1046 1284 1078 1339 ln
1095 1287 1191 1354 utero,
1208 1284 1261 1339 sed
1276 1282 1451 1339 exsultavit.
1464 1282 1527 1337 Nec
1542 1281 1609 1352 ipsa
1627 1278 1785 1335 Elisabeth

79 1377 187 1450 plenus
209 1376 327 1449 Spiritu
352 1380 457 1433 sancto
479 1377 540 1431 nisi
561 1392 579 1431 a
593 1382 716 1448 peccato
740 1376 908 1433 mundatus
963 1371 1049 1427 dixit:
1066 1373 1242 1429 Exsultavit
1255 1373 1288 1427 in
1303 1372 1361 1427 tide
1371 1389 1379 1441 3
1400 1371 1452 1426 sed
1467 1369 1634 1426 exsultavit
1648 1369 1680 1424 in
1695 1383 1782 1439 gene·

79 1464 184 1522 esset?
200 1466 241 1521 Et
255 1466 300 1521 ita
320 1466 442 1521 videtur
466 1465 549 1537 quod
570 1466 656 1537 prius
670 1468 796 1521 renatus
814 1482 908 1538 quam
962 1461 1091 1520 ratione.
1102 1461 1141 1517 Et
1155 1463 1256 1533 potuit
1271 1463 1332 1517 ista
1346 1461 1527 1532 significatio
1547 1474 1611 1514 esse
1633 1458 1676 1514 rei
1691 1459 1784 1512 tantae

79 1558 190 1624 natus;
208 1559 239 1611 et
252 1555 340 1628 prius
353 1554 520 1610 secundum
535 1554 693 1610 Christum
706 1560 798 1610 natus
814 1571 907 1626 quam
963 1565 981 1604 a
994 1550 1163 1622 majoribus
1178 1549 1393 1620 cognoscendae
1403 1564 1465 1605 non
1476 1545 1632 1619 aparvulo
1643 1545 1781 1616 cognitas.
1804 1536 1809 1544 '

78 1645 248 1701 secundum
261 1644 360 1699 Adam
371 1646 556 1700 nasceretur.
566 1643 760 1714 Augustinus
771 1644 803 1699 in
813 1644 905 1700 Libro
920 1656 945 1712 Β
1028 1639 1100 1695 Cas.
1118 1639 1200 1696 XIII.
1215 1643 1259 1695 De
1273 1641 1466 1696 catechismo
1481 1643 1513 1693 et
1525 1638 1714 1693 exorcismo.

76 1734 113 1788 ad
126 1733 331 1789 Dardanum:
347 1732 490 1804 Siusque
506 1730 581 1787 adeo
595 1732 628 1787 in
643 1732 695 1788 illo
713 1747 807 1804 puero
823 1748 903 1788 acce·
996 1729 1041 1784 De
1055 1728 1117 1784 illis
1136 1745 1204 1801 quas
1219 1729 1393 1801 praecedunt
1411 1729 1600 1800 baptismum
1619 1724 1784 1781 videndum

76 1822 191 1878 leratus
206 1824 255 1877 est
267 1837 343 1877 usus
355 1820 525 1877 voluntatis
538 1825 568 1877 et
581 1822 710 1877 rationis
725 1825 760 1877 ut
771 1822 854 1876 intra
865 1823 907 1878 vi·
960 1817 1035 1889 quid
1062 1820 1220 1874 conterant
1244 1821 1279 1873 ut
1303 1819 1490 1874 exorcismus
1516 1820 1546 1872 et
1570 1815 1781 1871 catechismus.

79 1926 161 1966 secra
177 1913 321 1965 materna
337 1911 401 1982 jam
425 1915 528 1982 posset
552 1925 715 1981 agnoscere
729 1914 759 1965 ot
774 1910 903 1980 credere,
959 1906 1138 1962 Exorcizare
1151 1910 1197 1963 est
1210 1907 1362 1979 adjurare,
1374 1910 1409 1962 ut
1421 1907 1469 1962 eni
1482 1906 1521 1960 ab
1534 1921 1578 1974 eo,
1593 1904 1719 1976 spiritus
1731 1904 1784 1958 im-

77 1999 201 2071 quadiu
212 1997 283 2053 aliis
293 1998 430 2070 parvulis
440 2003 475 2054 ut
483 1999 604 2070 possint
614 2004 689 2054 aetas
700 2001 904 2069 exspectatun
959 1995 1083 2063 munde3
1093 1999 1122 2051 et
1132 1997 1318 2051 catechizare
1328 1999 1375 2050 cst
1383 1996 1546 2062 instruere,
1555 1997 1590 2048 ut
1598 1993 1634 2047 de
1643 1992 1783 2064 symbolo

76 2087 107 2142 in
121 2085 285 2141 miraculis
299 2090 344 2142 est
358 2087 533 2142 habendum
547 2086 658 2142 divinae
674 2086 828 2159 potentia,
843 2102 904 2142 non
959 2085 1251 2140 etaliisrudimcntIs
1261 2083 1527 2154 fidei.Symbolum
1538 2082 1649 2137 dicitur
1659 2083 1782 2152 signum

77 2177 277 2233 adhumanas
295 2175 478 2231 trahendum
493 2176 666 2248 exemplum
681 2180 809 2231 naturae.
825 2176 904 2232 Nam

79 2266 202 2337 quando
213 2265 313 2321 vquIt
322 2265 406 2320 Deus
417 2266 509 2321 etiam
517 2266 691 2337 jumentum
701 2264 837 2320 locutum
846 2269 901 2321 est.

77 2354 111 2409 In
123 2354 232 2410 eodem
246 2353 360 2410 dicitur
368 2353 430 2408 deJ
432 2354 560 2409 cremia:
577 2355 780 2424 Priusquam
795 2356 903 2410 accires

76 2446 113 2498 de
136 2445 252 2510 onina,
277 2442 485 2512 sanctificavi
509 2447 539 2497 te
564 2443 640 2513 (Jer.
658 2440 691 2512 1).
713 2442 829 2497 Tamen
850 2442 904 2497 illa

79 2530 360 2602 sanctificatioque
375 2530 520 2585 efficImur
534 2529 683 2602 templum
697 2529 765 2599 Dei,
781 2545 843 2586 non
859 2533 904 2586 cst

77 2621 135 2677 nisi
144 2623 337 2676 renatorum.
348 2620 424 2674 Nisi
437 2621 511 2688 puis
522 2624 660 2674 renatus
669 2619 776 2688 fucrit
785 2622 902 2688 denuo,

79 2725 140 2764 non
152 2713 263 2778 potest
274 2709 415 2762 introire
429 2709 464 2761 iu
475 2723 614 2777 reanum
628 2710 783 2763 caelorum
796 2707 901 2777 (loun.

77 2797 132 2868 ιιι),
147 2798 221 2853 Non
236 2797 319 2852 enim
334 2797 505 2852 renascitur
519 2797 610 2853 homo
623 2797 684 2853 nisi
699 2797 787 2870 prius
802 2813 904 2853 nasca-

78 2889 134 2942 tur.
146 2885 236 2942 Unde
249 2885 303 2941 illa
318 2885 519 2942 sanctificatio
529 2887 547 2941 J
550 2887 668 2942 eramiae
682 2890 783 2959 potest
797 2902 902 2942 secuu-

80 2975 150 3030 dum
165 2974 468 3048 praedestinationem
478 2991 540 3031 uon
552 2976 802 3032 inconvenienter
815 2975 902 3031 intel-

959 2173 1009 2228 vel
1023 2173 1154 2230 collatio:
1172 2174 1305 2244 signum,
1317 2173 1390 2244 quia
1401 2187 1437 2227 eo
1448 2171 1551 2227 fideles
1560 2171 1599 2225 ab
1609 2169 1785 2225 infidelibus

959 2262 1174 2318 discernuntur
1184 2278 1192 2331 ;
1207 2261 1338 2331 collatio,
1350 2262 1423 2332 quia
1432 2262 1465 2316 in
1475 2275 1509 2315 eo
1520 2259 1650 2332 apostoli
1662 2274 1784 2315 omnem

958 2352 1028 2407 fidei
1037 2352 1246 2423 integritatem
1257 2351 1461 2407 contulerunt.
1469 2349 1641 2406 Discessuri
1651 2349 1733 2404 enim
1743 2348 1783 2404 ab

957 2442 1088 2497 invicem
1103 2440 1287 2512 symbolum,
1300 2440 1332 2497 id
1347 2444 1393 2496 cst
1403 2440 1497 2496 totius
1509 2438 1580 2494 fidei
1587 2438 1780 2495 collationem

958 2531 1126 2586 ediderunt.
1143 2531 1207 2586 Ista
1221 2546 1290 2602 quae
1314 2529 1489 2602 praeoedunt
1507 2529 1697 2600 baptismum
1718 2543 1781 2584 non

958 2619 1119 2675 conterunt
1133 2619 1354 2674 remissionem.
1371 2617 1418 2672 Ad
1433 2616 1509 2689 quid
1518 2632 1588 2686 ergo
1597 2614 1716 2671 valent?
1729 2615 1784 2671 Mi·

958 2710 1059 2764 nuunt
1074 2707 1189 2764 diaboli
1203 2710 1397 2780 potestatem,
1414 2709 1449 2761 ut
1461 2705 1498 2761 de
1512 2705 1616 2777 aliquo
1629 2705 1721 2759 etiarn
1735 2704 1779 2759 vi·

958 2798 1066 2854 demus
1081 2797 1163 2870 quod
1188 2798 1275 2868 signo
1299 2797 1396 2853 crucis
1415 2796 1633 2868 minuspotest
1655 2795 1687 2849 in
1710 2809 1780 2849 eum

958 2887 1108 2943 diabolus.
1123 2886 1253 2951 Quidam
1277 2889 1381 2941 tamen
1397 2884 1505 2941 volunt
1527 2887 1563 2939 ut
1577 2886 1689 2939 extunc
1704 2883 1777 2938 inci·

957 2977 1024 3048 piat
1035 2974 1184 3043 remissio,
1201 2974 1282 3045 quod
1297 2989 1359 3029 non
1373 2973 1494 3029 videtur
1508 2986 1573 3027 esse
1584 2986 1701 3028 verum.

553 3308 974 3426 sulcamus
1025 3220 1314 3425 saurus,

146 3503 201 3562 DE
218 3503 500 3562 SACRAMENTIS
519 3504 871 3576 CONFIRMATIONIS,
891 3503 1173 3562 EUCHARISTIAE
1192 3506 1243 3561 ET
1261 3505 1467 3562 EXTREMAE
1487 3504 1707 3562 UNGTIONIS.

823 3755 1035 3824 CAPITULA.

82 3910 150 3966 Car.
168 3910 192 3967 1.
210 3914 255 3966 De
268 3917 476 3967 sacramento
497 3913 770 3985 confirmationis.
785 3944 819 3956 -
834 3915 907 3970 Car.
923 3914 963 3971 II.
980 3915 1024 3972 De
1039 3917 1245 3970 sacramento
1258 3915 1388 3968 attaris.
1398 3942 1431 3952 -
1446 3912 1520 3969 Cur.
1538 3912 1592 3969 III.
1610 3914 1698 3973 Quod
1709 3915 1778 3968 tria

111 3988 191 4037 sunt
206 3984 244 4035 in
257 3985 464 4038 sacramento
479 3986 650 4038 attaris—
664 3983 737 4040 Car.
756 3985 805 4040 IV.
825 3987 865 4041 De
880 3987 989 4055 forma
1003 3988 1103 4053 nujus
1115 3986 1368 4040 sacramenti-
1383 3983 1456 4040 Cer.
1471 3985 1507 4040 V.
1524 3987 1567 4040 Do
1583 4000 1693 4040 errore
1703 4001 1778 4054 quo·

112 4056 262 4107 ranetam
285 4056 374 4108 circo
400 4061 647 4110 sacramentum
663 4058 893 4113 Eucharistiae.
908 4086 946 4098 -
972 4057 1046 4112 Cur.
1063 4057 1112 4112 VI.
1131 4059 1237 4117 Quare
1260 4059 1295 4110 in
1322 4057 1450 4112 duabus
1468 4057 1530 4129 fiat
1552 4057 1724 4124 speciebus.
1746 4085 1775 4098 -

111 4124 184 4208 Car.
197 4123 265 4207 VII.
282 4125 321 4179 De
336 4127 462 4192 duplici
474 4129 669 4194 sumptione.
685 4157 722 4168 -
734 4127 806 4184 Gar.
824 4128 904 4183 VIII.
921 4130 964 4183 De
980 4130 1155 4197 apparenti
1169 4128 1344 4196 fractione.
1358 4159 1394 4168 -
1406 4127 1479 4183 Gar.
1497 4128 1550 4182 IX.
1567 4130 1650 4188 Quid
1660 4131 1775 4196 portes

113 4195 350 4279 srpnaficent.-
366 4195 439 4250 Cas.
456 4196 494 4251 X.
509 4198 553 4251 De
563 4200 812 4266 paenitentia-
825 4197 898 4255 Car.
916 4198 969 4255 XI.
985 4201 1120 4259 Osaaucto
1131 4201 1283 4254 saluatur
1298 4201 1390 4254 Itomo
1405 4214 1425 4253 a
1433 4203 1613 4267 peccato—
1624 4198 1698 4253 Cnr.
1709 4197 1777 4253 XII.

113 4267 197 4326 Quid
212 4272 259 4320 sit
269 4268 477 4335 paenitentia.
494 4296 530 4306 —
548 4267 621 4323 Car.
639 4268 724 4324 XIII.
747 4272 859 4324 Utrum
868 4275 1004 4338 peccato
1020 4272 1168 4326 redeant.
1181 4300 1217 4310 -
1229 4269 1303 4326 Gne.
1320 4270 1399 4326 XIV.
1412 4272 1455 4324 De
1469 4270 1597 4325 delubris
1617 4270 1773 4324 clavibus.

112 4334 185 4392 Cor.
201 4336 267 4391 XV.
284 4339 328 4393 De
342 4343 549 4394 sacramento
562 4341 625 4394 otei
639 4354 696 4395 seu
711 4343 878 4396 unctionis
891 4346 1055 4399 extrema.

142 4544 216 4600 Cur.
234 4544 259 4599 1.
276 4547 320 4600 De
335 4550 542 4601 sacramento
557 4548 828 4619 confirmationis.
912 4548 935 4605 G
954 4548 1084 4603 autfieri
1094 4547 1192 4603 debet.
1207 4547 1297 4615 Nam,
1305 4546 1330 4603 si
1342 4546 1430 4603 aliter
1442 4549 1663 4620 praesumptum
1674 4544 1778 4619 fuerit,

113 4631 201 4689 Nunc
218 4633 256 4688 de
271 4637 461 4690 sacramento
481 4635 721 4691 continuationis
735 4636 903 4693 videndum
957 4637 1078 4692 irritum
1100 4639 1130 4691 et
1146 4651 1277 4692 vacuum
1295 4635 1477 4705 habebitur3
1504 4650 1560 4691 nec
1584 4635 1668 4691 intra
1689 4635 1779 4693 ecole-

82 4723 133 4775 est.
149 4721 266 4778 Dicunt
289 4727 427 4779 auctores
451 4723 533 4795 quod
554 4723 612 4780 hoc
636 4729 861 4782 sacramentum
885 4741 904 4781 a
958 4727 1081 4782 siastica
1096 4725 1289 4797 reputabitur
1305 4729 1505 4782 sacramenta.

81 4811 208 4865 summis
224 4812 435 4867 sacerdotibus
459 4816 581 4868 tantum
605 4812 672 4868 dari
696 4813 793 4869 dehet.
819 4814 904 4871 Sicut
992 4813 1145 4879 Quaeritur
1165 4829 1234 4885 quae
1259 4814 1299 4869 sit
1320 4814 1450 4870 efficacia
1471 4814 1564 4885 huJus
1587 4815 1780 4885 sacramenti,

79 4895 109 4953 iu
121 4901 255 4971 ternpore
267 4901 474 4972 apostolorum
486 4901 524 4956 ab
538 4901 582 4957 cis
593 4901 783 4959 solummodo
795 4903 902 4959 datum
958 4901 1071 4958 scilicet
1090 4916 1159 4958 cum
1175 4902 1207 4957 in
1231 4901 1384 4974 baptismo
1399 4902 1487 4975 plene
1504 4903 1545 4959 sit
1569 4903 1682 4976 aliquis
1696 4919 1782 4959 mun·

78 4987 155 5056 tuit3
171 4993 203 5044 ct
217 4990 244 5044 si
259 4990 298 5044 ab
313 4990 373 5047 alio
394 4991 576 5062 traderetur,
591 4992 713 5048 Irritum
726 4993 900 5050 haberetur.
957 4990 1066 5058 datus;
1083 4990 1157 5062 quid
1171 4991 1308 5046 conferat
1323 4992 1350 5046 ei
1365 4991 1449 5047 istud
1468 4990 1719 5049 sacramentum?
1733 4992 1781 5049 Ad

78 5075 123 5131 Ex
155 5093 218 5149 quc
245 5079 326 5134 enim
351 5080 508 5152 quodlibet
542 5086 767 5139 sacramentum
795 5088 902 5139 contra
957 5078 1039 5152 quod
1053 5078 1165 5133 dicitur
1185 5077 1267 5151 quod
1281 5079 1314 5134 in
1326 5079 1481 5152 baptIsmo
1493 5080 1585 5138 datur
1596 5081 1728 5153 Spiritus
1743 5080 1781 5135 ad

75 5164 303 5223 institutionem
318 5167 498 5238 celebratur,
511 5169 633 5226 irritum
649 5170 822 5244 deputatur.
840 5172 899 5227 Eu·
955 5167 1185 5235 remissionem
1200 5167 1249 5222 hic
1264 5166 1355 5223 datur
1367 5168 1406 5224 ad
1421 5169 1523 5225 robur.
1540 5170 1702 5226 Rabanus:
1719 5169 1779 5224 No·

76 5253 181 5309 sebius
196 5270 297 5327 papa:
314 5257 427 5313 Manus
446 5258 653 5331 impositionis
677 5264 902 5316 sacramentum
956 5256 1080 5312 vissime
1104 5271 1122 5309 a
1151 5271 1270 5311 summe
1294 5257 1448 5314 sacerdote
1474 5275 1527 5331 per
1550 5259 1778 5332 impositionem

75 5357 190 5414 magna
204 5345 401 5402 veneratione
416 5346 582 5401 tenendum
597 5350 659 5402 est:
682 5347 764 5420 quod
779 5349 818 5403 ab
834 5348 902 5403 aliis
956 5360 1067 5400 manus
1077 5344 1391 5401 Paracletustraditur
1400 5346 1564 5419 baptizato,
1577 5352 1612 5402 ut
1621 5346 1782 5400 roboretur

74 5430 178 5502 perfici
201 5447 264 5487 non
288 5437 388 5504 potest
411 5434 471 5489 nisi
493 5451 512 5489 a
531 5436 660 5491 summis
682 5436 899 5491 sacerdotibus.
956 5449 1010 5506 por
1021 5433 1168 5506 Spiritum
1182 5437 1322 5489 sanetum
1336 5434 1375 5490 ad
1384 5435 1610 5507 praedicandum
1619 5433 1688 5489 aliis
1698 5434 1781 5506 qnod

74 5518 135 5575 Nec
148 5523 287 5592 ternpore
302 5520 509 5593 apostolorum
522 5523 561 5579 ab
576 5524 645 5579 aliis
660 5539 752 5594 quarn
768 5525 807 5578 ab
826 5524 902 5596 Ipsis
956 5524 1020 5594 ipse
1037 5523 1069 5578 in
1088 5523 1242 5594 baptismo
1259 5528 1305 5579 est
1319 5528 1509 5581 consecutus.
1527 5523 1592 5578 Hoc
1607 5538 1779 5581 sacramen·

75 5608 224 5681 apostolis
249 5608 440 5680 legituresse
454 5612 581 5681 factum,
597 5628 651 5668 nec
667 5613 705 5667 ah
726 5612 794 5668 aliis
809 5629 901 5686 quam
956 5600 1033 5679 tum,
1061 5611 1134 5666 dicit
1157 5612 1319 5667 ItIeIciades
1343 5629 1433 5684 papa,
1452 5611 1559 5682 majori
1582 5615 1779 5671 veneratione

73 5700 128 5773 qui
143 5714 249 5756 eorum
264 5699 366 5758 locum
382 5704 497 5773 tenent,
521 5718 659 5775 unquam
680 5703 783 5776 perfici
801 5706 903 5776 potest
957 5701 1122 5757 tenendum
1139 5704 1185 5759 est
1199 5717 1292 5773 quam
1308 5702 1410 5773 ipsum
1423 5700 1588 5773 baptisma,
1605 5703 1679 5775 quia
1690 5706 1783 5778 majo·
