3742 6082
56 162 127 246 ion
607 196 655 251 nr
674 191 856 253 cmusrno
874 194 1005 255 aaran.
1025 202 1134 260 -un
1152 206 1197 261 iv.
1696 202 1778 279 tua

46 313 220 389 inspiratur.
232 314 315 371 Unde
331 331 522 374 cumeorum
539 317 681 375 cordibus
698 321 803 376 contra
822 317 877 375 hu·
914 320 1068 389 ,fratrum
1083 334 1250 385 vestrorum
1263 330 1370 402 (Apoc.
1387 338 1425 403 vr)
1437 334 1680 397 Desiderantibus
1697 343 1764 398 ani·

46 419 174 460 menam
188 403 362 476 superbiam
370 404 664 465 animadversionem
674 406 794 464 ultionis
802 410 879 465 Deus
934 410 1054 485 mrbus,
1070 419 1245 489 requiescite
1266 419 1368 479 adhuc
1392 423 1551 496 modicum,
1578 427 1687 501 dicere,
1716 435 1765 490 eet

46 493 227 561 infunderet,
239 492 331 551 dixit:
353 495 464 566 Venite,
477 497 701 570 descendamus,
712 505 740 556 et
755 500 880 569 confun·
933 497 1009 557 inter
1023 504 1163 564 ardorem
1178 507 1316 566 desiderii
1339 527 1376 567 ex
1390 505 1458 586 ipsa
1479 517 1664 587 praescientia
1687 520 1765 577 sola-

48 584 155 640 dumus
166 584 287 654 linguas
303 599 404 641 eorum
415 584 499 658 (Gen.
515 586 566 659 xr).
583 586 693 644 Dicitur
704 587 757 657 eis,
768 587 819 662 qui
830 585 881 644 ad·
935 589 1009 648 tium
1025 595 1238 655 consolationis
1259 599 1403 673 aspirare,
1424 607 1495 661 utet
1506 604 1678 666 animarum
1703 591 1765 668 vox

47 672 171 740 haerent,
186 671 298 738 Venite,
307 675 380 746 quia
389 672 534 732 nimirum
543 677 600 733 hoc
609 677 711 750 ipsum
721 691 880 751 nunquam
935 677 972 734 sit
984 680 1043 738 hoc
1058 685 1143 757 quod
1157 692 1294 745 amantes
1308 689 1491 765 desiderant,
1508 698 1538 750 et
1553 697 1764 771 respondentis

49 760 184 818 adivina
198 761 679 837 contemplationedeerescere,in
691 766 795 825 divina
808 782 879 823 con·
935 768 986 824 Dei
1002 786 1101 829 sermo
1114 774 1231 849 sithoc,
1247 778 1332 851 quod
1347 794 1397 836 eas
1419 781 1621 840 retributionis
1648 787 1765 844 certitu·

49 851 243 925 temptatione
262 867 381 925 semper
394 869 562 912 accrescere
590 861 644 927 est,
671 862 700 914 et
722 873 880 931 nunquam
935 856 1004 915 dine
1019 861 1095 919 inter
1116 864 1266 923 desideria
1278 868 1445 926 confirmat.
1476 874 1667 946 Respondere
1691 890 1764 948 ergo

48 942 139 998 corde
152 942 303 1014 recedere,
313 944 452 1017 estquasi
462 946 703 1018 quodamstabili
712 951 881 1005 motusem·
935 947 1010 1019 ejuS,
1026 954 1059 1006 ut
1074 952 1278 1012 collectionem
1292 957 1428 1028 tfratrum
1443 965 1599 1034 exspetare
1623 963 1763 1036 debeant,

51 1048 105 1106 per
120 1031 232 1090 venire.
248 1031 364 1099 Quibus
379 1033 470 1091 etiam
485 1035 556 1093 dicit
571 1055 577 1094 :
592 1039 824 1110 Descendumus,
853 1042 881 1094 et
934 1042 979 1095 est
994 1055 1099 1099 eorum
1114 1045 1267 1103 mentibus
1287 1046 1414 1105 libenter
1440 1053 1634 1124 exspectandi
1660 1040 1764 1113 moras

46 1123 272 1193 confundamus
289 1125 410 1195 linguas
424 1141 537 1183 eorum.
554 1128 727 1186 ascendunt
742 1127 880 1201 angeliin
934 1126 1102 1202 infundere,
1127 1138 1169 1203 ut,
1198 1152 1269 1192 cum
1284 1138 1382 1195 carnis
1405 1141 1654 1200 resurrectionem
1668 1131 1763 1218 appe-

47 1228 84 1268 eo
95 1212 178 1284 quod
190 1215 359 1269 Creatorem
372 1213 578 1288 conspiciunt;
592 1215 879 1297 descenduntange·
934 1219 1010 1286 tunt,
1022 1235 1058 1276 ex
1071 1221 1308 1294 colligendorum
1329 1228 1456 1286 traham
1478 1236 1640 1301 augmento
1662 1237 1763 1304 gratu-

48 1300 70 1357 li
89 1300 120 1357 in
136 1316 171 1357 eo
184 1300 268 1374 quod
282 1306 451 1359 creaturam
466 1320 531 1360 sese
545 1304 576 1360 in
589 1304 696 1363 illicitis
717 1305 880 1377 erigentem
933 1303 1041 1365 lentur.

47 1391 186 1448 examine
200 1389 393 1448 districtionis
408 1397 559 1466 premunt.
577 1394 678 1451 Dicere
700 1394 790 1466 igitur
817 1395 878 1463 Dei,
934 1394 1123 1458 crr.xxxlx.
1141 1401 1227 1470 Quod
1235 1409 1303 1474 post
1327 1410 1574 1467 resurrectionem
1595 1411 1764 1469 tumuitus

47 1469 271 1551 descendamus,
283 1489 312 1539 et
324 1484 545 1554 confundamus
560 1485 680 1556 lincam
694 1500 806 1557 eorum,
836 1489 881 1543 est
1227 1495 1369 1566 loquatur
1382 1499 1471 1555 Dm,

46 1568 80 1626 in
93 1569 192 1644 seipso
202 1571 244 1627 eis
263 1571 322 1628 hoc
352 1572 436 1645 quod
451 1577 529 1630 recte
544 1573 642 1645 egitur
655 1575 822 1647 ostendere,
852 1578 880 1632 et
968 1577 1149 1638 Auctoritate
1163 1582 1349 1655 perhibente,
1364 1587 1499 1661 comperi
1512 1589 1641 1662 qualiter
1654 1592 1693 1649 ad
1709 1607 1763 1649 an-

48 1658 178 1733 pervim
192 1659 315 1716 interna
340 1660 464 1718 visionis
488 1678 595 1719 eorum
620 1663 773 1722 mentibus
800 1663 916 1739 exhi-g
936 1666 1239 1740 gelosetadanimas
1252 1677 1424 1731 sanctorum
1451 1677 1528 1732 Deus
1552 1679 1764 1738 consuevitlo-

48 1746 273 1820 bendajudicia
285 1749 418 1808 motibus
433 1751 556 1808 occultis
583 1751 741 1827 inspirare.
770 1753 827 1811 Sed
853 1759 882 1811 et
933 1757 996 1832 qui.
1012 1756 1117 1815 Adhuc
1128 1775 1199 1817 vero
1214 1760 1288 1817 scire
1302 1761 1440 1818 desidero
1459 1766 1614 1836 quomodo
1637 1771 1706 1841 post
1720 1784 1765 1826 re·

50 1837 149 1909 angeli
164 1838 203 1895 ad
218 1839 497 1915 Deumloquuntur,
515 1842 658 1918 sicutper
675 1846 822 1902 loannem
850 1843 881 1901 in
934 1846 1152 1904 surrectionem
1165 1849 1339 1907 hominibus
1362 1850 1447 1925 loqui
1470 1852 1588 1923 debeat,
1620 1860 1653 1912 ut
1679 1856 1764 1930 quod

50 1928 232 2003 Apocalypsi
246 1929 354 1989 dicitur
369 1949 376 1988 ε
392 1933 510 2005 Dignus
520 1939 562 1990 est
574 1935 690 2006 Agnus,
702 1935 756 2008 qui
768 1936 880 1992 accisus
933 1936 1079 2011 proposui
1090 1937 1220 1995 scribere
1233 1939 1402 1997 auctoritati
1414 1956 1478 1997 non
1497 1943 1692 2002 contradicat.
1709 1947 1766 2003 Un-

51 2024 94 2076 cst
109 2020 244 2089 accipere
255 2021 396 2079 uirtutem
412 2027 441 2080 et
455 2023 642 2082 diuinitatem
658 2024 761 2097 (Aper.
777 2024 881 2098 v).Vox
936 2027 974 2084 de
985 2027 1093 2083 heatus
1106 2027 1265 2098 Gregorius
1283 2046 1289 2085 :
1308 2030 1382 2087 Cum
1396 2029 1486 2086 nobis
1498 2037 1567 2104 post
1575 2033 1764 2091 resurrectio·

51 2107 132 2166 enim
145 2108 322 2178 angelorum
334 2109 366 2166 in
378 2109 469 2168 laude
485 2112 660 2182 conditoris,
678 2118 722 2171 est
739 2112 806 2188 ipsa
830 2113 882 2170 ad·
935 2132 1006 2173 nem
1020 2115 1194 2174 ostendetur
1206 2117 1352 2175 Dominus
1361 2134 1416 2192 per
1431 2119 1570 2193 speciem,
1586 2125 1657 2178 tunc
1672 2138 1766 2201 seme-

52 2196 173 2254 miratio
185 2197 298 2257 intime
313 2200 584 2274 contemplationis.
612 2201 752 2260 Muaeuh
774 2200 882 2259 dinae
936 2206 1049 2281 tipsum
1064 2207 1219 2279 quomodo
1231 2207 1374 2265 omnibus
1389 2210 1533 2266 creaturis
1554 2211 1654 2284 praesit
1676 2213 1765 2270 nobis

51 2287 166 2345 virtutis
181 2288 384 2363 obstupuisse,
399 2291 510 2348 dixisse
530 2296 592 2359 est;
609 2291 755 2366 quoniam
771 2292 881 2349 excita·
934 2296 1105 2354 insinuabit
1120 2315 1127 2365 ;
1143 2301 1224 2365 tunc,
1245 2297 1364 2355 detersa
1376 2303 1485 2356 nosne
1499 2299 1609 2357 mentis
1625 2301 1764 2378 caligine,

52 2381 100 2434 tus
116 2371 186 2435 cum
199 2378 366 2437 reverentia
384 2385 486 2438 motus
501 2381 610 2448 cordis,
624 2397 755 2453 magnus
771 2386 817 2440 est
842 2382 881 2439 ad
936 2384 1018 2442 clara
1037 2400 1068 2442 se
1078 2384 1194 2441 visione
1206 2385 1421 2455 manifestabit,
1445 2392 1474 2445 et
1497 2391 1568 2444 tunc
1592 2388 1767 2464 implebitur

51 2482 141 2523 aures
164 2467 411 2543 incircumscripti
436 2469 558 2544 spiritus
579 2469 793 2528 clamorvoois.
809 2472 880 2537 Dura
934 2473 1018 2548 quod
1036 2473 1068 2530 in
1079 2473 1239 2545 Evangelio
1253 2475 1364 2531 Veritas
1379 2474 1471 2532 dicit:
1491 2477 1576 2533 Venit
1591 2478 1679 2550 horn,
1695 2494 1766 2538 aum

50 2572 110 2613 vox
125 2572 156 2613 se
169 2556 256 2630 quasi
269 2573 324 2631 per
336 2556 478 2615 distincta
491 2559 585 2617 verba
599 2559 736 2633 explicat,
751 2559 825 2617 dum
849 2576 880 2616 se
928 2566 997 2634 jam
1010 2565 1113 2619 nonin
1125 2564 1293 2633 proverbiis
1308 2565 1418 2635 loquar
1431 2565 1705 2637 narrandarum
1728 2567 1766 2626 dc

52 2661 106 2719 per
119 2645 414 2704 innumerosmodos
438 2647 645 2707 admirationis
667 2648 786 2707 format.
803 2653 880 2706 Deus
933 2651 1224 2709 Putreonuuntiuoo
1235 2651 1314 2707 uobis
1330 2640 1429 2720 (dean.
1445 2653 1519 2723 xm).
1534 2653 1622 2709 Filius
1632 2655 1714 2712 enim
1726 2655 1766 2713 de

50 2734 141 2806 igitur
155 2736 270 2808 angelis
283 2734 426 2811 loquitur,
440 2736 721 2795 dumeisvoluntas
736 2739 802 2811 ejus
815 2738 880 2795 inti·
933 2744 1017 2798 Patre
1044 2739 1145 2814 palam
1175 2740 1344 2812 annuntiat,
1359 2740 1432 2814 quia
1452 2742 1586 2814 perboa,
1602 2743 1686 2816 quod
1700 2746 1768 2802 ller-

51 2842 104 2882 ma
115 2825 247 2882 videndo
262 2825 479 2884 manifestatur.
501 2826 606 2899 Angeli
617 2842 689 2884 vero
716 2826 881 2902 loquuntur
933 2831 1008 2886 bum
1021 2833 1076 2900 est,
1090 2845 1127 2886 ex
1138 2833 1247 2886 natura
1256 2829 1417 2887 divinitatis
1433 2846 1489 2886 nos
1506 2830 1642 2890 illustrat.
1663 2831 1768 2891 Palam

52 2914 190 2983 Domino,
211 2931 280 2972 cum
299 2931 353 2991 per
376 2916 445 2988 boc,
469 2917 552 2983 auod
580 2933 670 2991 super
702 2916 879 2991 semetipsos
932 2919 1034 2992 itaque
1049 2918 1086 2975 de
1097 2921 1182 2975 Patre
1198 2917 1377 2974 annuntiare
1389 2933 1419 2975 se
1434 2919 1550 2989 asserit,
1566 2936 1628 2995 qua
1640 2937 1696 2996 per
1709 2936 1768 2996 pa·

52 3004 225 3079 respiciunt,
236 3004 267 3062 in
279 3009 397 3063 motum
406 3006 613 3064 admirationis
628 3011 764 3079 surgunt.
898 3007 1073 3102 Ctefactam
1086 3012 1157 3064 tunc
1172 3006 1337 3078 maiestatis
1351 3024 1412 3064 sure
1427 3008 1569 3083 speciem,
1594 3012 1624 3068 et
1636 3026 1768 3084 momo-

53 3098 120 3153 Crr.
134 3097 267 3152 xxxvia.
277 3095 362 3164 Quod
372 3097 500 3156 Deusad
511 3102 684 3155 sanctorum
700 3097 817 3156 andans
842 3098 882 3155 to
933 3098 973 3156 do
988 3098 1052 3171 ipse
1071 3096 1205 3170 gignenti
1220 3112 1282 3154 non
1299 3097 1399 3171 impar
1414 3097 1537 3169 oriatur,
1563 3103 1592 3156 et
1609 3100 1767 3174 quomodo

406 3191 529 3260 quatur.
933 3192 1130 3261 utrorumque
1158 3185 1284 3260 Spiritus
1296 3187 1415 3261 utrique
1429 3193 1596 3246 coaemrnus
1609 3189 1765 3263 procedat,

88 3275 166 3331 Deus
181 3273 221 3331 ad
233 3279 406 3333 sanctorum
421 3275 540 3333 animan
554 3275 695 3350 loquitur,
716 3279 745 3333 et
765 3277 881 3332 sancto·
933 3277 1072 3335 ostendit.
1084 3279 1193 3350 Aperte
1205 3292 1339 3349 nemque
1351 3281 1422 3334 tune
1431 3277 1602 3336 videbimus
1611 3278 1767 3352 quomodo

51 3380 120 3421 rum
130 3364 239 3422 animae
254 3364 296 3423 ad
309 3366 404 3422 Deum
429 3365 603 3439 loquuntur.
622 3365 705 3422 Unde
720 3363 752 3422 in
765 3366 881 3437 Apoca-
933 3367 991 3424 hoc
1001 3366 1085 3440 quod
1101 3365 1225 3423 oriendo
1240 3365 1281 3422 ab
1296 3365 1354 3424 alio
1366 3370 1420 3436 est,
1434 3366 1461 3424 ei
1475 3366 1512 3424 de
1520 3383 1581 3440 quo
1589 3368 1683 3426 oritur
1694 3368 1767 3427 sub·

51 3453 403 3529 lypsitoannisdicitur:
425 3454 493 3511 Vidi
505 3454 560 3511 sub
574 3456 673 3513 altura
695 3454 752 3512 Dei
765 3454 882 3512 animas
935 3470 1138 3530 sequensnon
1160 3459 1227 3512 est:
1252 3454 1407 3528 quomodo
1431 3455 1468 3529 is,
1495 3456 1547 3529 qui
1575 3457 1768 3531 processione

51 3530 280 3615 interfectorum
289 3549 418 3616 propter
433 3544 555 3602 vudum
569 3545 643 3602 Dei:
657 3549 685 3602 et
709 3543 883 3603 curruubuut
935 3544 1120 3621 producitur,
1136 3560 1155 3602 a
1171 3544 1392 3617 proferentibus
1411 3559 1474 3600 non
1500 3545 1631 3617 praeitur.
1661 3550 1768 3619 Aperte

53 3649 123 3691 uoce
132 3649 244 3706 macno
258 3635 387 3693 duentes
401 3651 408 3690 :
424 3635 589 3708 Usquequc,
605 3636 741 3709 Domine,
756 3650 816 3693 non
832 3636 884 3704 ju·
936 3639 1008 3692 tunc
1022 3631 1194 3690 videbimus
1208 3631 1364 3706 quomodo
1372 3637 1402 3689 et
1411 3647 1508 3688 uuum
1515 3632 1704 3711 divisibiliter
1712 3633 1770 3691 aia

53 3724 147 3794 dicus,
163 3730 189 3780 et
202 3725 338 3782 uindices
352 3725 677 3796 sanguincmuostrum
704 3725 741 3782 de
766 3724 802 3780 iis
832 3723 885 3794 qui
937 3728 1017 3792 sunt,
1033 3727 1063 3779 et
1077 3720 1295 3778 indivisibiliter
1310 3721 1480 3778 triennum.
1494 3723 1665 3794 apparente
1678 3721 1769 3795 igitur

54 3813 194 3869 habitant
209 3814 240 3868 tn
255 3813 617 3887 terratetpoc.v1).Unde
645 3812 752 3871 beatus
777 3814 885 3882 Grego-
937 3812 968 3869 in
981 3810 1095 3884 judicio
1109 3808 1287 3868 retributore
1300 3824 1437 3882 operum,
1459 3809 1524 3881 iam
1550 3809 1644 3867 verba
1671 3826 1770 3890 cessa-

53 3902 117 3958 rius
126 3919 133 3957 ε
142 3923 155 3951 «
165 3901 243 3967 Quid
255 3907 300 3959 est
312 3903 430 3961 animas
442 3903 579 3961 vindictae
592 3901 766 3978 petitionem
776 3900 884 3970 dicere,
937 3899 1015 3957 bunt
1034 3898 1289 3967 exhortationum,
1316 3901 1345 3954 et
1372 3914 1429 3956 nos
1442 3898 1598 3970 augustias
1610 3898 1677 3957 vitae
1690 3916 1769 3976 pra·

58 3990 119 4049 nisi
133 3990 214 4047 diem
242 3993 366 4051 extremi
383 3993 499 4067 jndiaii,
523 3997 552 4053 et
570 3992 818 4052 resurrectionem
839 4006 887 4047 ex·
939 3989 1031 4046 sentis
1046 3986 1218 4056 eradentes,
1232 3986 1264 4044 in
1277 3986 1328 4044 illa
1341 4003 1464 4061 quoque
1480 3988 1610 4062 suseepti
1635 3992 1770 4048 contem-

56 4080 232 4138 stinetorum
248 4098 410 4158 corporum
423 4082 595 4143 desiderare
610 4082 625 4138 ‘l
639 4086 762 4155 llagnus
773 4079 887 4155 qnippe
939 4078 1071 4152 piatione
1087 4076 1280 4149 gaudiorum,
1303 4076 1369 4148 Jam
1383 4077 1554 4136 nullatenus
1566 4077 1771 4151 indigebimus

54 4170 282 4229 clamorearum
293 4169 887 4247 magnumestdesiderium.fantoenim
942 4168 1047 4226 audire
1058 4167 1152 4225 verba
1163 4167 1333 4225 doctorum.

55 4256 185 4332 quisquc
199 4260 300 4317 minus
311 4262 431 4334 ahmat,
446 4268 562 4338 quanto
576 4261 677 4320 minus
692 4259 890 4318 desideratlit
941 4257 1009 4315 Cir.
1026 4258 1080 4313 llL.
1097 4255 1207 4324 Qualia
1220 4256 1331 4325 futuro
1340 4256 1402 4311 sint
1415 4256 1549 4314 humanu
1565 4271 1692 4327 corpora
1701 4263 1773 4329 post

54 4350 138 4403 tanto
166 4346 315 4417 majorem
335 4366 443 4407 vocem
468 4351 500 4408 in
527 4367 615 4409 aures
641 4344 889 4422 incircumscripti
1227 4344 1486 4402 resurrectionem.

55 4433 178 4507 spiritus
191 4434 340 4507 exprimit,
368 4441 483 4508 quanto
506 4454 537 4494 se
562 4439 594 4495 in
621 4439 687 4511 ejus
705 4405 926 4495 desiderium⁰
980 4437 1055 4494 Cum
1066 4432 1105 4492 de
1118 4432 1263 4506 qualitate
1275 4448 1437 4507 corporum
1462 4432 1565 4507 qualia
1578 4449 1774 4508 perresurre-

54 4523 175 4597 planius
188 4522 297 4580 fundit.
313 4546 327 4575 »
339 4523 519 4582 haimarum
533 4526 622 4597 igitur
631 4526 732 4595 verba,
742 4525 811 4601 ipsa
820 4528 890 4582 sunt
942 4525 1073 4585 ctionem
1085 4521 1306 4596 sintquaeritur,
1319 4538 1383 4580 non
1396 4538 1464 4594 ego,
1475 4521 1529 4578 sed
1540 4521 1648 4579 beatus
1664 4525 1774 4595 Grego-

53 4611 214 4671 desideria.
229 4615 305 4669 Nam
328 4611 355 4669 si
382 4611 565 4670 desiderium
593 4627 773 4671 sermonen
799 4616 888 4685 esset,
942 4616 1005 4672 rius
1016 4612 1166 4672 audiatur.
1184 4634 1198 4663 «
1214 4612 1395 4687 Redemptor
1409 4615 1521 4683 noster,
1529 4610 1636 4686 inquit,
1645 4628 1777 4670 resurre-

55 4700 206 4773 Propheta
217 4716 280 4758 non
290 4700 425 4758 diceret:
447 4701 634 4759 Desiderium
659 4700 759 4758 cordis
786 4716 890 4759 eorum
945 4703 1086 4770 ctionem,
1101 4717 1196 4775 qnam
1214 4701 1246 4756 in
1268 4717 1299 4758 se
1314 4700 1454 4768 ostendit,
1474 4698 1562 4756 nobis
1581 4699 1778 4772 promisit;at

55 4788 174 4845 audiuit
188 4791 274 4846 auris
288 4794 341 4847 tua
351 4789 437 4861 (Prot
448 4790 498 4862 rx).
512 4789 569 4848 Sed
580 4788 737 4863 monsedo
749 4786 891 4845 dicuntur
943 4790 1017 4862 quia
1030 4786 1169 4844 membre
1184 4785 1232 4843 sui
1245 4791 1414 4860 sequuntur
1427 4784 1556 4856 gloriam
1568 4786 1683 4859 capitis,
1707 4804 1779 4847 eam

56 4883 168 4952 petere,
184 4895 261 4952 qaas
277 4883 305 4935 et
317 4880 503 4938 voluntatem
518 4879 569 4936 Dei
584 4882 698 4936 certum
712 4882 759 4934 ost
770 4893 807 4935 ea
822 4892 890 4951 quas
945 4879 975 4934 in
990 4877 1049 4934 tine
1063 4876 1171 4933 mundi
1186 4874 1319 4932 facturus
1331 4879 1378 4931 est
1388 4875 1419 4931 in
1433 4873 1550 4931 nobis.»
1577 4877 1635 4934 sed
1649 4894 1717 4937 acce
1731 4895 1778 4936 re·

56 4967 158 5023 futura
171 4971 241 5025 sunt
255 4984 318 5024 non
339 4968 478 5040 ignorare
492 4970 507 5025 f
523 4971 563 5025 De
584 4968 650 5044 ipso
673 4981 744 5038 ergo
771 4965 890 5031 bibunt,
945 4964 1159 5021 surrectionem
1173 4962 1418 5032 antiochenum
1425 4966 1527 5021 tamen
1538 4965 1779 5037 ejusdemresur·

56 5055 141 5128 quod
155 5056 195 5113 ab
208 5056 276 5130 ipso
292 5057 405 5115 sitiunt.
423 5057 631 5116 Discordarent
642 5057 763 5130 igitura
784 5055 891 5113 volun-
945 5052 1085 5111 rectionis
1100 5051 1236 5126 exquiro.
1253 5049 1347 5109 Credo
1360 5067 1495 5126 namque
1510 5054 1585 5126 quia
1596 5058 1780 5113 resurrectu-

58 5147 122 5211 tate.
131 5145 307 5216 conditoris,
321 5147 346 5203 si
357 5164 425 5220 qua
441 5163 512 5204 eum
523 5146 719 5215 videntvelle,
734 5161 796 5203 non
811 5148 892 5218 pete·
945 5161 998 5202 rus
1009 5159 1087 5212 sum,
1100 5141 1153 5199 sed
1171 5140 1241 5197 volo
1251 5144 1284 5197 ut
1297 5139 1391 5198 sciam
1406 5142 1514 5216 qualis.
1532 5144 1693 5201 Sciendum
1704 5142 1781 5203 mihi

58 5236 142 5301 rent;
158 5232 245 5307 eique
266 5235 368 5293 minus
394 5236 583 5307 inhererent,
599 5236 625 5294 si
643 5235 794 5294 volentem
818 5234 892 5292 dare
946 5233 1060 5308 quippe
1072 5235 1228 5288 estutrum
1241 5229 1415 5303 inquodam
1422 5232 1482 5289 alio
1491 5232 1592 5288 subtili
1601 5231 1781 5305 forsitanvel

59 5321 208 5380 desiderio
222 5324 345 5397 pigriori
359 5324 524 5399 pulsarent.
541 5325 597 5384 Sed
612 5328 731 5383 etDeus
753 5325 793 5382 ad
823 5339 892 5381 san-
947 5337 1046 5393 acreo,
1061 5336 1102 5378 an
1116 5319 1191 5377 ineo
1204 5334 1266 5393 quo
1276 5319 1399 5390 moriar,
1413 5336 1538 5393 corpore
1553 5320 1783 5391 resurgamsed

63 5413 180 5466 ctorum
199 5413 472 5488 animasloquitur,
489 5414 566 5472 sicut
575 5413 617 5471 eis
642 5413 893 5471 resurrectionem
948 5411 1017 5469 siin
1029 5425 1117 5468 aereo
1132 5423 1257 5482 corpore
1271 5408 1548 5478 resurrexero,jam
1562 5422 1633 5477 ergo
1649 5424 1781 5481 nonero,

61 5513 223 5570 corporum
237 5518 363 5560 suorum
378 5503 630 5575 desiderantibus,
645 5519 699 5576 per
712 5516 894 5576 responsum
955 5498 1009 5572 qui
1022 5512 1157 5569 resurgo.
1173 5499 1248 5553 Nam
1263 5495 1419 5569 quomodo
1433 5510 1505 5550 vera
1515 5498 1559 5551 est
1568 5497 1786 5574 resurrectio,si

26 5626 32 5631 ·.
60 5586 199 5644 <livinum
214 5588 321 5650 dicitur
335 5611 341 5649 :
356 5595 540 5667 Requiescite
561 5599 675 5663 tempus
688 5593 789 5650 adhuc
802 5591 895 5648 modi-
949 5601 1023 5644 vera
1032 5602 1095 5643 non
1111 5585 1212 5658 potuit
1230 5600 1294 5641 esse
1305 5585 1400 5642 caro?
1414 5587 1523 5657 Aperta
1533 5583 1622 5654 igitur
1634 5585 1787 5661 ratiosug·

61 5689 142 5745 cum,
157 5674 251 5732 donec
265 5683 453 5750 compleatur
467 5696 610 5740 nummus
629 5694 851 5746 conservorum,
866 5683 895 5737 et
954 5673 1030 5748 gerit
1042 5673 1163 5748 quodsi
1177 5689 1248 5732 vera
1261 5689 1331 5733 caro
1350 5687 1412 5731 non
1439 5671 1536 5746 fuerit,
1563 5675 1670 5747 procul
1691 5674 1786 5740 dublo

190 5761 317 5824 Parnoi..
338 5767 460 5829 (1111th
1618 5769 1653 5824 38
