3742 6082
530 232 977 317 33333331333333313
994 239 1123 311 rann.
1630 247 1686 328 133

57 374 117 427 331.
147 367 318 443 specialiter
344 370 415 429 dato
442 379 521 445 sunt,
537 390 605 447 quac
631 374 733 432 multis
751 390 807 432 nec
822 392 846 446 3
863 374 963 434 nicare
975 377 1068 435 vides.
1082 379 1242 438 Namsicut
1253 379 1356 440 bestiae
1369 398 1431 442 non
1443 390 1566 462 propter
1579 405 1621 459 se,
1636 394 1693 453 scd

57 459 231 517 nomnibus
246 466 369 534 propter
389 467 417 518 te
439 466 538 520 tecum
562 469 631 521 3331
652 481 806 522 concessa.
861 470 985 540 propter
1004 466 1157 526 hominem
1178 473 1285 528 creatae
1307 477 1386 542 sunt,
1406 474 1448 532 ita
1468 475 1540 534 mali
1553 479 1692 540 homines

57 548 172 605 rlariter
185 548 256 604 data
279 554 358 618 sunt,
384 567 451 623 quae
474 552 528 607 tibi
545 552 599 608 soli
628 556 697 609 sunt
725 553 805 609 data.
861 570 924 611 non
939 562 1061 630 propter
1070 574 1115 627 se,
1130 559 1184 615 sed
1195 564 1317 634 propter
1329 560 1428 620 bonos
1439 565 1553 626 3133331.
1569 569 1603 625 Et
1614 569 1693 628 sicut

76 638 175 709 igitur,
189 638 329 712 nunquid
351 639 418 697 ideo
443 642 544 697 minus
560 646 587 698 te
603 635 708 713 diligit,
736 642 808 715 quia
861 634 920 700 3113
935 658 1040 702 eorum
1058 646 1176 704 utilitati
1195 646 1348 706 bonorum
1370 649 1507 723 deservit,
1533 654 1575 712 313
1589 670 1691 731 omne,

57 727 116 785 lam
128 727 209 783 dona
223 743 278 784 sua
286 732 385 786 tecum
397 730 486 786 simul
496 731 637 787 omnibus
646 731 806 788 concessit?
861 749 923 806 quc
937 733 999 790 3113
1014 734 1134 792 illorum
1146 735 1243 807 311133,
1255 737 1382 797 dubium
1391 756 1455 799 non
1467 746 1513 800 est
1521 744 1595 817 (1313
1607 744 1693 805 addi·

57 816 115 891 [nid
140 816 303 874 feliciorem
330 823 357 875 te
379 818 507 889 lecisset,
524 820 547 876 si
569 820 622 876 11131
647 821 701 878 soli
717 836 807 878 mun·
860 820 973 879 tionem
996 823 1147 882 bonorum
1172 826 1363 886 referendum
1389 829 1435 888 sit.
1460 831 1574 891 Idcirco
1588 839 1691 895 autem

76 906 235 963 dedisset?
267 911 340 964 Ecce
365 925 428 965 non
453 915 524 966 sunt
552 911 643 967 creati
668 911 807 968 homines
861 911 933 968 mali
955 911 1141 971 interbonos
1155 915 1256 973 vivere
1269 918 1491 992 permittuntur,
1517 923 1691 982 3133313133

57 1001 198 1066 rterram,
209 1013 272 1054 non
288 1004 359 1054 sunt
373 998 556 1069 bestiae,sola
570 999 689 1058 divitias
700 999 807 1058 mundi
860 999 990 1071 illorum,
1004 1003 1156 1060 bonorum
1168 1004 1261 1063 311333
1271 1012 1416 1077 exerceat,
1427 1024 1505 1083 quos
1515 1014 1545 1067 31
1555 1010 1692 1071 1311311313

58 1087 124 1157 (133,
138 1087 191 1143 3131
201 1087 291 1158 igitur
302 1088 352 1143 illa
367 1092 452 1159 grata
465 1093 493 1146 et
506 1089 586 1146 utilis
602 1090 728 1147 societas
751 1090 806 1146 hu·
861 1107 916 1148 sua
929 1088 1094 1150 admonent
1107 1094 1227 1168 potiora
1241 1094 1301 1168 his,
1315 1100 1344 1154 et
1356 1113 1423 1171 quse
1435 1097 1508 1155 mali
1521 1102 1691 1159 communi-

57 1177 359 1234 econrersationis?
385 1178 437 1234 ubi
461 1178 577 1247 solatia,
601 1180 655 1237 ubi
679 1179 807 1237 oblecte-
860 1196 928 1237 cere
942 1195 1006 1239 non
1017 1188 1156 1256 possunt,
1166 1183 1250 1243 bona
1263 1201 1407 1260 quarere,
1424 1191 1452 1245 et
1464 1187 1620 1263 iniquitate
1634 1207 1691 1251 sue
1759 1247 1762 1254 .

56 1284 84 1341 a,
99 1267 211 1341 quibus
227 1283 308 1323 nunc
319 1267 448 1324 frueris?
461 1268 529 1326 vide
545 1269 635 1340 igitur
648 1271 720 1343 quia
733 1273 761 1326 31
774 1269 805 1326 13
860 1275 971 1340 cogunt
986 1273 1095 1329 arctius
1106 1273 1246 1331 virtutem
1261 1290 1373 1335 amare.
1387 1278 1550 1349 Postremo,
1569 1282 1603 1337 31
1616 1278 1691 1338 dum

57 1357 174 1415 nultum
193 1357 246 1415 tibi
270 1357 403 1425 contulit,
426 1358 509 1432 quod
524 1360 588 1416 haec
611 1359 651 1416 ad
669 1358 805 1415 solamen
859 1357 926 1414 illos
952 1359 1054 1418 divina
1073 1364 1168 1433 gratia
1189 1364 1346 1423 destitutos
1358 1365 1462 1424 vident
1474 1383 1529 1442 per
1550 1369 1692 1442 quelibet

57 1468 62 1504 r
76 1451 175 1504 tecum
191 1446 309 1503 creavit.
320 1446 349 1503 Si
364 1446 497 1502 mundus
512 1447 687 1516 1313311333
702 1447 806 1505 omnia
859 1447 988 1525 abrupta
1000 1450 1142 1510 vitiorum
1163 1470 1258 1523 ruere,
1278 1455 1408 1523 discant,
1421 1460 1552 1532 quantas
1565 1474 1622 1533 pro
1635 1474 1692 1518 sne

57 1534 181 1604 3331331,
189 1534 344 1609 quomodo
355 1536 444 1592 etiam
455 1536 559 1594 omnia
573 1536 612 1593 ab
625 1536 805 1611 obsequium
860 1537 954 1595 salute
969 1539 1100 1598 debcant
1124 1544 1253 1600 Creatori
1277 1544 1388 1616 gratias
1409 1545 1528 1605 reterre.
1551 1547 1636 1606 liade
1649 1547 1691 1605 si-

57 1649 61 1683 3
88 1625 167 1684 13313
191 1642 254 1682 333
279 1626 378 1682 33311
414 1626 554 1700 Nunquid
589 1626 805 1702 paterfamilias
859 1625 983 1699 quidem
1007 1628 1116 1686 dirinoe
1139 1630 1373 1705 dispensationis
1396 1633 1436 1691 3(1
1459 1639 1570 1693 nostrae
1586 1633 1690 1693 salutis

72 1730 184 1788 panem
205 1730 293 1771 suurn
316 1715 446 1772 comedit
460 1716 474 1772 ‘l
488 1716 625 1789 nunquid
642 1715 723 1773 solus
748 1731 805 1790 po-
821 1739 841 1794 Β
859 1720 1056 1787 augmentum
1080 1723 1109 1776 31
1137 1719 1360 1791 glorificationis
1389 1721 1604 1781 documentum
1631 1724 1691 1782 hoe

65 1822 154 1862 suum
168 1805 244 1862 bibit
257 1807 272 1861 ‘l
289 1806 428 1879 nunquid
444 1806 526 1862 solus
544 1807 729 1864 vestimentis
744 1807 805 1863 suis
859 1805 1007 1878 exigebat,
1032 1812 1066 1864 ut
1078 1807 1154 1866 sicut
1168 1809 1199 1866 in
1213 1810 1273 1869 vite
1287 1808 1452 1869 bestiarum
1467 1811 1595 1871 dicimus
1609 1828 1691 1871 surn-

57 1896 135 1952 ,1331
159 1893 296 1968 nunquid
312 1893 394 1951 solus
418 1894 515 1952 calefit
534 1896 603 1967 igne
619 1896 703 1953 suo‘l
725 1911 803 1952 nnn-
859 1911 943 1952 mam
969 1895 1138 1955 felicitatem
1153 1915 1215 1956 non
1237 1914 1302 1956 esse
1321 1899 1368 1956 his
1390 1901 1443 1972 uti,
1468 1901 1509 1959 113
1522 1917 1644 1977 quoque
1657 1903 1691 1960 in

73 1984 156 2040 solus
175 1983 290 2040 habitat
308 1984 338 2040 in
360 1984 451 2039 domo
474 1985 559 2042 3331
582 1988 688 2042 Totum
702 1989 804 2041 tamen
858 1984 918 2042 vita
930 1984 1080 2043 malornm
1098 1987 1258 2046 bominum
1272 1987 1427 2045 discamus
1441 2004 1498 2046 nec
1521 2006 1586 2048 esse
1611 2007 1691 2049 sum·

57 2072 200 2129 inmerito
215 2074 280 2144 ejus
295 2072 411 2140 dicitur,
424 2072 571 2147 quidquid
581 2073 694 2130 habent
707 2073 738 2144 ii,
751 2072 805 2146 qui
857 2089 942 2130 mam
965 2073 1134 2132 felicitatem
1160 2076 1223 2133 istis
1251 2075 1411 2134 dominari.
1439 2077 1578 2136 Similiter
1599 2078 1691 2152 igitur

57 2160 72 2218 tl
101 2177 155 2235 per
186 2161 386 2231 dilectionem,
424 2162 472 2219 331
506 2177 559 2236 per
587 2162 803 2235 subjectionem
857 2161 945 2219 bonis
961 2176 997 2220 ac
1011 2163 1099 2221 malis
1113 2163 1170 2223 1313
1184 2164 1320 2223 concedit
1328 2161 1506 2239 debuerunt,
1516 2167 1593 2242 qnia
1606 2166 1691 2226 aliter

57 2250 168 2309 133133.
199 2251 266 2309 Sive
294 2251 383 2322 igitur
405 2251 465 2322 illa,
490 2268 558 2326 qure
583 2251 637 2309 tibi
660 2252 802 2321 serviunt,
857 2251 931 2309 honi
953 2251 1071 2326 potiora
1091 2253 1147 2310 sibi
1161 2254 1273 2312 servari
1291 2268 1353 2312 non
1368 2255 1531 2327 crederent,
1553 2256 1611 2314 nisi
1625 2247 1691 2316 1113

57 2338 114 2412 illa,
137 2356 205 2414 quae
229 2339 282 2396 tibi
307 2340 506 2397 servientibus
526 2340 697 2398 necessaria
723 2345 802 2409 3331,
858 2344 921 2398 tam
935 2340 1024 2399 honis
1043 2357 1137 2416 quam
1159 2342 1437 2402 malrscommunia
1458 2341 1688 2404 escenderent

59 2428 144 2486 stibi
158 2429 228 2487 data
244 2432 322 2497 sunt,
348 2429 450 2487 onmia
472 2430 525 2487 tibi
545 2430 725 2503 obsequium
750 2430 805 2487 im·
858 2431 935 2488 Nihil
957 2431 1048 2503 igitur
1062 2432 1192 2506 amplius
1215 2433 1253 2491 (13
1277 2423 1416 2491 societate
1437 2431 1574 2492 felicitate
1592 2426 1690 2493 malo-

57 2523 120 2576 unt.
858 2537 926 2577 rum
941 2521 1146 2594 conqueraris,
1162 2537 1218 2579 nec
1239 2521 1307 2580 idco
1329 2522 1361 2580 13
1380 2522 1572 2596 privilegium
1586 2523 1689 2597 singu·

57 2624 110 2666 33.
141 2608 228 2676 Quod
256 2625 304 2665 me
333 2608 484 2679 movebat,
513 2609 676 2683 praecidisti
703 2609 803 2683 potius
857 2609 928 2666 laris
940 2609 1055 2667 amoris
1076 2615 1175 2668 tecum
1197 2601 1393 2668 ascribendos
1418 2617 1516 2685 putes,
1543 2612 1616 2686 quia
1636 2628 1689 2673 eos

57 2697 248 2755 reradicasti.
263 2702 323 2770 Ego
336 2715 468 2772 namque
483 2700 539 2756 hoc
547 2700 705 2774 querebar,
720 2698 803 2772 quod
857 2698 888 2754 in
903 2714 961 2756 usu
979 2703 1008 2756 et
1022 2699 1157 2756 dominio
1170 2715 1271 2757 rerum
1290 2700 1510 2758 nanseuntium
1524 2700 1622 2759 socios
1634 2701 1690 2760 he·

57 2786 200 2858 rdiligens
214 2788 302 2844 unice
316 2787 423 2844 dilecta
437 2802 498 2844 non
513 2804 592 2855 sum,
609 2789 681 2862 quia
693 2788 803 2861 pignus
857 2788 921 2859 bes,
945 2789 1018 2863 quia
1033 2789 1123 2847 311333
1138 2789 1169 2845 13
1189 2790 1258 2860 1333,
1274 2779 1350 2847 31331
1361 2790 1426 2861 jam
1440 2788 1584 2862 diximus,
1600 2789 1689 2848 saluti

57 2876 86 2934 is
101 2878 160 2934 mei
176 2876 240 2933 aliis
255 2894 340 2952 aeque
354 2877 441 2933 video
456 2893 719 2935 esseconccssum.
734 2878 803 2934 rue
857 2880 917 2934 tuae
931 2877 1101 2952 proficiunt,
1126 2879 1210 2954 quod
1229 2878 1293 2936 istis
1305 2882 1406 2936 tecum
1420 2882 1612 2937 nontantum
1633 2879 1687 2952 uti,

68 2969 198 3025 rationes
218 2967 276 3025 hoc
297 2972 519 3041 persuaserunt,
543 2971 576 3024 ut
602 2967 653 3024 illa
681 2983 803 3041 quoque
858 2967 911 3024 sed
936 2971 965 3024 et
990 2967 1141 3025 dominari
1159 2971 1296 3041 possunt.
1321 2967 1398 3034 Quid
1423 2972 1525 3025 autem
1545 2967 1583 3026 (13
1597 2967 1689 3026 33313·

57 3056 164 3114 liariter
184 3056 257 3113 mihi
272 3057 385 3114 donata
407 3056 570 3126 crederem,
586 3072 655 3130 quoe
669 3056 699 3112 in
712 3073 802 3112 usum
813 3094 837 3152 C
855 3061 915 3114 1313
940 3055 1093 3114 bonorum
1120 3056 1250 3114 dicerni
1278 3048 1355 3114 Nam
1377 3057 1436 3114 hoc
1464 3054 1575 3129 solum,
1605 3071 1687 3115 nuno

57 3145 167 3203 entium
192 3146 266 3202 mihi
288 3148 488 3203 communiter
505 3146 578 3203 data
600 3144 743 3203 viderem.
770 3149 803 3202 13
855 3151 956 3220 333131,
972 3152 1006 3205 31
1020 3147 1191 3205 consideres
1212 3151 1351 3205 utrumne
1366 3146 1527 3205 idcircode
1541 3146 1688 3220 singulari

57 3233 302 3291 3333333133133
317 3236 398 3303 satis,
420 3235 549 3292 sednon
565 3233 745 3292 sufficienter
765 3234 802 3291 (13
856 3253 959 3294 amore
985 3253 1096 3312 sponse
1122 3236 1165 3294 tui
1179 3235 1309 3308 ‘gloriari
1332 3252 1395 3294 non
1421 3236 1529 3310 possis,
1551 3234 1688 3312 quodeb

57 3324 139 3398 qnod
158 3339 207 3381 me
221 3324 373 3393 movebat,
399 3324 533 3381 locutum
549 3340 613 3382 esse
637 3324 802 3394 confiteor,
856 3342 892 3383 eo
907 3342 969 3384 non
993 3326 1056 3384 sine
1071 3326 1210 3384 societate
1224 3325 1376 3384 bonorum
1389 3324 1531 3397 diligeris.
1554 3327 1689 3402 Quapro-

58 3412 803 3487 3313133333331313,3311333311313331133311333
856 3419 922 3490 pter
945 3414 1095 3471 reminisci
1119 3419 1146 3471 te
1171 3413 1241 3471 3313
1267 3401 1346 3470 illius
1373 3413 1477 3488 (quam
1491 3414 1629 3489 superius
1656 3414 1689 3472 in

57 3519 101 3575 ur,
116 3518 191 3580 meae
204 3502 304 3577 potius
319 3503 424 3559 ditioni
439 3519 504 3560 esse
525 3502 718 3574 assignanda,
732 3518 803 3576 pro·
857 3505 1054 3562 assertionem
1074 3503 1169 3576 attuli)
1183 3503 1346 3572 sententiar,
1359 3519 1455 3577 quam
1477 3507 1549 3562 tunc
1563 3503 1688 3578 quidem
1779 3546 1780 3551 1

60 3591 173 3667 equod
188 3591 238 3650 illa
253 3607 384 3666 quoque,
401 3605 468 3665 (333
479 3591 514 3647 iis
522 3590 653 3660 aluntur,
668 3591 699 3647 in
713 3606 803 3646 usum
857 3593 945 3667 quasi
970 3593 1255 3662 minuseongrnanr
1272 3590 1370 3662 adid,
1395 3590 1433 3647 de
1461 3607 1523 3664 quo
1536 3590 1597 3647 illie
1619 3606 1689 3662 age·

57 3694 79 3738 n
105 3685 175 3738 sunt
194 3680 345 3756 deputata.
371 3681 560 3752 Privilegium
583 3686 685 3738 tamen
701 3681 803 3751 singu-
856 3682 947 3739 batur
961 3687 1051 3756 atque
1065 3681 1155 3753 igitur
1181 3678 1454 3753 comprobandum,
1468 3679 1618 3751 judicasti.
1632 3682 1687 3736 113·

60 3771 171 3829 amoris
188 3771 294 3828 exinde
315 3788 377 3829 non
399 3771 550 3837 astruitur,
574 3771 646 3844 quia
659 3770 724 3826 haec
740 3784 803 3825 non
857 3771 936 3845 plico
958 3770 1049 3841 igitur
1071 3785 1151 3827 3333
1173 3776 1254 3837 eam,
1274 3772 1312 3825 ’31
1332 3767 1502 3840 diligentius
1529 3781 1633 3824 coram
1659 3771 1688 3824 te

57 3860 130 3929 nihi,
149 3861 202 3918 sed
216 3862 330 3919 cunctis
352 3861 484 3918 similiter
504 3860 688 3929 hominibus,
702 3858 804 3915 multis
858 3857 1043 3928 discutiam
1065 3863 1205 3914 utrumne
1226 3855 1342 3930 aliquid
1367 3854 1456 3914 nobis
1480 3855 1521 3913 ad
1545 3855 1577 3913 id
1603 3854 1689 3931 quod

63 3950 194 4026 amplius
216 3951 350 4023 subjecta
364 3969 430 4009 csse
442 3955 617 4008 noscuntur.
634 3953 666 4007 13
681 3949 717 4006 113
732 3963 803 4020 ergo
858 3949 1065 4007 demonstrare
1088 3947 1212 4004 nitimur
1226 3945 1480 4018 confirmandum,
1502 3946 1568 4019 ejus
1578 3945 1688 4003 3331133

57 4040 127 4111 bus,
154 4057 221 4115 333
245 4041 443 4100 communiter
466 4041 535 4098 usui
558 4039 718 4097 homiuum
733 4053 805 4096 con·
858 4037 1044 4113 astipuletur.
1066 4035 1689 4094 111313313311333333131313331333313333

57 4134 155 4202 rsunt,
170 4136 198 4188 31
206 4131 230 4188 si
244 4130 367 4205 quidcm
382 4148 443 4189 non
454 4132 533 4204 juste
546 4129 676 4205 amplius
691 4127 805 4203 aliquid
858 4126 940 4185 dono
953 4126 1008 4184 tibi
1023 4124 1168 4184 1133313113
1189 4135 1257 4182 esse
1268 4134 1460 4193 eoncessum,
1476 4128 1511 4181 ut
1529 4123 1600 4181 inde
1612 4123 1689 4182 3313·

57 4218 209 4289 rindicent,
234 4225 335 4278 errant
356 4222 409 4295 qui
425 4238 487 4278 333
511 4220 616 4278 (1111331
636 4219 805 4294 quidquam
858 4231 930 4273 men
942 4214 1062 4273 vivendi
1076 4215 1188 4288 capias,
1208 4212 1398 4287 nequedum
1417 4211 1549 4270 331113313
1560 4215 1590 4269 31
1602 4210 1691 4268 inerti

57 4308 166 4366 liariter
181 4308 344 4368 ascribunt.
360 4312 409 4367 1131
423 4310 512 4382 igitur
531 4309 667 4386 specialis
679 4308 805 4384 quidam
858 4306 920 4364 3113
932 4305 1073 4363 (133111313
1082 4303 1289 4361 3331313333.
1309 4303 1391 4361 Sicut
1404 4300 1494 4373 igitur
1506 4301 1569 4358 3113
1590 4299 1689 4358 malo·

57 4395 807 4474 303331331333113313331333333133331331
859 4411 928 4452 rum
962 4393 1015 4451 tibi
1040 4397 1085 4450 est
1110 4391 1293 4462 exercitium,
1321 4391 1364 4448 sic
1393 4388 1529 4448 solamen
1556 4391 1601 4446 est
1628 4387 1690 4446 3113

57 4486 115 4543 ines
131 4487 196 4544 aliis
221 4489 373 4557 creaturis,
399 4504 461 4546 non
490 4494 590 4546 autem
615 4488 654 4546 ad
668 4487 806 4558 invicem,
860 4485 1022 4556 bonorum,
1038 4484 1091 4559 qui
1119 4487 1196 4541 certe
1221 4481 1295 4540 tales
1314 4484 1397 4550 33331,
1423 4476 1690 4554 3333333131131·

57 4574 109 4633 lius
137 4574 256 4650 gloriari
284 4578 407 4636 habent.
434 4583 509 4636 Nam
539 4577 623 4652 quod
651 4577 682 4633 in
712 4592 808 4634 asser·
860 4576 940 4646 tatis,
969 4578 1029 4632 tuae
1056 4573 1227 4648 participes,
1248 4579 1305 4630 nec
1330 4569 1443 4629 amoris
1466 4569 1512 4627 tsi
1534 4565 1692 4642 aspernari

57 4682 92 4724 m
106 4666 265 4739 singularis
289 4668 401 4725 amoris
424 4667 508 4735 dicis,
529 4667 618 4723 etiam
644 4665 718 4722 mihi
733 4666 810 4722 13133
863 4664 954 4723 debes
967 4663 1080 4720 babere
1093 4666 1258 4720 consortes.
1273 4665 1348 4719 Nam
1363 4660 1388 4716 si
1402 4674 1472 4716 3333
1486 4658 1569 4716 bono
1579 4655 1690 4728 diligis,

57 4771 88 4813 ra
110 4748 255 4816 (13331333
269 4773 335 4815 3333
355 4757 527 4814 societatem
544 4754 714 4824 bominum,
738 4771 810 4811 eum
863 4751 1012 4828 quidquid
1026 4749 1083 4806 illis
1097 4749 1234 4807 beneficii
1246 4747 1441 4823 impenditur,
1464 4746 1536 4803 inde
1551 4745 1691 4819 charitas,

57 4860 126 4902 mea
140 4844 207 4918 illis,
226 4862 320 4919 quam
336 4845 456 4903 illorum
480 4844 553 4901 mibi
573 4859 715 4901 concessa
741 4842 809 4913 sint,
863 4858 932 4915 quae
946 4841 978 4897 in
994 4844 1022 4896 13
1037 4844 1091 4908 est,
1107 4854 1169 4895 non
1191 4837 1281 4911 quasi
1299 4836 1337 4893 de
1361 4835 1469 4905 alieno,
1484 4835 1537 4893 sed
1551 4834 1640 4909 quasi
1654 4835 1694 4893 de

65 4949 121 5006 ego
136 4933 234 4991 inhoc
246 4935 396 5007 singulare
411 4934 540 5009 reperire
554 4948 690 5007 possum.
707 4936 812 5006 inqua
863 4928 986 5006 proprio
1020 4926 1195 4999 grattdatnr.
1229 4925 1308 4982 Licet
1336 4923 1428 4994 igitur
1453 4923 1579 4982 beatum
1605 4928 1692 4995 esset,

57 5023 119 5079 1313
150 5039 210 5080 333
240 5023 338 5080 solum
366 5040 415 5079 mc
452 5023 534 5080 laedit
574 5021 686 5079 amissa
716 5020 812 5093 gloria
863 5020 920 5076 1313
934 5015 1137 5075 amoreterel
1151 5016 1247 5072 solam
1260 5013 1383 5088 pertrui,
1398 5013 1494 5071 multo
1508 5018 1610 5073 133133
1621 5014 1695 5073 bea·

57 5102 204 5182 rlaritatis,
230 5112 284 5169 sed
306 5117 336 5170 et
353 5111 450 5170 vilitas
472 5110 717 5186 participationis.
735 5111 812 5176 Quot
864 5107 923 5165 tius
938 5109 982 5163 331
995 5105 1027 5162 13
1040 5104 1109 5179 ipso
1123 5119 1193 5161 cum
1207 5102 1372 5160 multorum
1395 5101 1548 5161 bonorum
1572 5116 1696 5174 congra-

57 5199 232 5274 rincreduli,
258 5206 332 5276 quot
360 5200 486 5273 scelesti,
501 5205 576 5275 quot
600 5199 712 5274 impuri
731 5200 811 5268 sunt,
864 5196 1009 5255 tulationc
1032 5193 1182 5264 delectari,
1206 5193 1278 5268 qnia
1303 5208 1373 5250 3333
1396 5192 1429 5250 13
1448 5192 1616 5261 3333113313,
1640 5187 1696 5262 qui

70 5287 102 5347 in
132 5290 191 5348 bac
230 5290 370 5349 societate
409 5289 543 5348 similiter
586 5289 706 5362 gloriari
745 5304 814 5362 pos-
866 5284 1126 5360 comparticipant,
1156 5283 1280 5342 affectus
1310 5281 1477 5341 dilectionis
1504 5276 1695 5354 expanditur,

66 5378 82 5436 1
867 5375 1017 5434 charitatis
1029 5371 1174 5446 gaudium
1187 5377 1216 5430 et
1231 5370 1387 5430 suavitatis
1412 5368 1583 5444 ampliatur.
1609 5363 1699 5439 Spiri-

57 5482 111 5525 313.
132 5472 197 5525 1133
217 5472 246 5527 13
269 5469 448 5527 conturbare
472 5466 570 5537 debet,
599 5466 682 5542 quod
696 5467 728 5523 in
756 5482 815 5523 usu
867 5463 955 5523 tualis
967 5478 1100 5538 namque
1116 5478 1202 5521 amor
1216 5466 1287 5520 tunc
1299 5462 1407 5520 melius
1427 5459 1536 5532 cuique
1549 5454 1699 5525 3133333-

57 5570 83 5612 m
98 5557 310 5631 temporalium
325 5559 432 5616 eadem
446 5556 534 5615 bonis
548 5560 576 5614 et
590 5555 677 5613 malis
692 5559 736 5613 est
747 5570 816 5629 par-
867 5554 947 5624 laris,
962 5553 1085 5628 quando
1107 5552 1248 5610 omnibus
1261 5557 1308 5610 est
1331 5549 1511 5609 communis.
1535 5549 1595 5603 Nec
1608 5542 1700 5619 parti-

57 5643 126 5716 atio,
141 5662 196 5703 nec
210 5647 320 5705 ideirco
333 5664 386 5706 eos
401 5646 535 5704 similiter
547 5648 636 5703 31133
649 5643 815 5703 amariexi-
868 5642 1017 5717 cipatione
1043 5641 1176 5716 plurium
1202 5640 1356 5709 minuitur,
1376 5637 1463 5709 cujus
1480 5635 1595 5693 1333133
1619 5648 1700 5693 unus

57 5750 100 5811 es,
115 5734 188 5811 quia
201 5735 248 5793 bis
262 5737 513 5798 omnibustecum
529 5735 663 5795 similiter
678 5749 815 5794 commu-
870 5735 899 5790 et
926 5731 1007 5791 idem
1023 5734 1105 5790 totus
1129 5730 1161 5787 in
1180 5729 1306 5802 31333113
1330 5725 1483 5802 reperitur.
1511 5723 1589 5788 1111111
1609 5723 1701 5799 trien
