3742 6082
73 198 109 256 48
372 196 551 256 HUGONIS
568 196 622 253 Du
639 195 670 252 S.
690 193 860 251 VICTORI}
879 191 962 248 OPP.
982 189 1083 248 PARS
1102 190 1141 247 ΙΙ.
1164 219 1201 232 -
1223 188 1466 246 DOGMATICA.
1736 193 1774 250 hi

109 324 183 382 Chr.
199 323 265 382 VH.
282 329 325 382 De
335 329 523 383 nominibus
526 340 685 396 personas
700 322 874 377 Trinitatis
883 315 1285 387 distinguentibus-Gar.
1298 315 1379 371 VIII.
1392 319 1435 371 De
1442 319 1635 386 (equalitate
1642 319 1770 388 Patris,

109 400 141 452 et
153 397 236 452 Filii
250 401 281 453 ei
295 399 439 467 Spiritus
453 400 571 453 sancti.
583 427 618 438 -
632 397 705 451 Car.
719 392 770 448 IX.
786 393 873 452 Quod
889 393 1053 445 desancta
1072 389 1234 442 Trinitate
1246 388 1333 441 nihii
1345 389 1480 443 dicatur
1493 390 1674 459 secundum
1686 392 1772 445 acci·

110 468 200 522 dens.
211 497 248 508 -
261 467 335 524 Gar.
351 467 389 525 X.
405 471 447 524 De
461 470 592 523 diversa
608 466 779 521 nominum
796 462 987 530 acceptione.
1005 486 1039 498 -
1065 458 1137 513 Car.
1155 457 1209 512 XI.
1234 460 1278 512 De
1287 472 1506 526 personarum
1536 473 1619 528 appr
1659 462 1771 515 riatis.

110 536 184 593 Cae.
195 536 264 594 ΧΠ.
280 541 324 595 De
329 540 542 608 praecientia
561 543 592 592 et
601 535 903 605 praedestinatione.
917 529 1039 585 -Caa
1055 527 1138 584 XIII.
1154 531 1197 583 De
1212 530 1380 583 voluntate
1395 531 1461 584 Dei.
1483 558 1515 568 -
1538 528 1611 585 Car.
1658 530 1711 586 IV.
1728 533 1773 587 De

111 610 201 662 omni
208 613 358 677 potentia
372 611 439 665 Dei.
455 639 492 648 -
505 608 578 663 Car.
592 606 656 662 XV.
668 608 711 661 Dc
720 605 786 676 fide
800 602 1056 659 incarnationis.
1072 629 1108 640 -
1119 598 1190 655 Car.
1205 598 1284 654 XVI.
1307 600 1395 659 Quod
1410 600 1558 655 Christus
1579 602 1684 657 simui
1698 603 1773 656 ani·

111 693 200 733 mane
215 684 246 734 et
261 694 393 736 carnem
409 680 598 747 assumpsit.
613 705 648 718 -
661 676 734 733 Car.
748 674 842 730 XVII.
859 674 946 734 Quod
960 672 1107 726 Christus
1122 671 1235 724 omnia
1249 669 1386 796 inerma
1401 676 1515 725 nostra
1526 675 1648 739 prater
1657 686 1771 741 pecca·

112 752 182 803 tum
197 753 385 819 susceperit.
396 779 432 789 -
443 749 516 804 Car.
527 746 637 804 XVIII.
654 749 704 801 An
720 747 867 801 Christus
883 746 1147 800 sitcreatura.-
1161 739 1235 797 Gar.
1252 740 1280 796 X
1297 740 1333 796 X.
1350 743 1401 795 An
1417 743 1454 795 in
1470 747 1573 797 morte
1589 743 1712 804 Christi
1725 757 1773 800 se·

105 823 231 886 parata
243 820 349 889 suerit
360 821 522 875 divinitas
536 820 576 875 ab
587 818 807 874 immanitate.

346 944 420 1001 Gar.
441 943 464 999 I.
485 946 529 1000 De
542 943 616 1015 tide.
909 949 937 1004 Α
949 936 1071 994 videtur
1085 935 1270 1008 quibusdam
1285 935 1368 1007 quod
1378 951 1415 991 ex
1429 934 1488 992 fide
1510 938 1540 991 et
1564 934 1712 992 charitate
1731 937 1773 992 sit

109 1033 148 1089 Et
160 1032 306 1105 quoniam
320 1032 379 1087 tide
391 1033 551 1103 (tanquam
565 1045 710 1086 mensura
717 1027 894 1098 rectudinis)
949 1040 1028 1098 spes.
1046 1025 1087 1082 Ut
1097 1024 1178 1080 enim
1191 1023 1265 1079 dicii
1281 1024 1475 1095 Augustinus
1489 1023 1523 1079 in
1536 1024 1590 1079 lib.
1605 1024 1650 1080 De
1664 1024 1724 1081 fide
1742 1029 1772 1081 et

75 1119 369 1176 omniamoderanda
380 1123 462 1189 sunt,
473 1135 511 1175 ne
521 1119 638 1191 quidut
646 1118 834 1191 superfluum
843 1116 898 1172 dii·
949 1115 1110 1187 operibus:
1126 1112 1297 1185 Fidssquae
1319 1128 1373 1185 per
1396 1111 1589 1169 dilectionem
1614 1117 1769 1186 operatur,

72 1208 159 1278 iluat,
172 1208 444 1279 dicenteApostoIo
459 1225 465 1263 :
483 1209 662 1277 Unicuique
677 1211 761 1263 Deus
780 1207 897 1261 divisit
948 1202 1183 1258 fundamentum
1196 1205 1257 1257 est:
1273 1216 1335 1257 non
1350 1201 1424 1257 fides
1440 1200 1613 1258 daemonum
1635 1217 1698 1273 qua
1712 1203 1772 1274 ipsi

74 1311 266 1353 mensuram
280 1298 359 1369 fidei
375 1297 477 1368 (Rom.
494 1298 552 1367 ΧΠ)
566 1313 574 1365 ;
589 1297 625 1352 de
638 1312 673 1352 ea
687 1296 838 1369 Inprimis
850 1297 897 1349 est
949 1292 1116 1348 ereduntet
1130 1291 1378 1347 contremiscunt.
1401 1289 1441 1345 Et
1455 1291 1481 1345 si
1495 1305 1563 1362 spes
1588 1293 1635 1346 est
1652 1305 1690 1345 ex
1714 1290 1773 1346 fide

73 1384 239 1440 videndum
253 1385 328 1456 quid
342 1385 392 1452 sit,
406 1387 521 1457 etquas
534 1389 637 1457 partes
649 1385 771 1440 haheat.
787 1386 895 1450 Fides,
949 1378 1351 1453 operanteperdiieetienem
1360 1393 1369 1448 3
1379 1381 1496 1433 tuncex
1506 1378 1565 1433 fide
1574 1378 1770 1434 etcharitate.

73 1476 109 1528 ut
122 1473 167 1528 aii
179 1472 356 1544 Apostolus,
370 1479 418 1528 est
431 1475 618 1529 substantia
630 1488 743 1528 rerum
763 1485 856 1541 spera
862 1487 895 1525 n·
949 1468 1006 1524 Sed
1019 1467 1101 1539 quod
1118 1471 1256 1523 auctores
1268 1467 1443 1538 frequenter
1463 1466 1546 1521 hunc
1565 1465 1703 1522 ordinem
1721 1481 1772 1538 po·

74 1563 444 1632 darum,arpumentum
452 1578 517 1618 non
525 1559 894 1634 apparentiumfflcb.x1)
949 1559 1042 1613 nunt:
1054 1556 1139 1624 fides,
1151 1571 1231 1627 spes,
1240 1555 1374 1610 charitas
1385 1571 1393 1623 3
1405 1554 1463 1610 hoc
1476 1554 1544 1609 ideo
1555 1553 1772 1622 hausissent,

73 1647 364 1705 Substantiarerum
379 1651 600 1722 sperandarum
615 1652 753 1722 quiaper
764 1650 896 1705 fidemin
949 1645 1023 1716 quia
1033 1644 1166 1699 charitas
1176 1643 1274 1714 major
1282 1646 1336 1697 est.
1344 1642 1400 1698 Illa
1409 1646 1511 1699 tamen
1521 1642 1625 1713 opime
1642 1642 1774 1713 (utmihi

74 1738 164 1793 nobis
179 1739 353 1793 subsistunt
366 1739 526 1810 speranda.
540 1739 696 1811 Speranda
710 1742 798 1794 vocat
814 1740 897 1794 bona
948 1731 1081 1801 videtur)
1096 1732 1138 1787 sic
1147 1735 1248 1803 potest
1256 1731 1342 1786 solvi.
1354 1731 1428 1802 Spes
1439 1734 1485 1786 est
1494 1730 1645 1786 certitudo
1653 1745 1775 1802 exprae·

72 1824 127 1880 illa
141 1828 255 1881 aeterna
268 1841 335 1897 quae
350 1826 568 1896 desideramus,
579 1832 614 1883 ut
630 1832 702 1899 sunt
716 1828 895 1883 immortali.
949 1821 1127 1876 cedentibus
1141 1819 1272 1875 meritis:
1285 1834 1346 1874 non
1362 1818 1452 1874 debet
1464 1817 1596 1889 intelligi
1606 1833 1644 1873 ex
1653 1817 1772 1874 meritis

73 1916 132 1982 tas,
145 1917 175 1968 et
189 1917 298 1970 caetera
313 1930 382 1986 quae
396 1915 429 1970 in
443 1916 532 1971 nobis
540 1932 594 1988 per
604 1916 694 1971 Iidem
704 1916 768 1987 jam
785 1916 897 1971 subsIs·
948 1908 1295 1980 praecedentibusipsam
1307 1922 1402 1978 spem,
1410 1908 1484 1979 quia
1493 1906 1613 1962 nullum
1627 1906 1772 1962 meritum

73 2002 154 2069 tunt,
169 2001 202 2056 in
217 2001 322 2057 futuro
344 2017 397 2073 pes
421 2004 650 2075 experientiam.
669 2004 895 2075 Argumentum
922 2010 928 2021 ·
948 1996 1092 2069 proeoedit
1101 2010 1185 2068 spem
1196 2010 1204 2063 3
1216 1995 1268 2050 sed
1276 1994 1602 2067 praecedentibusillud
1611 1994 1694 2067 quod
1705 2009 1770 2066 spe·

72 2103 134 2143 non
147 2090 376 2160 apparendum,
393 2090 485 2146 idest
501 2092 660 2163 probatio3
683 2093 756 2164 quia
776 2093 802 2146 si
826 2092 895 2163 quIs
949 2088 1045 2140 ratur.
1062 2084 1127 2140 Hoc
1139 2084 1234 2140 distat
1246 2085 1327 2140 inter
1338 2083 1429 2139 fidam
1443 2087 1473 2139 et
1486 2099 1583 2155 spem,
1597 2082 1679 2153 quod
1696 2082 1771 2139 fides

72 2174 195 2231 dubitat
208 2177 289 2246 inde,
306 2194 368 2233 non
383 2183 513 2249 possunt
524 2180 690 2250 aliquando
700 2180 823 2251 probari
839 2179 894 2235 hu·
949 2178 995 2230 est
1022 2172 1059 2229 ds
1083 2172 1263 2244 praeteritis,
1285 2175 1321 2228 ut
1348 2175 1421 2227 sunt
1442 2172 1590 2228 nativitas
1615 2174 1645 2227 θῖ
1668 2172 1772 2243 passio

71 2278 165 2318 mana
182 2265 310 2319 ratione.
328 2264 369 2320 Ut
384 2266 489 2336 siquis
503 2270 651 2337 quaereret
666 2266 746 2322 unde
759 2267 818 2322 scIs
826 2282 893 2338 par·
912 2294 937 2352 Β
952 2263 1085 2332 Christi3
1100 2262 1180 2319 etde
1195 2263 1408 2335 praesentibus,
1424 2266 1460 2317 ut
1474 2261 1557 2333 quod
1574 2261 1608 2317 in
1624 2260 1714 2317 altari
1726 2263 1774 2316 est

73 2354 139 2406 tum
158 2351 298 2420 virgime,
314 2351 453 2408 futurum
469 2353 562 2409 etiam
582 2358 697 2410 statum
711 2355 892 2411 electorum:
950 2367 1058 2408 verum
1073 2366 1182 2425 corpus
1197 2350 1330 2419 Christi3
1349 2353 1380 2406 et
1394 2349 1431 2405 de
1445 2349 1576 2418 futuris,
1600 2351 1635 2404 ut
1654 2351 1700 2404 est
1719 2348 1774 2404 im·

72 2454 136 2494 non
151 2439 250 2494 habeo
264 2440 347 2495 aliud
359 2444 653 2511 argumentum,nisi
661 2444 744 2516 quod
758 2444 846 2500 credo
853 2444 896 2499 in·
949 2438 1130 2495 mortalitas.
1148 2438 1222 2512 Spes
1246 2441 1348 2494 autem
1363 2436 1400 2493 de
1422 2436 1537 2492 futuris
1559 2439 1680 2491 tantum
1703 2438 1772 2506 est;

72 2526 249 2582 dubitanter
259 2527 342 2599 quod
352 2529 507 2600 propheta
518 2533 549 2595 et
559 2530 612 2585 alii
622 2532 676 2601 qui
685 2547 738 2603 per
747 2531 895 2604 Spiritum
949 2528 1111 2584 itemfides
1126 2530 1171 2583 est
1186 2527 1326 2583 debonis
1347 2530 1376 2581 et
1397 2524 1487 2581 malis
1497 2541 1507 2594 3
1533 2539 1601 2598 spes
1623 2524 1659 2581 ds
1682 2524 1774 2580 bonis

73 2617 214 2671 sanetum
227 2615 321 2671 locuti
337 2621 428 2686 sunt,
444 2633 536 2691 super
554 2619 616 2674 illis
640 2620 794 2689 dixerunt,
818 2636 896 2693 quos
951 2618 1072 2672 tantum
1085 2614 1296 2686 adipiscendis.
1320 2612 1395 2686 Spes
1418 2627 1551 2685 namque
1574 2611 1704 2684 alicujus
1726 2613 1773 2669 in·

72 2702 158 2758 Deus
170 2703 256 2758 nulle
267 2705 357 2760 modo
365 2705 492 2775 falleret,
509 2723 578 2765 cum
591 2708 623 2763 In
634 2708 678 2763 eis
686 2708 897 2779 loquereturet
950 2705 1101 2763 commodi
1113 2705 1211 2776 magis
1230 2703 1319 2759 debet
1339 2703 1510 2776 desperatio
1531 2717 1549 2757 a
1573 2702 1654 2758 bono
1678 2715 1773 2773 quam

73 2791 222 2847 miracula
236 2793 356 2849 iaceret.
374 2795 493 2850 Etcum
509 2812 546 2850 ex
560 2796 896 2868 magnapartevideam
951 2810 1020 2866 spes
1035 2792 1191 2866 appellari.
1206 2792 1286 2848 Illud
1307 2808 1429 2865 quoque
1449 2791 1605 2848 sciendum
1625 2793 1672 2846 est
1690 2790 1774 2862 quod

74 2879 223 2952 completa
238 2898 307 2954 quae
322 2883 476 2953 dixerunt,
493 2888 673 2940 caeteranon
687 2884 794 2940 dubito
816 2901 894 2941 cour
949 2881 1024 2937 fides
1041 2885 1086 2937 est
1109 2880 1300 2936 solummodd
1324 2880 1361 2936 de
1381 2881 1420 2936 iis
1439 2896 1507 2952 quse
1532 2895 1594 2935 non
1617 2878 1770 2936 videntur.

73 2967 184 3038 plenda
196 2985 265 3040 quae
279 2975 405 3027 restant.
426 2974 484 3026 Est
494 2973 598 3044 itaque
613 2973 693 3044 fides
708 2975 896 3030 susbstantia
949 2971 1114 3042 Gregorius
1126 2970 1261 3026 Hemilia
1269 2970 1375 3026 tertia:
1387 2970 1575 3042 Apparentia
1583 2982 1644 3023 non
1656 2968 1774 3023 habent

75 3070 188 3110 rerum
207 3062 468 3129 sperandarum,
485 3063 637 3131 quantum
653 3061 691 3116 ad
704 3077 782 3131 nos3
798 3078 895 3132 arpu·
950 3059 1051 3128 fidem,
1067 3058 1120 3114 sed
1141 3059 1339 3129 agnitionem.
1361 3058 1437 3113 item
1463 3059 1496 3114 in
1519 3056 1666 3128 Dialogo:
1693 3055 1771 3111 Cum

75 3150 222 3199 mentum
241 3162 306 3200 reon
323 3151 566 3218 apparentium,
580 3153 730 3221 quantum
748 3151 787 3206 ad
805 3150 893 3207 alies.
951 3147 1067 3203 Paulus
1080 3147 1161 3203 dicat
1178 3163 1184 3201 ε
1207 3149 1303 3203 Fides
1317 3152 1365 3203 est
1379 3148 1567 3202 substantia
1581 3161 1693 3202 rerum
1707 3159 1773 3215 spe·

75 3229 132 3286 Sed
146 3231 897 3304 haediffinitionemagIsostenditureffectusfidei
951 3237 1160 3304 rauciacum,
1184 3239 1419 3304 argumentum
1449 3250 1514 3290 non
1541 3235 1774 3303 apparentium

75 3334 169 3390 quam
181 3320 255 3391 quid
266 3320 334 3392 Ipsa
348 3323 388 3376 sii
401 3338 409 3390 3
424 3338 479 3378 nec
495 3325 586 3378 etiam
598 3340 703 3380 omnes
713 3330 815 3397 partes
829 3326 898 3382 fidei
953 3325 1058 3393 (Hebr.
1072 3324 1106 3392 11)
1126 3341 1132 3378 :
1148 3323 1206 3379 hec
1219 3324 1368 3380 veraeIter
1380 3322 1493 3379 diciiur
1505 3322 1610 3391 credit,
1619 3321 1701 3394 quod
1711 3336 1774 3378 non

75 3407 313 3478 comprehendit,
330 3425 398 3464 cum
413 3412 565 3482 speranda
580 3428 641 3468 non
656 3415 821 3484 praeterita,
846 3414 898 3470 sed
952 3412 1035 3470 vaiet
1048 3413 1155 3469 videri.
1171 3413 1251 3469 Nam
1266 3413 1346 3470 credi
1359 3414 1424 3486 jam
1438 3428 1500 3469 non
1512 3415 1622 3486 potest,
1638 3409 1720 3484 quod
1734 3409 1776 3464 vi·

76 3495 181 3550 futura
195 3499 317 3552 tantum
330 3500 503 3555 contineat:
529 3501 628 3567 Quare
644 3503 687 3558 sie
702 3502 825 3558 diffiniri
847 3519 897 3575 po·
954 3501 1018 3557 deri
1030 3503 1138 3573 potest.
1155 3501 1289 3558 Thomas
1310 3501 1394 3557 aIIud
1407 3501 1501 3570 vidit,
1523 3499 1608 3555 aliud
1627 3497 1755 3554 credidIt
1764 3512 1774 3565 3

76 3586 146 3639 test.
158 3586 254 3640 Fides
271 3591 318 3641 est
331 3590 523 3644 uoluntaria
538 3592 699 3645 certitudo
712 3592 897 3647 absentium
913 3631 936 3688 G
955 3590 1109 3646 hominem
1124 3589 1212 3660 vidit,
1229 3593 1258 3646 θῖ
1279 3590 1377 3647 Deum
1400 3590 1558 3646 confessus
1579 3591 1625 3644 est
1647 3586 1773 3642 dicens:

76 3688 178 3743 supra
190 3676 896 3745 opinionemetinfrascientiamconstituta.
955 3680 1039 3735 Deus
1054 3694 1145 3736 incus
1159 3685 1191 3735 et
1201 3681 1359 3735 Dominus
1375 3694 1466 3735 meus
1483 3679 1590 3750 (toan.
1601 3675 1667 3747 xx).
1677 3674 1777 3731 Credi-

76 3761 271 3832 Voluntaria3
284 3764 358 3836 quia
377 3780 438 3820 non
453 3766 582 3836 cogitur,
601 3767 787 3837 absentium,
800 3768 832 3824 id
853 3771 900 3824 est
953 3783 1023 3825 mus
1037 3771 1319 3839 utcognoscamus3
1338 3782 1398 3823 non
1413 3766 1635 3839 cognoscimus,
1655 3768 1690 3820 ut
1714 3777 1774 3819 cre·

77 3850 219 3906 sensibus
231 3852 366 3922 corporis
381 3867 443 3907 non
458 3853 702 3925 subjacendum,
719 3871 812 3928 supra
836 3856 911 3926 opi.
954 3856 1073 3912 dmnus.
1090 3855 1169 3921 Quid
1180 3859 1226 3912 est
1236 3856 1317 3912 enim
1329 3855 1415 3924 fides,
1426 3851 1703 3925 nisierederequod
1713 3866 1775 3907 non

77 3938 421 4009 nienem‚quiaplusest
430 3941 549 3996 erodere
563 3958 656 4013 quam
669 3944 788 4015 opinari
799 3960 807 4013 3
819 3944 900 3999 intra
940 3944 1039 4001 uides
1050 3942 1064 3998 i
1077 3944 1168 4001 Fides
1182 3958 1253 4015 ergo
1275 3949 1321 4000 est
1343 3944 1425 4017 quod
1444 3959 1506 3999 non
1524 3942 1611 3999 vides
1633 3939 1753 3997 credere
1766 3954 1774 4008 3

78 4027 248 4094 scientiam,
269 4027 342 4097 quia
365 4028 467 4083 minus
490 4032 535 4084 est
556 4030 675 4086 credere
695 4047 789 4103 quam
812 4033 897 4089 scire.
931 4025 934 4029 ’
954 4032 1068 4088 veritas
1092 4031 1175 4105 quod
1197 4031 1353 4088 credidisti
1368 4032 1481 4088 videre.
1501 4030 1651 4086 Videntur
1671 4032 1776 4085 tamen

79 4114 150 4170 Ideo
165 4115 246 4170 enim
262 4115 423 4185 credimus,
441 4117 651 4189 utaliquando
666 4120 808 4176 sciamus.
954 4120 1094 4192 quasdam
1107 4121 1303 4177 auctoritates
1313 4121 1390 4177 velle
1404 4119 1486 4193 quod
1500 4118 1575 4176 fides
1587 4117 1679 4175 etiam
1689 4115 1726 4171 de
1737 4113 1776 4170 iis

238 4202 311 4259 Cae.
327 4204 367 4260 II.
388 4208 431 4260 De
445 4221 499 4275 spe
517 4213 547 4262 et
567 4210 738 4264 charitate.
954 4223 1023 4280 quae
1036 4207 1181 4265 videntur
1207 4208 1257 4279 sit,
1282 4212 1317 4264 ut
1336 4209 1370 4265 In
1389 4207 1527 4265 Ioanne:
1547 4208 1644 4262 Nunc
1663 4208 1775 4259 autem

112 4289 326 4347 DefideorItur
337 4307 417 4364 spes,
426 4309 495 4365 quse
508 4295 682 4351 sicdiffinIri
692 4300 793 4368 potest
806 4314 812 4352 ε
825 4299 899 4367 Spes
953 4299 1026 4352 dico
1040 4297 1126 4352 uobis
1134 4299 1335 4367 priusquam
1347 4297 1418 4369 flat,
1435 4301 1472 4351 ut
1482 4310 1555 4351 cum
1571 4293 1698 4362 factum
1708 4289 1778 4360 fue·

21 4453 23 4457 ⁸
78 4386 125 4435 est
140 4380 265 4451 fiducia
278 4380 471 4449 futurorum
487 4385 705 4454 honorumue
719 4389 831 4456 pratia
842 4389 900 4442 Dei
953 4387 1001 4442 rit
1015 4387 1157 4442 credatis
1164 4385 1271 4456 (ioan.
1285 4385 1366 4456 xnr).
1380 4384 1468 4442 Unde
1475 4383 1669 4454 Augustinus
1681 4397 1687 4435 :
1697 4375 1778 4443 Quid

77 4473 110 4524 et
123 4483 164 4524 ea
176 4469 257 4524 oona
266 4473 614 4529 conscientiaueniens.
627 4473 671 4529 De
681 4473 739 4528 fide
752 4478 899 4547 tanquam
954 4473 1014 4529 sibi
1027 4473 1105 4542 wilt,
1122 4479 1160 4529 ut
1174 4488 1247 4530 cum
1258 4473 1386 4543 factum
1401 4473 1509 4543 fuerit
1521 4465 1777 4528 credatisiNam

78 4556 279 4612 fundamento
294 4559 431 4616 omnium
446 4561 597 4618 bonorum
619 4577 688 4634 spes
711 4564 741 4617 et
766 4563 900 4619 charitas
954 4565 984 4617 et
997 4561 1048 4618 ille
1071 4562 1121 4617 cai
1135 4561 1252 4618 dictum
1277 4565 1323 4617 est
1340 4578 1347 4616 :
1364 4564 1447 4622 Onia
1468 4561 1584 4616 uidisti
1603 4556 1777 4614 credidisti

78 4645 239 4714 oriuntur3
256 4647 329 4718 quia
343 4648 421 4704 nihil
437 4654 536 4720 potest
551 4651 668 4721 sperari
682 4650 730 4705 vel
744 4655 899 4723 speratum
955 4650 1062 4721 (ioan.
1077 4650 1153 4721 xx),
1170 4665 1231 4707 nen
1247 4650 1305 4706 hoc
1318 4650 1448 4706 credidit
1461 4647 1543 4722 quod
1553 4647 1640 4704 vidit.
1667 4644 1776 4701 Cerne·

78 4733 175 4789 amari
195 4735 256 4789 nisi
273 4736 359 4807 prius
383 4737 525 4793 credatur
532 4753 540 4806 3
566 4738 647 4793 credi
672 4742 774 4794 autem
800 4742 900 4811 potest
953 4737 1008 4794 bat
1022 4753 1161 4808 earnem3
1177 4738 1318 4794 credebat
1329 4737 1429 4793 Deum
1450 4738 1483 4793 in
1501 4751 1591 4793 carne
1617 4734 1774 4790 latentem.

79 4821 160 4891 quod
175 4837 236 4879 non
252 4828 393 4895 speratur
408 4825 456 4881 vel
471 4830 602 4881 amatur.
618 4826 702 4882 Licet
722 4827 814 4883 sImul
838 4828 901 4883 sInt
954 4826 1013 4883 Sed
1025 4828 1051 4883 si
1066 4827 1196 4884 dicimus
1210 4826 1291 4883 credi
1306 4841 1375 4898 quse
1389 4825 1534 4882 videntur
1544 4824 1635 4897 (sicut
1644 4823 1718 4879 dicit
1726 4820 1778 4877 ali-

79 4912 214 4982 tempore
229 4916 259 4967 et
274 4927 336 4969 non
348 4915 434 4985 prius
448 4914 522 4970 fides
541 4916 620 4986 (quse
636 4916 779 4971 mentum
793 4916 897 4984 habet)
954 4917 1024 4988 quis
1034 4931 1066 4971 se
1076 4915 1172 4973 oculis
1184 4915 1249 4972 suis
1262 4914 1437 4987 credidisse)
1453 4918 1632 4972 nontamen
1648 4913 1716 4985 ipsa
1731 4913 1778 4967 est

77 5011 169 5067 quam
185 5015 255 5072 spes
265 5004 294 5056 et
309 5002 452 5072 charitas,
467 5007 568 5058 tamen
584 5005 615 5058 in
627 5019 720 5059 causa
733 5005 808 5059 fides
823 5020 897 5076 prae·
954 5020 1023 5077 quac
1038 5006 1206 5061 aedificatur
1220 5005 1252 5060 in
1266 5004 1356 5060 nobis
1369 5003 1444 5059 fides
1450 5019 1459 5073 3
1476 5002 1529 5058 sed
1543 5018 1581 5059 ex
1592 5002 1683 5057 rebus
1698 5015 1778 5072 quas

78 5086 157 5140 cedit
173 5103 258 5160 spem
274 5094 303 5143 et
317 5090 506 5159 charitatem,
524 5091 597 5163 quia
611 5091 682 5147 inde
697 5108 855 5163 speramus
870 5095 900 5148 et
953 5094 1092 5150 videmus
1105 5094 1206 5163 agItur
1215 5092 1248 5148 In
1255 5093 1354 5161 nobis,
1367 5097 1402 5149 ut
1414 5107 1450 5147 ea
1460 5092 1623 5148 credantur
1632 5105 1701 5162 quae
1714 5103 1778 5145 non

76 5173 233 5246 dirigimus
241 5177 488 5247 quedcredimus3
499 5179 743 5253 sImiIIterexspe
754 5182 898 5251 chariias,
952 5182 1105 5238 videntur.
1122 5180 1205 5236 Idem
1218 5181 1410 5253 Augustiana
1424 5180 1457 5236 In
1472 5179 1551 5235 libro
1564 5178 1777 5244 Quaestionum

78 5263 151 5333 quia
163 5264 231 5318 idco
244 5263 401 5334 diligitaus
413 5266 520 5321 futura
530 5267 622 5336 bona,
637 5269 712 5340 quia
727 5285 896 5341 speramus.
953 5268 1208 5340 Evangeliorum:
1225 5269 1281 5326 Est
1294 5269 1385 5325 etium
1408 5268 1483 5324 fides
1507 5282 1627 5335 rerum,
1652 5264 1778 5337 quando

77 5348 164 5412 Quod
178 5351 259 5405 enim
275 5366 433 5422 speramus
455 5369 509 5409 nos
523 5354 697 5425 adepturos,
722 5349 779 5412 hde
799 5357 898 5428 diligi·
953 5372 1015 5414 non
1028 5357 1139 5427 verbis,
1154 5358 1207 5413 sed
1221 5359 1312 5414 rebus
1326 5358 1401 5430 IpsIs
1415 5354 1619 5427 praesentibus
1630 5352 1776 5420 creditur3

77 5451 156 5490 mus.
171 5437 229 5492 Sed
246 5439 329 5510 quia,
346 5443 381 5494 ut
395 5443 561 5497 auctorItas
576 5442 659 5512 dieii,
678 5460 746 5516 spes
768 5449 797 5500 st
812 5445 898 5502 certi·
953 5460 1022 5502 eum
1032 5447 1096 5518 jam
1111 5463 1165 5519 per
1179 5448 1308 5519 speciem
1320 5445 1517 5502 manifestam
1526 5458 1558 5499 se
1572 5439 1779 5513 contemplan-

77 5521 151 5619 tudo
165 5527 290 5582 veniens
302 5545 339 5584 ex
351 5529 591 5601 praecedentibus
605 5532 721 5587 meritis
734 5549 743 5601 3
761 5537 790 5588 et
804 5534 897 5591 item:
953 5533 1024 5590 dam
1040 5535 1188 5609 praebebit
1203 5535 1318 5591 sanctis
1331 5535 1400 5607 ipsa
1413 5532 1470 5589 Dei
1485 5532 1647 5604 sapientia.
1660 5530 1704 5586 Dc
1715 5545 1778 5600 ilua

76 5605 147 5663 Sine
160 5613 277 5706 merids
297 5632 417 5690 sperare
433 5634 495 5675 non
519 5635 604 5692 epea,
626 5620 679 5677 sed
698 5623 898 5695 praesumptio
951 5622 1010 5680 tide
1019 5623 1271 5696 rerumlueisque
1279 5621 1377 5696 ipsius
1386 5619 1687 5695 praesentianrsItan
1702 5616 1779 5674 Pau·

74 5694 167 5750 debet
178 5694 237 5753 diei
250 5716 259 5768 3
281 5709 312 5761 et
332 5707 398 5764 sine
418 5707 567 5766 charitate
591 5709 711 5767 nullum
733 5713 876 5770 meritum
890 5731 896 5771 :
950 5711 1001 5770 lus
1015 5712 1089 5770 dicIt
1103 5729 1109 5768 :
1124 5713 1264 5769 iustitia
1279 5712 1369 5768 enim
1383 5712 1442 5768 Dei
1454 5709 1624 5768 revelatur
1637 5709 1674 5764 in
1686 5721 1722 5764 eo
1735 5721 1778 5762 eu
