<?xml version="1.0" encoding="UTF-8"?>
<!DOCTYPE html PUBLIC "-//W3C//DTD XHTML 1.0 Transitional//EN"
    "http://www.w3.org/TR/xhtml1/DTD/xhtml1-transitional.dtd">
<html xmlns="http://www.w3.org/1999/xhtml" xml:lang="en" lang="en">
 <head>
  <title>
</title>
<meta http-equiv="Content-Type" content="text/html;charset=utf-8" />
  <meta name='ocr-system' content='tesseract 3.04.00' />
  <meta name='ocr-capabilities' content='ocr_page ocr_carea ocr_par ocr_line ocrx_word'/>
</head>
<body>
  <div class='ocr_page' id='page_1' title='image "./patrologiaecurs05migngoog_0321.png"; bbox 0 0 3742 6082; ppageno 0'>
   <div class='ocr_carea' id='block_1_1' title="bbox 72 178 1780 250">
    <p class='ocr_par' dir='ltr' id='par_1_1' title="bbox 72 178 1780 250">
     <span class='ocr_line' id='line_1_1' title="bbox 72 178 1780 250; baseline 0.005 -9"><span class='ocrx_word' id='word_1_1' title='bbox 72 189 127 250; x_wconf 75' lang='grc'>623</span> <span class='ocrx_word' id='word_1_2' title='bbox 376 180 553 243; x_wconf 79' lang='lat' dir='ltr'>HUGONIS</span> <span class='ocrx_word' id='word_1_3' title='bbox 570 180 626 240; x_wconf 74' lang='grc' dir='ltr'>ΒΕ</span> <span class='ocrx_word' id='word_1_4' title='bbox 643 181 673 239; x_wconf 89' lang='lat' dir='ltr'>S.</span> <span class='ocrx_word' id='word_1_5' title='bbox 694 178 866 239; x_wconf 76' lang='lat' dir='ltr'>vtcroau</span> <span class='ocrx_word' id='word_1_6' title='bbox 883 180 969 240; x_wconf 88' lang='lat' dir='ltr'><strong>OPP.</strong></span> <span class='ocrx_word' id='word_1_7' title='bbox 989 183 1091 242; x_wconf 78' lang='lat' dir='ltr'>PARS</span> <span class='ocrx_word' id='word_1_8' title='bbox 1107 183 1147 242; x_wconf 86' lang='lat'>11.</span> <span class='ocrx_word' id='word_1_9' title='bbox 1174 212 1211 226; x_wconf 97' lang='lat'>-</span> <span class='ocrx_word' id='word_1_10' title='bbox 1228 181 1474 242; x_wconf 73' lang='lat' dir='ltr'>nostrumne.</span> <span class='ocrx_word' id='word_1_11' title='bbox 1725 184 1780 249; x_wconf 69' lang='lat'>624</span> 
     </span>
    </p>
   </div>
   <div class='ocr_carea' id='block_1_2' title="bbox 26 307 1810 5718">
    <p class='ocr_par' dir='ltr' id='par_1_2' title="bbox 26 307 1785 2520">
     <span class='ocr_line' id='line_1_2' title="bbox 75 307 1779 385; baseline -0.002 -14"><span class='ocrx_word' id='word_1_12' title='bbox 75 317 122 371; x_wconf 87' lang='lat' dir='ltr'>est</span> <span class='ocrx_word' id='word_1_13' title='bbox 144 312 246 371; x_wconf 92' lang='lat' dir='ltr'>omnis</span> <span class='ocrx_word' id='word_1_14' title='bbox 267 315 349 369; x_wconf 89' lang='lat' dir='ltr'>terra</span> <span class='ocrx_word' id='word_1_15' title='bbox 371 314 532 385; x_wconf 88' lang='lat' dir='ltr'>majestate</span> <span class='ocrx_word' id='word_1_16' title='bbox 555 314 631 385; x_wconf 87' lang='lat' dir='ltr'>ejus,</span> <span class='ocrx_word' id='word_1_17' title='bbox 647 318 678 369; x_wconf 88' lang='lat' dir='ltr'>et</span> <span class='ocrx_word' id='word_1_18' title='bbox 693 328 731 369; x_wconf 83' lang='lat' dir='ltr'>ea</span> <span class='ocrx_word' id='word_1_19' title='bbox 754 309 898 383; x_wconf 74' lang='lat' dir='ltr'>quarab</span> <span class='ocrx_word' id='word_1_20' title='bbox 913 307 1046 385; x_wconf 80' lang='lat' dir='ltr'>Asuper</span> <span class='ocrx_word' id='word_1_21' title='bbox 1067 311 1178 369; x_wconf 88' lang='lat' dir='ltr'>solium</span> <span class='ocrx_word' id='word_1_22' title='bbox 1201 312 1285 369; x_wconf 90' lang='lat' dir='ltr'>Deus</span> <span class='ocrx_word' id='word_1_23' title='bbox 1304 313 1407 370; x_wconf 90' lang='lat' dir='ltr'>sedere</span> <span class='ocrx_word' id='word_1_24' title='bbox 1433 312 1554 383; x_wconf 89' lang='lat' dir='ltr'>dicitur,</span> <span class='ocrx_word' id='word_1_25' title='bbox 1570 314 1601 383; x_wconf 84' lang='lat' dir='ltr'>et</span> <span class='ocrx_word' id='word_1_26' title='bbox 1622 311 1779 385; x_wconf 81' lang='lat' dir='ltr'>seraphim</span> 
     </span>
     <span class='ocr_line' id='line_1_3' title="bbox 76 401 1777 476; baseline -0.001 -17"><span class='ocrx_word' id='word_1_27' title='bbox 76 404 589 474; x_wconf 79' lang='lat' dir='ltr'>ipsoerantreplebanttemplum</span> <span class='ocrx_word' id='word_1_28' title='bbox 600 401 899 476; x_wconf 76' lang='lat' dir='ltr'>(Iea.vrl.Templum</span> <span class='ocrx_word' id='word_1_29' title='bbox 953 417 1045 476; x_wconf 91' lang='lat' dir='ltr'>super</span> <span class='ocrx_word' id='word_1_30' title='bbox 1059 402 1170 459; x_wconf 91' lang='lat' dir='ltr'>solium</span> <span class='ocrx_word' id='word_1_31' title='bbox 1185 418 1247 458; x_wconf 90' lang='lat' dir='ltr'>non</span> <span class='ocrx_word' id='word_1_32' title='bbox 1263 403 1376 473; x_wconf 87' lang='lat' dir='ltr'>sedere,</span> <span class='ocrx_word' id='word_1_33' title='bbox 1392 402 1445 459; x_wconf 92' lang='lat' dir='ltr'>sed</span> <span class='ocrx_word' id='word_1_34' title='bbox 1467 405 1548 459; x_wconf 89' lang='lat' dir='ltr'>stare</span> <span class='ocrx_word' id='word_1_35' title='bbox 1567 402 1777 475; x_wconf 83' lang='lat' dir='ltr'>perhibentur.</span> 
     </span>
     <span class='ocr_line' id='line_1_4' title="bbox 77 490 1779 564; baseline -0.001 -15"><span class='ocrx_word' id='word_1_36' title='bbox 77 497 123 549; x_wconf 85' lang='lat' dir='ltr'>eet</span> <span class='ocrx_word' id='word_1_37' title='bbox 146 492 275 564; x_wconf 88' lang='lat' dir='ltr'>angelici</span> <span class='ocrx_word' id='word_1_38' title='bbox 297 493 361 548; x_wconf 87' lang='lat' dir='ltr'>sive</span> <span class='ocrx_word' id='word_1_39' title='bbox 384 491 512 547; x_wconf 90' lang='lat' dir='ltr'>humani</span> <span class='ocrx_word' id='word_1_40' title='bbox 538 490 710 547; x_wconf 89' lang='lat' dir='ltr'>intellectus</span> <span class='ocrx_word' id='word_1_41' title='bbox 735 492 898 564; x_wconf 76' lang='lat' dir='ltr'>capacitas,</span> <span class='ocrx_word' id='word_1_42' title='bbox 953 491 992 546; x_wconf 84' lang='lat' dir='ltr'>Et</span> <span class='ocrx_word' id='word_1_43' title='bbox 1006 491 1231 564; x_wconf 81' lang='lat' dir='ltr'>quiasuperius</span> <span class='ocrx_word' id='word_1_44' title='bbox 1245 492 1367 548; x_wconf 92' lang='lat' dir='ltr'>duobus</span> <span class='ocrx_word' id='word_1_45' title='bbox 1380 492 1479 548; x_wconf 89' lang='lat' dir='ltr'>modis</span> <span class='ocrx_word' id='word_1_46' title='bbox 1493 492 1551 548; x_wconf 91' lang='lat' dir='ltr'>hoc</span> <span class='ocrx_word' id='word_1_47' title='bbox 1565 491 1779 548; x_wconf 89' lang='lat' dir='ltr'>soliuminter-</span> 
     </span>
     <span class='ocr_line' id='line_1_5' title="bbox 76 578 1784 654; baseline -0.001 -16"><span class='ocrx_word' id='word_1_48' title='bbox 76 581 159 654; x_wconf 88' lang='lat' dir='ltr'>quod</span> <span class='ocrx_word' id='word_1_49' title='bbox 169 580 283 637; x_wconf 89' lang='lat' dir='ltr'>scilicet</span> <span class='ocrx_word' id='word_1_50' title='bbox 292 580 440 652; x_wconf 91' lang='lat' dir='ltr'>templum</span> <span class='ocrx_word' id='word_1_51' title='bbox 452 578 597 651; x_wconf 85' lang='lat' dir='ltr'>impletur</span> <span class='ocrx_word' id='word_1_52' title='bbox 607 579 646 634; x_wconf 91' lang='lat' dir='ltr'>ab</span> <span class='ocrx_word' id='word_1_53' title='bbox 658 579 785 653; x_wconf 87' lang='lat' dir='ltr'>hisquae</span> <span class='ocrx_word' id='word_1_54' title='bbox 797 581 854 637; x_wconf 92' lang='lat' dir='ltr'>sub</span> <span class='ocrx_word' id='word_1_55' title='bbox 865 597 899 637; x_wconf 94' lang='lat' dir='ltr'>eo</span> <span class='ocrx_word' id='word_1_56' title='bbox 951 581 1062 651; x_wconf 82' lang='lat' dir='ltr'>prelati</span> <span class='ocrx_word' id='word_1_57' title='bbox 1075 581 1363 650; x_wconf 89' lang='lat' dir='ltr'>sumus,secundum</span> <span class='ocrx_word' id='word_1_58' title='bbox 1377 583 1543 653; x_wconf 89' lang='lat' dir='ltr'>utrumque</span> <span class='ocrx_word' id='word_1_59' title='bbox 1554 580 1681 637; x_wconf 91' lang='lat' dir='ltr'>modum</span> <span class='ocrx_word' id='word_1_60' title='bbox 1693 596 1784 653; x_wconf 83' lang='lat' dir='ltr'>expo·</span> 
     </span>
     <span class='ocr_line' id='line_1_6' title="bbox 76 668 1779 743; baseline 0 -17"><span class='ocrx_word' id='word_1_61' title='bbox 76 674 158 726; x_wconf 86' lang='lat' dir='ltr'>aunt.</span> <span class='ocrx_word' id='word_1_62' title='bbox 175 670 253 736; x_wconf 88' lang='lat' dir='ltr'>Quia</span> <span class='ocrx_word' id='word_1_63' title='bbox 268 673 355 724; x_wconf 88' lang='lat' dir='ltr'>tante</span> <span class='ocrx_word' id='word_1_64' title='bbox 376 671 421 723; x_wconf 87' lang='lat' dir='ltr'>est</span> <span class='ocrx_word' id='word_1_65' title='bbox 440 668 615 723; x_wconf 87' lang='lat' dir='ltr'>divinorum</span> <span class='ocrx_word' id='word_1_66' title='bbox 630 684 757 740; x_wconf 92' lang='lat' dir='ltr'>operum</span> <span class='ocrx_word' id='word_1_67' title='bbox 772 671 898 725; x_wconf 87' lang='lat' dir='ltr'>immen·</span> <span class='ocrx_word' id='word_1_68' title='bbox 954 670 1096 725; x_wconf 89' lang='lat' dir='ltr'>sitionem</span> <span class='ocrx_word' id='word_1_69' title='bbox 1121 670 1267 743; x_wconf 88' lang='lat' dir='ltr'>adaptare</span> <span class='ocrx_word' id='word_1_70' title='bbox 1291 670 1447 726; x_wconf 88' lang='lat' dir='ltr'>debemus.</span> <span class='ocrx_word' id='word_1_71' title='bbox 1463 670 1495 726; x_wconf 88' lang='lat' dir='ltr'>Si</span> <span class='ocrx_word' id='word_1_72' title='bbox 1514 686 1585 741; x_wconf 92' lang='lat' dir='ltr'>ergo</span> <span class='ocrx_word' id='word_1_73' title='bbox 1598 685 1653 742; x_wconf 91' lang='lat' dir='ltr'>per</span> <span class='ocrx_word' id='word_1_74' title='bbox 1668 671 1779 727; x_wconf 86' lang='lat' dir='ltr'>solium</span> 
     </span>
     <span class='ocr_line' id='line_1_7' title="bbox 75 757 1781 831; baseline 0 -16"><span class='ocrx_word' id='word_1_75' title='bbox 75 760 162 828; x_wconf 90' lang='lat' dir='ltr'>sitas,</span> <span class='ocrx_word' id='word_1_76' title='bbox 177 762 212 814; x_wconf 95' lang='lat' dir='ltr'>ut</span> <span class='ocrx_word' id='word_1_77' title='bbox 227 757 266 813; x_wconf 91' lang='lat' dir='ltr'>ad</span> <span class='ocrx_word' id='word_1_78' title='bbox 280 773 316 813; x_wconf 90' lang='lat' dir='ltr'>ea</span> <span class='ocrx_word' id='word_1_79' title='bbox 332 757 462 829; x_wconf 85' lang='lat' dir='ltr'>perfecte</span> <span class='ocrx_word' id='word_1_80' title='bbox 486 757 769 830; x_wconf 90' lang='lat' dir='ltr'>comprehendenda</span> <span class='ocrx_word' id='word_1_81' title='bbox 784 759 900 816; x_wconf 89' lang='lat' dir='ltr'>nullius</span> <span class='ocrx_word' id='word_1_82' title='bbox 953 758 1009 814; x_wconf 92' lang='lat' dir='ltr'>Dei</span> <span class='ocrx_word' id='word_1_83' title='bbox 1023 758 1200 831; x_wconf 74' lang='lat' dir='ltr'>spirituales</span> <span class='ocrx_word' id='word_1_84' title='bbox 1214 762 1370 815; x_wconf 89' lang='lat' dir='ltr'>creaturas</span> <span class='ocrx_word' id='word_1_85' title='bbox 1395 759 1572 831; x_wconf 80' lang='lat' dir='ltr'>accipimus,</span> <span class='ocrx_word' id='word_1_86' title='bbox 1588 763 1669 816; x_wconf 88' lang='lat' dir='ltr'>recte</span> <span class='ocrx_word' id='word_1_87' title='bbox 1690 775 1781 831; x_wconf 90' lang='lat' dir='ltr'>super</span> 
     </span>
     <span class='ocr_line' id='line_1_8' title="bbox 76 839 1782 920; baseline 0.001 -17"><span class='ocrx_word' id='word_1_88' title='bbox 76 850 221 903; x_wconf 88' lang='lat' dir='ltr'>creatura</span> <span class='ocrx_word' id='word_1_89' title='bbox 245 845 448 916; x_wconf 77' lang='lat' dir='ltr'>intelligentia</span> <span class='ocrx_word' id='word_1_90' title='bbox 470 846 609 901; x_wconf 86' lang='lat' dir='ltr'>sufficiat.</span> <span class='ocrx_word' id='word_1_91' title='bbox 625 844 736 918; x_wconf 88' lang='lat' dir='ltr'>Implet</span> <span class='ocrx_word' id='word_1_92' title='bbox 755 863 807 903; x_wconf 91' lang='lat' dir='ltr'>cor</span> <span class='ocrx_word' id='word_1_93' title='bbox 830 839 898 904; x_wconf 88' lang='lat' dir='ltr'>uos·</span> <span class='ocrx_word' id='word_1_94' title='bbox 954 846 1064 903; x_wconf 89' lang='lat' dir='ltr'>solium</span> <span class='ocrx_word' id='word_1_95' title='bbox 1090 847 1174 903; x_wconf 88' lang='lat' dir='ltr'>Deus</span> <span class='ocrx_word' id='word_1_96' title='bbox 1197 847 1307 903; x_wconf 89' lang='lat' dir='ltr'>sedens</span> <span class='ocrx_word' id='word_1_97' title='bbox 1335 841 1518 904; x_wconf 80' lang='lat' dir='ltr'>describitur</span> <span class='ocrx_word' id='word_1_98' title='bbox 1547 848 1620 919; x_wconf 92' lang='lat' dir='ltr'>quia</span> <span class='ocrx_word' id='word_1_99' title='bbox 1645 848 1782 920; x_wconf 80' lang='lat' dir='ltr'>dignitas</span> 
     </span>
     <span class='ocr_line' id='line_1_9' title="bbox 76 934 1782 1010; baseline 0.002 -19"><span class='ocrx_word' id='word_1_100' title='bbox 76 939 156 991; x_wconf 90' lang='lat' dir='ltr'>trum</span> <span class='ocrx_word' id='word_1_101' title='bbox 169 934 372 991; x_wconf 80' lang='lat' dir='ltr'>consideratio</span> <span class='ocrx_word' id='word_1_102' title='bbox 392 950 496 989; x_wconf 90' lang='lat' dir='ltr'>eorum</span> <span class='ocrx_word' id='word_1_103' title='bbox 519 949 581 990; x_wconf 92' lang='lat' dir='ltr'>non</span> <span class='ocrx_word' id='word_1_104' title='bbox 601 935 900 1007; x_wconf 87' lang='lat' dir='ltr'>comprehenditura</span> <span class='ocrx_word' id='word_1_105' title='bbox 953 935 1077 991; x_wconf 87' lang='lat' dir='ltr'>deitatis</span> <span class='ocrx_word' id='word_1_106' title='bbox 1089 938 1124 991; x_wconf 91' lang='lat' dir='ltr'>ut</span> <span class='ocrx_word' id='word_1_107' title='bbox 1134 937 1175 992; x_wconf 85' lang='lat' dir='ltr'>eit</span> <span class='ocrx_word' id='word_1_108' title='bbox 1185 936 1391 1010; x_wconf 89' lang='lat' dir='ltr'>superomnia</span> <span class='ocrx_word' id='word_1_109' title='bbox 1401 952 1456 993; x_wconf 91' lang='lat' dir='ltr'>nec</span> <span class='ocrx_word' id='word_1_110' title='bbox 1469 937 1782 1010; x_wconf 87' lang='lat' dir='ltr'>virtuteproficit,nec</span> 
     </span>
     <span class='ocr_line' id='line_1_10' title="bbox 75 1022 1782 1099; baseline 0.001 -19"><span class='ocrx_word' id='word_1_111' title='bbox 75 1022 163 1080; x_wconf 88' lang='lat' dir='ltr'>corde</span> <span class='ocrx_word' id='word_1_112' title='bbox 187 1026 292 1079; x_wconf 91' lang='lat' dir='ltr'>nostro</span> <span class='ocrx_word' id='word_1_113' title='bbox 314 1023 507 1078; x_wconf 80' lang='lat' dir='ltr'>immensitas</span> <span class='ocrx_word' id='word_1_114' title='bbox 522 1037 638 1079; x_wconf 80' lang='lat' dir='ltr'>eorum.</span> <span class='ocrx_word' id='word_1_115' title='bbox 655 1023 813 1089; x_wconf 85' lang='lat' dir='ltr'>Quomodo</span> <span class='ocrx_word' id='word_1_116' title='bbox 827 1040 899 1097; x_wconf 87' lang='lat' dir='ltr'>ergo</span> <span class='ocrx_word' id='word_1_117' title='bbox 953 1024 1106 1097; x_wconf 87' lang='lat' dir='ltr'>sapientia</span> <span class='ocrx_word' id='word_1_118' title='bbox 1120 1025 1310 1094; x_wconf 89' lang='lat' dir='ltr'>crescit,cum</span> <span class='ocrx_word' id='word_1_119' title='bbox 1325 1024 1483 1099; x_wconf 90' lang='lat' dir='ltr'>plenitudo</span> <span class='ocrx_word' id='word_1_120' title='bbox 1499 1025 1603 1097; x_wconf 89' lang='lat' dir='ltr'>augeri</span> <span class='ocrx_word' id='word_1_121' title='bbox 1614 1027 1782 1098; x_wconf 90' lang='lat' dir='ltr'>possit,nec</span> 
     </span>
     <span class='ocr_line' id='line_1_11' title="bbox 74 1111 1782 1189; baseline 0.002 -21"><span class='ocrx_word' id='word_1_122' title='bbox 74 1112 221 1168; x_wconf 83' lang='lat' dir='ltr'>factorem</span> <span class='ocrx_word' id='word_1_123' title='bbox 244 1111 345 1183; x_wconf 87' lang='lat' dir='ltr'>operis</span> <span class='ocrx_word' id='word_1_124' title='bbox 365 1111 617 1183; x_wconf 88' lang='lat' dir='ltr'>comprehendere</span> <span class='ocrx_word' id='word_1_125' title='bbox 641 1112 822 1184; x_wconf 87' lang='lat' dir='ltr'>valebimus,</span> <span class='ocrx_word' id='word_1_126' title='bbox 846 1115 900 1187; x_wconf 90' lang='lat' dir='ltr'>qui</span> <span class='ocrx_word' id='word_1_127' title='bbox 953 1113 1110 1169; x_wconf 87' lang='lat' dir='ltr'>aternitas</span> <span class='ocrx_word' id='word_1_128' title='bbox 1124 1114 1345 1183; x_wconf 78' lang='lat' dir='ltr'>variari3mens</span> <span class='ocrx_word' id='word_1_129' title='bbox 1359 1115 1581 1171; x_wconf 88' lang='lat' dir='ltr'>verohumana</span> <span class='ocrx_word' id='word_1_130' title='bbox 1595 1115 1718 1187; x_wconf 89' lang='lat' dir='ltr'>quoties</span> <span class='ocrx_word' id='word_1_131' title='bbox 1730 1131 1782 1189; x_wconf 88' lang='lat' dir='ltr'>per</span> 
     </span>
     <span class='ocr_line' id='line_1_12' title="bbox 73 1199 1782 1276; baseline 0.002 -19"><span class='ocrx_word' id='word_1_132' title='bbox 73 1201 177 1275; x_wconf 88' lang='lat' dir='ltr'>ipsum</span> <span class='ocrx_word' id='word_1_133' title='bbox 192 1215 270 1272; x_wconf 90' lang='lat' dir='ltr'>opus</span> <span class='ocrx_word' id='word_1_134' title='bbox 284 1200 409 1255; x_wconf 85' lang='lat' dir='ltr'>factoris</span> <span class='ocrx_word' id='word_1_135' title='bbox 423 1199 461 1256; x_wconf 92' lang='lat' dir='ltr'>ad</span> <span class='ocrx_word' id='word_1_136' title='bbox 478 1200 604 1272; x_wconf 88' lang='lat' dir='ltr'>plenum</span> <span class='ocrx_word' id='word_1_137' title='bbox 620 1217 726 1275; x_wconf 90' lang='lat' dir='ltr'>capere</span> <span class='ocrx_word' id='word_1_138' title='bbox 747 1218 809 1258; x_wconf 92' lang='lat' dir='ltr'>non</span> <span class='ocrx_word' id='word_1_139' title='bbox 823 1203 901 1260; x_wconf 82' lang='lat' dir='ltr'>vale</span> <span class='ocrx_word' id='word_1_140' title='bbox 953 1202 1158 1274; x_wconf 89' lang='lat' dir='ltr'>cognitionem</span> <span class='ocrx_word' id='word_1_141' title='bbox 1169 1218 1263 1260; x_wconf 83' lang='lat' dir='ltr'>sacra</span> <span class='ocrx_word' id='word_1_142' title='bbox 1272 1202 1436 1276; x_wconf 77' lang='lat' dir='ltr'>Scriptura</span> <span class='ocrx_word' id='word_1_143' title='bbox 1448 1203 1624 1260; x_wconf 88' lang='lat' dir='ltr'>illuminata</span> <span class='ocrx_word' id='word_1_144' title='bbox 1634 1203 1674 1261; x_wconf 91' lang='lat' dir='ltr'>ad</span> <span class='ocrx_word' id='word_1_145' title='bbox 1683 1204 1782 1261; x_wconf 77' lang='lat' dir='ltr'>coeles</span> 
     </span>
     <span class='ocr_line' id='line_1_13' title="bbox 75 1286 1782 1366; baseline 0.002 -20"><span class='ocrx_word' id='word_1_146' title='bbox 75 1303 146 1346; x_wconf 90' lang='lat' dir='ltr'>mus</span> <span class='ocrx_word' id='word_1_147' title='bbox 168 1286 182 1342; x_wconf 82' lang='lat' dir='ltr'>l</span> <span class='ocrx_word' id='word_1_148' title='bbox 205 1288 374 1344; x_wconf 87' lang='lat' dir='ltr'>Possumus</span> <span class='ocrx_word' id='word_1_149' title='bbox 389 1288 481 1344; x_wconf 88' lang='lat' dir='ltr'>etiam</span> <span class='ocrx_word' id='word_1_150' title='bbox 505 1288 603 1346; x_wconf 92' lang='lat' dir='ltr'>dicere</span> <span class='ocrx_word' id='word_1_151' title='bbox 622 1290 704 1363; x_wconf 89' lang='lat' dir='ltr'>quod</span> <span class='ocrx_word' id='word_1_152' title='bbox 720 1290 830 1347; x_wconf 87' lang='lat' dir='ltr'>solium</span> <span class='ocrx_word' id='word_1_153' title='bbox 843 1293 900 1348; x_wconf 89' lang='lat' dir='ltr'>hoc</span> <span class='ocrx_word' id='word_1_154' title='bbox 953 1292 998 1347; x_wconf 88' lang='lat' dir='ltr'>tie</span> <span class='ocrx_word' id='word_1_155' title='bbox 1009 1291 1244 1364; x_wconf 88' lang='lat' dir='ltr'>contemplanda</span> <span class='ocrx_word' id='word_1_156' title='bbox 1258 1292 1448 1362; x_wconf 88' lang='lat' dir='ltr'>sublevatur,</span> <span class='ocrx_word' id='word_1_157' title='bbox 1459 1292 1486 1348; x_wconf 86' lang='lat' dir='ltr'>ei</span> <span class='ocrx_word' id='word_1_158' title='bbox 1500 1293 1585 1365; x_wconf 82' lang='lat' dir='ltr'>ipsos</span> <span class='ocrx_word' id='word_1_159' title='bbox 1598 1308 1782 1366; x_wconf 90' lang='lat' dir='ltr'>quoquean·</span> 
     </span>
     <span class='ocr_line' id='line_1_14' title="bbox 76 1375 1782 1455; baseline 0.004 -22"><span class='ocrx_word' id='word_1_160' title='bbox 76 1376 228 1433; x_wconf 87' lang='lat' dir='ltr'>excelsum</span> <span class='ocrx_word' id='word_1_161' title='bbox 245 1379 275 1432; x_wconf 90' lang='lat' dir='ltr'>et</span> <span class='ocrx_word' id='word_1_162' title='bbox 287 1375 449 1447; x_wconf 87' lang='lat' dir='ltr'>elevatum,</span> <span class='ocrx_word' id='word_1_163' title='bbox 465 1378 498 1432; x_wconf 92' lang='lat' dir='ltr'>in</span> <span class='ocrx_word' id='word_1_164' title='bbox 511 1393 572 1451; x_wconf 91' lang='lat' dir='ltr'>quo</span> <span class='ocrx_word' id='word_1_165' title='bbox 588 1378 672 1435; x_wconf 89' lang='lat' dir='ltr'>sedet</span> <span class='ocrx_word' id='word_1_166' title='bbox 684 1380 777 1450; x_wconf 88' lang='lat' dir='ltr'>Deus,</span> <span class='ocrx_word' id='word_1_167' title='bbox 785 1382 901 1436; x_wconf 89' lang='lat' dir='ltr'>aterni·</span> <span class='ocrx_word' id='word_1_168' title='bbox 952 1379 1782 1455; x_wconf 85' lang='lat' dir='ltr'>gelorumchorustranscendensusqueadprasentiam</span> 
     </span>
     <span class='ocr_line' id='line_1_15' title="bbox 75 1464 1783 1543; baseline 0.004 -23"><span class='ocrx_word' id='word_1_169' title='bbox 75 1468 124 1521; x_wconf 88' lang='lat' dir='ltr'>tas</span> <span class='ocrx_word' id='word_1_170' title='bbox 145 1465 188 1520; x_wconf 90' lang='lat' dir='ltr'>sit</span> <span class='ocrx_word' id='word_1_171' title='bbox 212 1464 345 1535; x_wconf 88' lang='lat' dir='ltr'>deitatis,</span> <span class='ocrx_word' id='word_1_172' title='bbox 361 1466 436 1538; x_wconf 89' lang='lat' dir='ltr'>quia</span> <span class='ocrx_word' id='word_1_173' title='bbox 458 1466 495 1522; x_wconf 92' lang='lat' dir='ltr'>de</span> <span class='ocrx_word' id='word_1_174' title='bbox 513 1467 581 1539; x_wconf 87' lang='lat' dir='ltr'>ipso</span> <span class='ocrx_word' id='word_1_175' title='bbox 601 1467 665 1524; x_wconf 88' lang='lat' dir='ltr'>solo</span> <span class='ocrx_word' id='word_1_176' title='bbox 689 1467 802 1524; x_wconf 90' lang='lat' dir='ltr'>dicitur</span> <span class='ocrx_word' id='word_1_177' title='bbox 819 1487 825 1525; x_wconf 88' lang='lat'>:</span> <span class='ocrx_word' id='word_1_178' title='bbox 841 1469 900 1535; x_wconf 89' lang='lat' dir='ltr'>Qui</span> <span class='ocrx_word' id='word_1_179' title='bbox 954 1468 1121 1526; x_wconf 87' lang='lat' dir='ltr'>conditoris</span> <span class='ocrx_word' id='word_1_180' title='bbox 1144 1471 1192 1526; x_wconf 91' lang='lat' dir='ltr'>sui</span> <span class='ocrx_word' id='word_1_181' title='bbox 1215 1470 1388 1543; x_wconf 84' lang='lat' dir='ltr'>profecerit,</span> <span class='ocrx_word' id='word_1_182' title='bbox 1408 1486 1501 1542; x_wconf 90' lang='lat' dir='ltr'>super</span> <span class='ocrx_word' id='word_1_183' title='bbox 1525 1469 1636 1527; x_wconf 88' lang='lat' dir='ltr'>solium</span> <span class='ocrx_word' id='word_1_184' title='bbox 1659 1471 1783 1543; x_wconf 90' lang='lat' dir='ltr'>quidem</span> 
     </span>
     <span class='ocr_line' id='line_1_16' title="bbox 67 1544 1782 1633; baseline 0.003 -23"><span class='ocrx_word' id='word_1_185' title='bbox 67 1544 197 1610; x_wconf 80' lang='lat' dir='ltr'>‘habitat</span> <span class='ocrx_word' id='word_1_186' title='bbox 209 1557 430 1611; x_wconf 81' lang='lat' dir='ltr'>oeteraitctem</span> <span class='ocrx_word' id='word_1_187' title='bbox 447 1554 524 1627; x_wconf 79' lang='lat' dir='ltr'>(Iac.</span> <span class='ocrx_word' id='word_1_188' title='bbox 540 1554 627 1628; x_wconf 80' lang='lat' dir='ltr'>nvn),</span> <span class='ocrx_word' id='word_1_189' title='bbox 644 1573 705 1613; x_wconf 92' lang='lat' dir='ltr'>non</span> <span class='ocrx_word' id='word_1_190' title='bbox 721 1558 804 1630; x_wconf 93' lang='lat' dir='ltr'>quod</span> <span class='ocrx_word' id='word_1_191' title='bbox 816 1557 900 1615; x_wconf 84' lang='lat' dir='ltr'>aliud</span> <span class='ocrx_word' id='word_1_192' title='bbox 954 1557 1101 1628; x_wconf 87' lang='lat' dir='ltr'>ascendit,</span> <span class='ocrx_word' id='word_1_193' title='bbox 1111 1557 1164 1614; x_wconf 88' lang='lat' dir='ltr'>sed</span> <span class='ocrx_word' id='word_1_194' title='bbox 1178 1561 1282 1614; x_wconf 87' lang='lat' dir='ltr'>tamen</span> <span class='ocrx_word' id='word_1_195' title='bbox 1297 1562 1359 1614; x_wconf 86' lang='lat' dir='ltr'>stat</span> <span class='ocrx_word' id='word_1_196' title='bbox 1371 1574 1433 1616; x_wconf 88' lang='lat' dir='ltr'>non</span> <span class='ocrx_word' id='word_1_197' title='bbox 1448 1558 1620 1631; x_wconf 84' lang='lat' dir='ltr'>sedet,quia</span> <span class='ocrx_word' id='word_1_198' title='bbox 1631 1558 1704 1615; x_wconf 92' lang='lat' dir='ltr'>illuc</span> <span class='ocrx_word' id='word_1_199' title='bbox 1714 1575 1782 1633; x_wconf 90' lang='lat' dir='ltr'>pro·</span> 
     </span>
     <span class='ocr_line' id='line_1_17' title="bbox 76 1643 1785 1721; baseline 0.004 -23"><span class='ocrx_word' id='word_1_200' title='bbox 76 1643 116 1699; x_wconf 80' lang='lat' dir='ltr'>sit</span> <span class='ocrx_word' id='word_1_201' title='bbox 131 1643 225 1712; x_wconf 85' lang='lat' dir='ltr'>Deus,</span> <span class='ocrx_word' id='word_1_202' title='bbox 242 1646 272 1699; x_wconf 87' lang='lat' dir='ltr'>et</span> <span class='ocrx_word' id='word_1_203' title='bbox 287 1643 371 1699; x_wconf 90' lang='lat' dir='ltr'>aliud</span> <span class='ocrx_word' id='word_1_204' title='bbox 383 1645 539 1700; x_wconf 84' lang='lat' dir='ltr'>aternitas</span> <span class='ocrx_word' id='word_1_205' title='bbox 553 1646 685 1718; x_wconf 88' lang='lat' dir='ltr'>ejus,sed</span> <span class='ocrx_word' id='word_1_206' title='bbox 700 1648 775 1719; x_wconf 87' lang='lat' dir='ltr'>quia</span> <span class='ocrx_word' id='word_1_207' title='bbox 789 1647 899 1704; x_wconf 90' lang='lat' dir='ltr'>solium</span> <span class='ocrx_word' id='word_1_208' title='bbox 913 1657 940 1714; x_wconf 85' lang='grc' dir='ltr'>Β</span> <span class='ocrx_word' id='word_1_209' title='bbox 954 1645 1083 1703; x_wconf 89' lang='lat' dir='ltr'>ficiendo</span> <span class='ocrx_word' id='word_1_210' title='bbox 1099 1662 1153 1720; x_wconf 91' lang='lat' dir='ltr'>per</span> <span class='ocrx_word' id='word_1_211' title='bbox 1166 1646 1301 1704; x_wconf 90' lang='lat' dir='ltr'>laborem</span> <span class='ocrx_word' id='word_1_212' title='bbox 1317 1648 1412 1718; x_wconf 84' lang='lat' dir='ltr'>venit,</span> <span class='ocrx_word' id='word_1_213' title='bbox 1426 1648 1480 1704; x_wconf 93' lang='lat' dir='ltr'>ubi</span> <span class='ocrx_word' id='word_1_214' title='bbox 1495 1663 1549 1721; x_wconf 92' lang='lat' dir='ltr'>per</span> <span class='ocrx_word' id='word_1_215' title='bbox 1563 1651 1707 1704; x_wconf 90' lang='lat' dir='ltr'>naturam</span> <span class='ocrx_word' id='word_1_216' title='bbox 1723 1664 1785 1704; x_wconf 83' lang='lat' dir='ltr'>nra-</span> 
     </span>
     <span class='ocr_line' id='line_1_18' title="bbox 26 1731 1782 1809; baseline 0.003 -23"><span class='ocrx_word' id='word_1_217' title='bbox 26 1804 28 1808; x_wconf 25' lang='grc'>,</span> <span class='ocrx_word' id='word_1_218' title='bbox 75 1731 272 1803; x_wconf 81' lang='lat' dir='ltr'>regnantium</span> <span class='ocrx_word' id='word_1_219' title='bbox 288 1735 344 1802; x_wconf 89' lang='lat' dir='ltr'>est,</span> <span class='ocrx_word' id='word_1_220' title='bbox 363 1732 471 1790; x_wconf 91' lang='lat' dir='ltr'>etideo</span> <span class='ocrx_word' id='word_1_221' title='bbox 485 1737 565 1790; x_wconf 90' lang='lat' dir='ltr'>recte</span> <span class='ocrx_word' id='word_1_222' title='bbox 579 1735 611 1791; x_wconf 91' lang='lat' dir='ltr'>in</span> <span class='ocrx_word' id='word_1_223' title='bbox 627 1734 704 1791; x_wconf 90' lang='lat' dir='ltr'>solio</span> <span class='ocrx_word' id='word_1_224' title='bbox 718 1736 901 1792; x_wconf 71' lang='lat' dir='ltr'>aternitatis</span> <span class='ocrx_word' id='word_1_225' title='bbox 955 1751 1026 1791; x_wconf 90' lang='lat' dir='ltr'>nere</span> <span class='ocrx_word' id='word_1_226' title='bbox 1047 1751 1109 1791; x_wconf 94' lang='lat' dir='ltr'>non</span> <span class='ocrx_word' id='word_1_227' title='bbox 1130 1735 1249 1792; x_wconf 89' lang='lat' dir='ltr'>hahuit.</span> <span class='ocrx_word' id='word_1_228' title='bbox 1265 1735 1353 1792; x_wconf 86' lang='lat' dir='ltr'>Stare</span> <span class='ocrx_word' id='word_1_229' title='bbox 1376 1752 1509 1809; x_wconf 88' lang='lat' dir='ltr'>namque</span> <span class='ocrx_word' id='word_1_230' title='bbox 1532 1737 1703 1794; x_wconf 86' lang='lat' dir='ltr'>laborantis</span> <span class='ocrx_word' id='word_1_231' title='bbox 1725 1740 1782 1808; x_wconf 85' lang='lat' dir='ltr'>eet,</span> 
     </span>
     <span class='ocr_line' id='line_1_19' title="bbox 75 1819 1781 1898; baseline 0.002 -21"><span class='ocrx_word' id='word_1_232' title='bbox 75 1819 180 1877; x_wconf 88' lang='lat' dir='ltr'>sedere</span> <span class='ocrx_word' id='word_1_233' title='bbox 202 1820 392 1894; x_wconf 75' lang='lat' dir='ltr'>perhibetur,</span> <span class='ocrx_word' id='word_1_234' title='bbox 408 1823 481 1894; x_wconf 89' lang='lat' dir='ltr'>quia</span> <span class='ocrx_word' id='word_1_235' title='bbox 501 1824 581 1879; x_wconf 86' lang='lat' dir='ltr'>sicut</span> <span class='ocrx_word' id='word_1_236' title='bbox 605 1825 744 1881; x_wconf 84' lang='lat' dir='ltr'>essentia</span> <span class='ocrx_word' id='word_1_237' title='bbox 764 1826 841 1897; x_wconf 91' lang='lat' dir='ltr'>ejus,</span> <span class='ocrx_word' id='word_1_238' title='bbox 856 1826 901 1882; x_wconf 90' lang='lat' dir='ltr'>ita</span> <span class='ocrx_word' id='word_1_239' title='bbox 956 1824 1058 1881; x_wconf 90' lang='lat' dir='ltr'>sedere</span> <span class='ocrx_word' id='word_1_240' title='bbox 1072 1825 1268 1897; x_wconf 84' lang='lat' dir='ltr'>quiescentis,</span> <span class='ocrx_word' id='word_1_241' title='bbox 1283 1829 1313 1882; x_wconf 91' lang='lat' dir='ltr'>et</span> <span class='ocrx_word' id='word_1_242' title='bbox 1326 1824 1395 1882; x_wconf 89' lang='lat' dir='ltr'>ideo</span> <span class='ocrx_word' id='word_1_243' title='bbox 1410 1841 1501 1898; x_wconf 89' lang='lat' dir='ltr'>super</span> <span class='ocrx_word' id='word_1_244' title='bbox 1516 1825 1628 1882; x_wconf 90' lang='lat' dir='ltr'>solium</span> <span class='ocrx_word' id='word_1_245' title='bbox 1648 1841 1706 1882; x_wconf 91' lang='lat' dir='ltr'>nos</span> <span class='ocrx_word' id='word_1_246' title='bbox 1722 1830 1781 1883; x_wconf 89' lang='lat' dir='ltr'>sta·</span> 
     </span>
     <span class='ocr_line' id='line_1_20' title="bbox 74 1910 1781 1987; baseline 0.002 -21"><span class='ocrx_word' id='word_1_247' title='bbox 74 1910 168 1966; x_wconf 88' lang='lat' dir='ltr'>etiam</span> <span class='ocrx_word' id='word_1_248' title='bbox 194 1911 423 1983; x_wconf 86' lang='lat' dir='ltr'>omnipotentia</span> <span class='ocrx_word' id='word_1_249' title='bbox 437 1912 535 1984; x_wconf 90' lang='lat' dir='ltr'>ipsius</span> <span class='ocrx_word' id='word_1_250' title='bbox 558 1928 613 1969; x_wconf 90' lang='lat' dir='ltr'>nec</span> <span class='ocrx_word' id='word_1_251' title='bbox 634 1913 820 1986; x_wconf 90' lang='lat' dir='ltr'>principium</span> <span class='ocrx_word' id='word_1_252' title='bbox 846 1930 901 1972; x_wconf 89' lang='lat' dir='ltr'>nec</span> <span class='ocrx_word' id='word_1_253' title='bbox 955 1911 1121 1969; x_wconf 83' lang='lat' dir='ltr'>muaDeus</span> <span class='ocrx_word' id='word_1_254' title='bbox 1135 1913 1305 1987; x_wconf 87' lang='lat' dir='ltr'>sedet,quia</span> <span class='ocrx_word' id='word_1_255' title='bbox 1319 1929 1384 1970; x_wconf 83' lang='lat' dir='ltr'>csse</span> <span class='ocrx_word' id='word_1_256' title='bbox 1399 1914 1565 1986; x_wconf 83' lang='lat' dir='ltr'>incipimus</span> <span class='ocrx_word' id='word_1_257' title='bbox 1574 1930 1628 1987; x_wconf 92' lang='lat' dir='ltr'>per</span> <span class='ocrx_word' id='word_1_258' title='bbox 1638 1915 1781 1987; x_wconf 90' lang='lat' dir='ltr'>gratiam,</span> 
     </span>
     <span class='ocr_line' id='line_1_21' title="bbox 75 1998 1782 2076; baseline 0.003 -22"><span class='ocrx_word' id='word_1_259' title='bbox 75 1998 146 2054; x_wconf 88' lang='lat' dir='ltr'>finis</span> <span class='ocrx_word' id='word_1_260' title='bbox 158 1999 323 2055; x_wconf 85' lang='lat' dir='ltr'>invenitur.</span> <span class='ocrx_word' id='word_1_261' title='bbox 340 1998 465 2072; x_wconf 87' lang='lat' dir='ltr'>Semper</span> <span class='ocrx_word' id='word_1_262' title='bbox 478 2000 549 2070; x_wconf 85' lang='lat' dir='ltr'>luit,</span> <span class='ocrx_word' id='word_1_263' title='bbox 574 2016 692 2075; x_wconf 86' lang='lat' dir='ltr'>semper</span> <span class='ocrx_word' id='word_1_264' title='bbox 706 2003 901 2075; x_wconf 86' lang='lat' dir='ltr'>omnipotens</span> <span class='ocrx_word' id='word_1_265' title='bbox 955 2002 1009 2057; x_wconf 91' lang='lat' dir='ltr'>ubi</span> <span class='ocrx_word' id='word_1_266' title='bbox 1023 2002 1089 2074; x_wconf 91' lang='lat' dir='ltr'>ipse</span> <span class='ocrx_word' id='word_1_267' title='bbox 1103 2004 1149 2058; x_wconf 87' lang='lat' dir='ltr'>est</span> <span class='ocrx_word' id='word_1_268' title='bbox 1163 2017 1217 2075; x_wconf 91' lang='lat' dir='ltr'>per</span> <span class='ocrx_word' id='word_1_269' title='bbox 1232 2007 1385 2059; x_wconf 86' lang='lat' dir='ltr'>naturam.</span> <span class='ocrx_word' id='word_1_270' title='bbox 1402 2002 1550 2059; x_wconf 91' lang='lat' dir='ltr'>Similiter</span> <span class='ocrx_word' id='word_1_271' title='bbox 1561 2003 1588 2059; x_wconf 90' lang='lat' dir='ltr'>si</span> <span class='ocrx_word' id='word_1_272' title='bbox 1602 2018 1657 2076; x_wconf 91' lang='lat' dir='ltr'>per</span> <span class='ocrx_word' id='word_1_273' title='bbox 1669 2003 1782 2060; x_wconf 89' lang='lat' dir='ltr'>solium</span> 
     </span>
     <span class='ocr_line' id='line_1_22' title="bbox 75 2089 1780 2165; baseline 0.002 -20"><span class='ocrx_word' id='word_1_274' title='bbox 75 2089 146 2158; x_wconf 85' lang='lat' dir='ltr'>fuit,</span> <span class='ocrx_word' id='word_1_275' title='bbox 161 2102 279 2161; x_wconf 88' lang='lat' dir='ltr'>semper</span> <span class='ocrx_word' id='word_1_276' title='bbox 290 2089 323 2143; x_wconf 93' lang='lat' dir='ltr'>in</span> <span class='ocrx_word' id='word_1_277' title='bbox 337 2093 412 2158; x_wconf 86' lang='lat' dir='ltr'>se,et</span> <span class='ocrx_word' id='word_1_278' title='bbox 426 2105 444 2143; x_wconf 91' lang='lat' dir='ltr'>a</span> <span class='ocrx_word' id='word_1_279' title='bbox 459 2105 491 2145; x_wconf 90' lang='lat' dir='ltr'>se</span> <span class='ocrx_word' id='word_1_280' title='bbox 505 2090 899 2165; x_wconf 82' lang='lat' dir='ltr'>plenus,etperfectusfuit‚</span> <span class='ocrx_word' id='word_1_281' title='bbox 955 2092 1157 2148; x_wconf 83' lang='lat' dir='ltr'>aeternitatem</span> <span class='ocrx_word' id='word_1_282' title='bbox 1180 2091 1236 2147; x_wconf 90' lang='lat' dir='ltr'>Dei</span> <span class='ocrx_word' id='word_1_283' title='bbox 1258 2091 1459 2163; x_wconf 79' lang='lat' dir='ltr'>intelligimus</span> <span class='ocrx_word' id='word_1_284' title='bbox 1482 2107 1538 2148; x_wconf 89' lang='lat' dir='ltr'>nos</span> <span class='ocrx_word' id='word_1_285' title='bbox 1561 2107 1653 2165; x_wconf 86' lang='lat' dir='ltr'>super</span> <span class='ocrx_word' id='word_1_286' title='bbox 1668 2092 1780 2149; x_wconf 89' lang='lat' dir='ltr'>solium</span> 
     </span>
     <span class='ocr_line' id='line_1_23' title="bbox 76 2177 1783 2254; baseline 0.002 -20"><span class='ocrx_word' id='word_1_287' title='bbox 76 2192 131 2234; x_wconf 87' lang='lat' dir='ltr'>nec</span> <span class='ocrx_word' id='word_1_288' title='bbox 145 2181 249 2232; x_wconf 87' lang='lat' dir='ltr'>tamen</span> <span class='ocrx_word' id='word_1_289' title='bbox 264 2177 542 2234; x_wconf 88' lang='lat' dir='ltr'>redundans.Dicat</span> <span class='ocrx_word' id='word_1_290' title='bbox 555 2195 626 2251; x_wconf 86' lang='lat' dir='ltr'>ergo</span> <span class='ocrx_word' id='word_1_291' title='bbox 639 2180 722 2237; x_wconf 91' lang='lat' dir='ltr'>:Vidi</span> <span class='ocrx_word' id='word_1_292' title='bbox 732 2182 901 2239; x_wconf 89' lang='lat' dir='ltr'>Dominum</span> <span class='ocrx_word' id='word_1_293' title='bbox 956 2182 1085 2250; x_wconf 88' lang='lat' dir='ltr'>stamus,</span> <span class='ocrx_word' id='word_1_294' title='bbox 1102 2181 1175 2252; x_wconf 90' lang='lat' dir='ltr'>quia</span> <span class='ocrx_word' id='word_1_295' title='bbox 1197 2180 1263 2252; x_wconf 88' lang='lat' dir='ltr'>ejus</span> <span class='ocrx_word' id='word_1_296' title='bbox 1286 2180 1548 2237; x_wconf 87' lang='lat' dir='ltr'>immortalitatem</span> <span class='ocrx_word' id='word_1_297' title='bbox 1572 2197 1634 2237; x_wconf 93' lang='lat' dir='ltr'>non</span> <span class='ocrx_word' id='word_1_298' title='bbox 1656 2182 1718 2237; x_wconf 85' lang='lat' dir='ltr'>nisi</span> <span class='ocrx_word' id='word_1_299' title='bbox 1729 2197 1783 2254; x_wconf 91' lang='lat' dir='ltr'>per</span> 
     </span>
     <span class='ocr_line' id='line_1_24' title="bbox 76 2266 1783 2345; baseline 0.002 -22"><span class='ocrx_word' id='word_1_300' title='bbox 76 2266 231 2323; x_wconf 89' lang='lat' dir='ltr'>sedentem</span> <span class='ocrx_word' id='word_1_301' title='bbox 241 2282 332 2339; x_wconf 90' lang='lat' dir='ltr'>super</span> <span class='ocrx_word' id='word_1_302' title='bbox 342 2267 453 2323; x_wconf 91' lang='lat' dir='ltr'>solium</span> <span class='ocrx_word' id='word_1_303' title='bbox 461 2267 612 2324; x_wconf 86' lang='lat' dir='ltr'>excelsum</span> <span class='ocrx_word' id='word_1_304' title='bbox 622 2272 652 2324; x_wconf 91' lang='lat' dir='ltr'>et</span> <span class='ocrx_word' id='word_1_305' title='bbox 660 2269 901 2345; x_wconf 83' lang='lat' dir='ltr'>clavatum,quia</span> <span class='ocrx_word' id='word_1_306' title='bbox 955 2269 1064 2324; x_wconf 89' lang='lat' dir='ltr'>mortis</span> <span class='ocrx_word' id='word_1_307' title='bbox 1084 2267 1221 2324; x_wconf 90' lang='lat' dir='ltr'>laborem</span> <span class='ocrx_word' id='word_1_308' title='bbox 1242 2271 1401 2341; x_wconf 88' lang='lat' dir='ltr'>pervenire</span> <span class='ocrx_word' id='word_1_309' title='bbox 1421 2285 1597 2342; x_wconf 87' lang='lat' dir='ltr'>possumus,</span> <span class='ocrx_word' id='word_1_310' title='bbox 1617 2273 1648 2326; x_wconf 91' lang='lat' dir='ltr'>et</span> <span class='ocrx_word' id='word_1_311' title='bbox 1671 2271 1783 2342; x_wconf 87' lang='lat' dir='ltr'>quiex</span> 
     </span>
     <span class='ocr_line' id='line_1_25' title="bbox 74 2355 1783 2431; baseline 0.002 -19"><span class='ocrx_word' id='word_1_312' title='bbox 74 2355 175 2412; x_wconf 82' lang='lat' dir='ltr'>virtus</span> <span class='ocrx_word' id='word_1_313' title='bbox 186 2355 358 2411; x_wconf 85' lang='lat' dir='ltr'>divinitatis</span> <span class='ocrx_word' id='word_1_314' title='bbox 372 2371 493 2412; x_wconf 90' lang='lat' dir='ltr'>ornnem</span> <span class='ocrx_word' id='word_1_315' title='bbox 509 2361 679 2414; x_wconf 91' lang='lat' dir='ltr'>creaturam</span> <span class='ocrx_word' id='word_1_316' title='bbox 691 2363 721 2415; x_wconf 92' lang='lat' dir='ltr'>et</span> <span class='ocrx_word' id='word_1_317' title='bbox 730 2361 900 2416; x_wconf 76' lang='lat' dir='ltr'>aeternitate</span> <span class='ocrx_word' id='word_1_318' title='bbox 955 2356 1129 2413; x_wconf 88' lang='lat' dir='ltr'>conditione</span> <span class='ocrx_word' id='word_1_319' title='bbox 1154 2356 1214 2412; x_wconf 91' lang='lat' dir='ltr'>fine</span> <span class='ocrx_word' id='word_1_320' title='bbox 1250 2357 1375 2413; x_wconf 84' lang='lat' dir='ltr'>obnoxii</span> <span class='ocrx_word' id='word_1_321' title='bbox 1405 2373 1523 2428; x_wconf 89' lang='lat' dir='ltr'>sumus,</span> <span class='ocrx_word' id='word_1_322' title='bbox 1552 2374 1590 2414; x_wconf 83' lang='lat' dir='ltr'>ex</span> <span class='ocrx_word' id='word_1_323' title='bbox 1618 2358 1783 2431; x_wconf 87' lang='lat' dir='ltr'>adoptione</span> 
     </span>
     <span class='ocr_line' id='line_1_26' title="bbox 74 2444 1458 2520; baseline 0.001 -19"><span class='ocrx_word' id='word_1_324' title='bbox 74 2444 228 2518; x_wconf 80' lang='lat' dir='ltr'>praecedit,</span> <span class='ocrx_word' id='word_1_325' title='bbox 245 2447 274 2500; x_wconf 91' lang='lat' dir='ltr'>et</span> <span class='ocrx_word' id='word_1_326' title='bbox 297 2445 447 2516; x_wconf 89' lang='lat' dir='ltr'>dignitate</span> <span class='ocrx_word' id='word_1_327' title='bbox 473 2446 673 2516; x_wconf 87' lang='lat' dir='ltr'>transcendit,</span> <span class='ocrx_word' id='word_1_328' title='bbox 699 2451 729 2502; x_wconf 92' lang='lat' dir='ltr'>et</span> <span class='ocrx_word' id='word_1_329' title='bbox 749 2451 900 2520; x_wconf 87' lang='lat' dir='ltr'>potestate</span> <span class='ocrx_word' id='word_1_330' title='bbox 955 2446 1137 2502; x_wconf 76' lang='lat' dir='ltr'>aternitatis</span> <span class='ocrx_word' id='word_1_331' title='bbox 1151 2445 1287 2502; x_wconf 81' lang='lat' dir='ltr'>haeredes</span> <span class='ocrx_word' id='word_1_332' title='bbox 1302 2447 1458 2503; x_wconf 86' lang='lat' dir='ltr'>efficimur.</span> 
     </span>
    </p>

    <p class='ocr_par' dir='ltr' id='par_1_3' title="bbox 73 2532 1810 5718">
     <span class='ocr_line' id='line_1_27' title="bbox 75 2532 1785 2608; baseline 0.002 -18"><span class='ocrx_word' id='word_1_333' title='bbox 75 2532 221 2606; x_wconf 91' lang='lat' dir='ltr'>disponit.</span> <span class='ocrx_word' id='word_1_334' title='bbox 238 2533 384 2606; x_wconf 86' lang='lat' dir='ltr'>Sequitur</span> <span class='ocrx_word' id='word_1_335' title='bbox 409 2551 414 2589; x_wconf 96' lang='lat'><strong>:</strong></span> <span class='ocrx_word' id='word_1_336' title='bbox 443 2535 481 2591; x_wconf 83' lang='lat' dir='ltr'>Et</span> <span class='ocrx_word' id='word_1_337' title='bbox 496 2550 541 2604; x_wconf 90' lang='lat' dir='ltr'>ea,</span> <span class='ocrx_word' id='word_1_338' title='bbox 558 2551 627 2608; x_wconf 87' lang='lat' dir='ltr'>qua</span> <span class='ocrx_word' id='word_1_339' title='bbox 645 2535 705 2591; x_wconf 90' lang='lat' dir='ltr'>sub</span> <span class='ocrx_word' id='word_1_340' title='bbox 719 2535 786 2607; x_wconf 90' lang='lat' dir='ltr'>ipso</span> <span class='ocrx_word' id='word_1_341' title='bbox 801 2540 899 2602; x_wconf 89' lang='lat' dir='ltr'>erant,</span> <span class='ocrx_word' id='word_1_342' title='bbox 991 2537 1053 2590; x_wconf 75' lang='lat' dir='ltr'>Sea</span> <span class='ocrx_word' id='word_1_343' title='bbox 1065 2537 1129 2590; x_wconf 84' lang='lat' dir='ltr'>atoe</span> <span class='ocrx_word' id='word_1_344' title='bbox 1144 2537 1215 2603; x_wconf 84' lang='lat' dir='ltr'>uni,</span> <span class='ocrx_word' id='word_1_345' title='bbox 1232 2541 1262 2590; x_wconf 85' lang='lat' dir='ltr'>et</span> <span class='ocrx_word' id='word_1_346' title='bbox 1277 2551 1336 2592; x_wconf 76' lang='lat' dir='ltr'>aex</span> <span class='ocrx_word' id='word_1_347' title='bbox 1350 2539 1414 2592; x_wconf 79' lang='lat' dir='ltr'>ata</span> <span class='ocrx_word' id='word_1_348' title='bbox 1427 2538 1528 2592; x_wconf 84' lang='lat' dir='ltr'>alteri</span> <span class='ocrx_word' id='word_1_349' title='bbox 1544 2536 1680 2608; x_wconf 57' lang='lat' dir='ltr'>(isaar),</span> <span class='ocrx_word' id='word_1_350' title='bbox 1695 2536 1785 2593; x_wconf 83' lang='lat' dir='ltr'>idest</span> 
     </span>
     <span class='ocr_line' id='line_1_28' title="bbox 76 2622 1784 2697; baseline 0.002 -19"><span class='ocrx_word' id='word_1_351' title='bbox 76 2623 236 2695; x_wconf 87' lang='lat' dir='ltr'>replebant</span> <span class='ocrx_word' id='word_1_352' title='bbox 250 2623 573 2697; x_wconf 86' lang='lat' dir='ltr'>templumTemplum</span> <span class='ocrx_word' id='word_1_353' title='bbox 583 2625 616 2680; x_wconf 92' lang='lat' dir='ltr'>in</span> <span class='ocrx_word' id='word_1_354' title='bbox 629 2624 760 2681; x_wconf 87' lang='lat' dir='ltr'>hocloco</span> <span class='ocrx_word' id='word_1_355' title='bbox 769 2625 901 2697; x_wconf 91' lang='lat' dir='ltr'>intelligi</span> <span class='ocrx_word' id='word_1_356' title='bbox 955 2626 1121 2695; x_wconf 90' lang='lat' dir='ltr'>utrumque</span> <span class='ocrx_word' id='word_1_357' title='bbox 1136 2637 1189 2678; x_wconf 82' lang='lat' dir='ltr'>sex</span> <span class='ocrx_word' id='word_1_358' title='bbox 1204 2622 1269 2679; x_wconf 85' lang='lat' dir='ltr'>alas</span> <span class='ocrx_word' id='word_1_359' title='bbox 1285 2623 1430 2694; x_wconf 87' lang='lat' dir='ltr'>hahebat,</span> <span class='ocrx_word' id='word_1_360' title='bbox 1445 2640 1515 2697; x_wconf 88' lang='lat' dir='ltr'>qua</span> <span class='ocrx_word' id='word_1_361' title='bbox 1531 2625 1639 2697; x_wconf 77' lang='lat' dir='ltr'>J&#39;uncta</span> <span class='ocrx_word' id='word_1_362' title='bbox 1656 2625 1738 2680; x_wconf 87' lang='lat' dir='ltr'>hina</span> <span class='ocrx_word' id='word_1_363' title='bbox 1755 2628 1784 2681; x_wconf 92' lang='lat' dir='ltr'>et</span> 
     </span>
     <span class='ocr_line' id='line_1_29' title="bbox 75 2711 1783 2786; baseline 0.001 -18"><span class='ocrx_word' id='word_1_364' title='bbox 75 2715 177 2785; x_wconf 88' lang='lat' dir='ltr'>potest</span> <span class='ocrx_word' id='word_1_365' title='bbox 187 2712 333 2768; x_wconf 89' lang='lat' dir='ltr'>circuitus</span> <span class='ocrx_word' id='word_1_366' title='bbox 342 2716 514 2786; x_wconf 88' lang='lat' dir='ltr'>temporum</span> <span class='ocrx_word' id='word_1_367' title='bbox 523 2712 696 2770; x_wconf 88' lang='lat' dir='ltr'>etambitue</span> <span class='ocrx_word' id='word_1_368' title='bbox 707 2713 898 2770; x_wconf 89' lang='lat' dir='ltr'>saculorum.</span> <span class='ocrx_word' id='word_1_369' title='bbox 954 2711 1783 2786; x_wconf 82' lang='lat' dir='ltr'>binatriapariaalarumiaciuntUtrumqueduabus</span> 
     </span>
     <span class='ocr_line' id='line_1_30' title="bbox 75 2799 1782 2876; baseline 0.002 -21"><span class='ocrx_word' id='word_1_370' title='bbox 75 2801 899 2876; x_wconf 85' lang='lat' dir='ltr'>Temporanamquedumcursusuoiuseipearedeunt,</span> <span class='ocrx_word' id='word_1_371' title='bbox 956 2799 1063 2871; x_wconf 77' lang='lat' dir='ltr'>(loia.)</span> <span class='ocrx_word' id='word_1_372' title='bbox 1077 2815 1187 2873; x_wconf 90' lang='lat' dir='ltr'>corpus</span> <span class='ocrx_word' id='word_1_373' title='bbox 1210 2816 1302 2857; x_wconf 90' lang='lat' dir='ltr'>suum</span> <span class='ocrx_word' id='word_1_374' title='bbox 1326 2802 1402 2873; x_wconf 87' lang='lat' dir='ltr'>tegit</span> <span class='ocrx_word' id='word_1_375' title='bbox 1425 2818 1487 2858; x_wconf 88' lang='lat' dir='ltr'>non</span> <span class='ocrx_word' id='word_1_376' title='bbox 1509 2802 1636 2872; x_wconf 93' lang='lat' dir='ltr'>domini,</span> <span class='ocrx_word' id='word_1_377' title='bbox 1655 2803 1713 2859; x_wconf 92' lang='lat' dir='ltr'>hoc</span> <span class='ocrx_word' id='word_1_378' title='bbox 1735 2807 1782 2858; x_wconf 89' lang='lat' dir='ltr'>est</span> 
     </span>
     <span class='ocr_line' id='line_1_31' title="bbox 76 2889 1784 2964; baseline 0.001 -19"><span class='ocrx_word' id='word_1_379' title='bbox 76 2890 165 2961; x_wconf 91' lang='lat' dir='ltr'>quasi</span> <span class='ocrx_word' id='word_1_380' title='bbox 174 2890 338 2962; x_wconf 87' lang='lat' dir='ltr'>quemdam</span> <span class='ocrx_word' id='word_1_381' title='bbox 348 2890 455 2963; x_wconf 88' lang='lat' dir='ltr'>templi</span> <span class='ocrx_word' id='word_1_382' title='bbox 466 2891 617 2947; x_wconf 88' lang='lat' dir='ltr'>ambitum</span> <span class='ocrx_word' id='word_1_383' title='bbox 630 2891 767 2964; x_wconf 84' lang='lat' dir='ltr'>gyrando</span> <span class='ocrx_word' id='word_1_384' title='bbox 777 2893 901 2948; x_wconf 91' lang='lat' dir='ltr'>circum-</span> <span class='ocrx_word' id='word_1_385' title='bbox 954 2889 1090 2961; x_wconf 90' lang='lat' dir='ltr'>primum</span> <span class='ocrx_word' id='word_1_386' title='bbox 1103 2889 1344 2962; x_wconf 89' lang='lat' dir='ltr'>par.Utrumque</span> <span class='ocrx_word' id='word_1_387' title='bbox 1356 2890 1434 2947; x_wconf 88' lang='lat' dir='ltr'>duas</span> <span class='ocrx_word' id='word_1_388' title='bbox 1449 2891 1728 2960; x_wconf 84' lang='lat' dir='ltr'>extendit,alteram</span> <span class='ocrx_word' id='word_1_389' title='bbox 1743 2892 1784 2947; x_wconf 90' lang='lat' dir='ltr'>ad</span> 
     </span>
     <span class='ocr_line' id='line_1_32' title="bbox 76 2977 1781 3056; baseline 0.001 -22"><span class='ocrx_word' id='word_1_390' title='bbox 76 2978 312 3052; x_wconf 80' lang='lat' dir='ltr'>scribuntQuid</span> <span class='ocrx_word' id='word_1_391' title='bbox 327 2995 399 3051; x_wconf 89' lang='lat' dir='ltr'>ergo</span> <span class='ocrx_word' id='word_1_392' title='bbox 414 2979 501 3036; x_wconf 92' lang='lat' dir='ltr'>dicit:</span> <span class='ocrx_word' id='word_1_393' title='bbox 516 2980 646 3052; x_wconf 84' lang='lat' dir='ltr'>Ea,qua</span> <span class='ocrx_word' id='word_1_394' title='bbox 659 2981 717 3037; x_wconf 87' lang='lat' dir='ltr'>sub</span> <span class='ocrx_word' id='word_1_395' title='bbox 731 2982 799 3054; x_wconf 89' lang='lat' dir='ltr'>ipso</span> <span class='ocrx_word' id='word_1_396' title='bbox 813 2985 901 3038; x_wconf 88' lang='lat' dir='ltr'>erant</span> <span class='ocrx_word' id='word_1_397' title='bbox 918 3000 942 3056; x_wconf 69' lang='grc' dir='ltr'>ρ</span> <span class='ocrx_word' id='word_1_398' title='bbox 957 2977 1121 3050; x_wconf 84' lang='lat' dir='ltr'>tegendum</span> <span class='ocrx_word' id='word_1_399' title='bbox 1136 2983 1228 3050; x_wconf 89' lang='lat' dir='ltr'>caput</span> <span class='ocrx_word' id='word_1_400' title='bbox 1250 2994 1312 3035; x_wconf 94' lang='lat' dir='ltr'>non</span> <span class='ocrx_word' id='word_1_401' title='bbox 1333 2995 1424 3035; x_wconf 90' lang='lat' dir='ltr'>suum</span> <span class='ocrx_word' id='word_1_402' title='bbox 1440 2980 1492 3035; x_wconf 89' lang='lat' dir='ltr'>sed</span> <span class='ocrx_word' id='word_1_403' title='bbox 1504 2979 1640 3050; x_wconf 89' lang='lat' dir='ltr'>Domini,</span> <span class='ocrx_word' id='word_1_404' title='bbox 1653 2979 1781 3036; x_wconf 88' lang='lat' dir='ltr'>alteram</span> 
     </span>
     <span class='ocr_line' id='line_1_33' title="bbox 73 3067 1784 3143; baseline 0.002 -20"><span class='ocrx_word' id='word_1_405' title='bbox 73 3067 232 3140; x_wconf 87' lang='lat' dir='ltr'>replebant</span> <span class='ocrx_word' id='word_1_406' title='bbox 250 3069 408 3142; x_wconf 91' lang='lat' dir='ltr'>templum,</span> <span class='ocrx_word' id='word_1_407' title='bbox 424 3069 468 3124; x_wconf 90' lang='lat' dir='ltr'>sic</span> <span class='ocrx_word' id='word_1_408' title='bbox 489 3068 724 3141; x_wconf 88' lang='lat' dir='ltr'>intelligendum</span> <span class='ocrx_word' id='word_1_409' title='bbox 745 3073 801 3139; x_wconf 86' lang='lat' dir='ltr'>eet,</span> <span class='ocrx_word' id='word_1_410' title='bbox 818 3070 902 3143; x_wconf 93' lang='lat' dir='ltr'>quod</span> <span class='ocrx_word' id='word_1_411' title='bbox 957 3067 996 3123; x_wconf 87' lang='lat' dir='ltr'>ad</span> <span class='ocrx_word' id='word_1_412' title='bbox 1011 3068 1157 3139; x_wconf 85' lang='lat' dir='ltr'>tegendos</span> <span class='ocrx_word' id='word_1_413' title='bbox 1175 3068 1267 3141; x_wconf 90' lang='lat' dir='ltr'>pedes</span> <span class='ocrx_word' id='word_1_414' title='bbox 1283 3083 1344 3124; x_wconf 91' lang='lat' dir='ltr'>non</span> <span class='ocrx_word' id='word_1_415' title='bbox 1359 3084 1432 3124; x_wconf 87' lang='lat' dir='ltr'>suos</span> <span class='ocrx_word' id='word_1_416' title='bbox 1447 3068 1499 3125; x_wconf 90' lang='lat' dir='ltr'>sed</span> <span class='ocrx_word' id='word_1_417' title='bbox 1513 3069 1650 3139; x_wconf 93' lang='lat' dir='ltr'>Domini,</span> <span class='ocrx_word' id='word_1_418' title='bbox 1665 3069 1723 3126; x_wconf 92' lang='lat' dir='ltr'>hoc</span> <span class='ocrx_word' id='word_1_419' title='bbox 1737 3075 1784 3126; x_wconf 91' lang='lat' dir='ltr'>est</span> 
     </span>
     <span class='ocr_line' id='line_1_34' title="bbox 74 3156 1784 3231; baseline -0.001 -16"><span class='ocrx_word' id='word_1_420' title='bbox 74 3158 178 3215; x_wconf 87' lang='lat' dir='ltr'>omnia</span> <span class='ocrx_word' id='word_1_421' title='bbox 193 3158 373 3214; x_wconf 88' lang='lat' dir='ltr'>saculorum</span> <span class='ocrx_word' id='word_1_422' title='bbox 399 3161 538 3230; x_wconf 90' lang='lat' dir='ltr'>tempora</span> <span class='ocrx_word' id='word_1_423' title='bbox 551 3157 642 3230; x_wconf 89' lang='lat' dir='ltr'>plena</span> <span class='ocrx_word' id='word_1_424' title='bbox 666 3160 740 3214; x_wconf 87' lang='lat' dir='ltr'>sunt</span> <span class='ocrx_word' id='word_1_425' title='bbox 758 3160 902 3231; x_wconf 83' lang='lat' dir='ltr'>operibus</span> <span class='ocrx_word' id='word_1_426' title='bbox 956 3156 1124 3212; x_wconf 90' lang='lat' dir='ltr'>secundum</span> <span class='ocrx_word' id='word_1_427' title='bbox 1140 3172 1206 3229; x_wconf 88' lang='lat' dir='ltr'>par.</span> <span class='ocrx_word' id='word_1_428' title='bbox 1224 3157 1396 3229; x_wconf 91' lang='lat' dir='ltr'>Utrumque</span> <span class='ocrx_word' id='word_1_429' title='bbox 1419 3157 1541 3214; x_wconf 87' lang='lat' dir='ltr'>duabus</span> <span class='ocrx_word' id='word_1_430' title='bbox 1554 3159 1638 3214; x_wconf 91' lang='lat' dir='ltr'>volat</span> <span class='ocrx_word' id='word_1_431' title='bbox 1652 3157 1729 3215; x_wconf 87' lang='lat' dir='ltr'>alter</span> <span class='ocrx_word' id='word_1_432' title='bbox 1745 3158 1784 3214; x_wconf 92' lang='lat' dir='ltr'>ad</span> 
     </span>
     <span class='ocr_line' id='line_1_35' title="bbox 75 3244 1782 3320; baseline -0.001 -17"><span class='ocrx_word' id='word_1_433' title='bbox 75 3247 142 3315; x_wconf 80' lang='lat' dir='ltr'>Dei,</span> <span class='ocrx_word' id='word_1_434' title='bbox 152 3251 182 3303; x_wconf 91' lang='lat' dir='ltr'>et</span> <span class='ocrx_word' id='word_1_435' title='bbox 196 3247 297 3302; x_wconf 88' lang='lat' dir='ltr'>omnis</span> <span class='ocrx_word' id='word_1_436' title='bbox 312 3247 468 3318; x_wconf 85' lang='lat' dir='ltr'>generatio</span> <span class='ocrx_word' id='word_1_437' title='bbox 481 3251 587 3301; x_wconf 88' lang='lat' dir='ltr'>narrat</span> <span class='ocrx_word' id='word_1_438' title='bbox 599 3245 754 3303; x_wconf 86' lang='lat' dir='ltr'>mirabilia</span> <span class='ocrx_word' id='word_1_439' title='bbox 768 3247 903 3319; x_wconf 80' lang='lat' dir='ltr'>ejusvel</span> <span class='ocrx_word' id='word_1_440' title='bbox 956 3244 1097 3315; x_wconf 89' lang='lat' dir='ltr'>alterum,</span> <span class='ocrx_word' id='word_1_441' title='bbox 1111 3244 1168 3301; x_wconf 92' lang='lat' dir='ltr'>hoc</span> <span class='ocrx_word' id='word_1_442' title='bbox 1192 3248 1238 3302; x_wconf 85' lang='lat' dir='ltr'>est</span> <span class='ocrx_word' id='word_1_443' title='bbox 1257 3246 1381 3303; x_wconf 91' lang='lat' dir='ltr'>tertium</span> <span class='ocrx_word' id='word_1_444' title='bbox 1399 3261 1463 3318; x_wconf 88' lang='lat' dir='ltr'>par.</span> <span class='ocrx_word' id='word_1_445' title='bbox 1478 3245 1510 3303; x_wconf 88' lang='lat' dir='ltr'>Si</span> <span class='ocrx_word' id='word_1_446' title='bbox 1532 3262 1603 3318; x_wconf 90' lang='lat' dir='ltr'>ergo</span> <span class='ocrx_word' id='word_1_447' title='bbox 1628 3247 1782 3320; x_wconf 87' lang='lat' dir='ltr'>seraphim</span> 
     </span>
     <span class='ocr_line' id='line_1_36' title="bbox 76 3330 1783 3408; baseline -0.001 -16"><span class='ocrx_word' id='word_1_448' title='bbox 76 3337 120 3392; x_wconf 89' lang='lat' dir='ltr'>sic</span> <span class='ocrx_word' id='word_1_449' title='bbox 131 3330 192 3408; x_wconf 87' lang='lat' dir='ltr'>legi</span> <span class='ocrx_word' id='word_1_450' title='bbox 205 3339 316 3408; x_wconf 92' lang='lat' dir='ltr'>potest.</span> <span class='ocrx_word' id='word_1_451' title='bbox 331 3335 385 3403; x_wconf 81' lang='lat' dir='ltr'>Ea,</span> <span class='ocrx_word' id='word_1_452' title='bbox 395 3350 464 3406; x_wconf 82' lang='lat' dir='ltr'>qua</span> <span class='ocrx_word' id='word_1_453' title='bbox 476 3334 535 3390; x_wconf 91' lang='lat' dir='ltr'>suh</span> <span class='ocrx_word' id='word_1_454' title='bbox 550 3334 617 3407; x_wconf 92' lang='lat' dir='ltr'>ipso</span> <span class='ocrx_word' id='word_1_455' title='bbox 632 3336 903 3408; x_wconf 89' lang='lat' dir='ltr'>erant,implebant</span> <span class='ocrx_word' id='word_1_456' title='bbox 955 3332 1143 3406; x_wconf 85' lang='lat' dir='ltr'>Scripturam</span> <span class='ocrx_word' id='word_1_457' title='bbox 1159 3349 1277 3391; x_wconf 89' lang='lat' dir='ltr'>sacram</span> <span class='ocrx_word' id='word_1_458' title='bbox 1301 3334 1464 3407; x_wconf 86' lang='lat' dir='ltr'>significat,</span> <span class='ocrx_word' id='word_1_459' title='bbox 1480 3336 1541 3390; x_wconf 90' lang='lat' dir='ltr'>tria</span> <span class='ocrx_word' id='word_1_460' title='bbox 1561 3336 1648 3408; x_wconf 88' lang='lat' dir='ltr'>paria</span> <span class='ocrx_word' id='word_1_461' title='bbox 1663 3335 1783 3391; x_wconf 88' lang='lat' dir='ltr'>alarum</span> 
     </span>
     <span class='ocr_line' id='line_1_37' title="bbox 75 3421 1784 3498; baseline -0.002 -16"><span class='ocrx_word' id='word_1_462' title='bbox 75 3423 279 3498; x_wconf 81' lang='lat' dir='ltr'>templum,id</span> <span class='ocrx_word' id='word_1_463' title='bbox 295 3427 341 3480; x_wconf 92' lang='lat' dir='ltr'>est</span> <span class='ocrx_word' id='word_1_464' title='bbox 360 3439 482 3495; x_wconf 69' lang='lat' dir='ltr'>eaquae</span> <span class='ocrx_word' id='word_1_465' title='bbox 494 3422 664 3494; x_wconf 87' lang='lat' dir='ltr'>implebant</span> <span class='ocrx_word' id='word_1_466' title='bbox 679 3423 827 3497; x_wconf 88' lang='lat' dir='ltr'>templum</span> <span class='ocrx_word' id='word_1_467' title='bbox 843 3427 902 3483; x_wconf 88' lang='lat' dir='ltr'>suh</span> <span class='ocrx_word' id='word_1_468' title='bbox 955 3424 1018 3478; x_wconf 86' lang='lat' dir='ltr'>tres</span> <span class='ocrx_word' id='word_1_469' title='bbox 1041 3426 1115 3477; x_wconf 92' lang='lat' dir='ltr'>sunt</span> <span class='ocrx_word' id='word_1_470' title='bbox 1137 3422 1311 3478; x_wconf 88' lang='lat' dir='ltr'>intellectus</span> <span class='ocrx_word' id='word_1_471' title='bbox 1331 3421 1467 3494; x_wconf 89' lang='lat' dir='ltr'>ejusdem</span> <span class='ocrx_word' id='word_1_472' title='bbox 1491 3422 1667 3495; x_wconf 77' lang='lat' dir='ltr'>Scriptura,</span> <span class='ocrx_word' id='word_1_473' title='bbox 1682 3423 1715 3479; x_wconf 94' lang='lat' dir='ltr'>id</span> <span class='ocrx_word' id='word_1_474' title='bbox 1738 3425 1784 3478; x_wconf 84' lang='lat' dir='ltr'>est</span> 
     </span>
     <span class='ocr_line' id='line_1_38' title="bbox 75 3510 1784 3587; baseline -0.002 -17"><span class='ocrx_word' id='word_1_475' title='bbox 75 3514 142 3587; x_wconf 88' lang='lat' dir='ltr'>ipso</span> <span class='ocrx_word' id='word_1_476' title='bbox 157 3516 255 3581; x_wconf 89' lang='lat' dir='ltr'>erant,</span> <span class='ocrx_word' id='word_1_477' title='bbox 271 3513 345 3586; x_wconf 88' lang='lat' dir='ltr'>quia</span> <span class='ocrx_word' id='word_1_478' title='bbox 364 3511 516 3584; x_wconf 91' lang='lat' dir='ltr'>quidquid</span> <span class='ocrx_word' id='word_1_479' title='bbox 530 3511 740 3584; x_wconf 86' lang='lat' dir='ltr'>temporaliter</span> <span class='ocrx_word' id='word_1_480' title='bbox 754 3511 900 3583; x_wconf 87' lang='lat' dir='ltr'>volvitur,</span> <span class='ocrx_word' id='word_1_481' title='bbox 956 3510 1096 3579; x_wconf 88' lang='lat' dir='ltr'>historia,</span> <span class='ocrx_word' id='word_1_482' title='bbox 1108 3510 1519 3584; x_wconf 86' lang='lat' dir='ltr'>allegoria,tropologia,qua</span> <span class='ocrx_word' id='word_1_483' title='bbox 1535 3511 1657 3582; x_wconf 89' lang='lat' dir='ltr'>singula</span> <span class='ocrx_word' id='word_1_484' title='bbox 1671 3511 1784 3567; x_wconf 91' lang='lat' dir='ltr'>idcirco</span> 
     </span>
     <span class='ocr_line' id='line_1_39' title="bbox 73 3598 1782 3672; baseline -0.002 -14"><span class='ocrx_word' id='word_1_485' title='bbox 73 3602 158 3659; x_wconf 89' lang='lat' dir='ltr'>iutra</span> <span class='ocrx_word' id='word_1_486' title='bbox 172 3605 201 3658; x_wconf 92' lang='lat' dir='ltr'>et</span> <span class='ocrx_word' id='word_1_487' title='bbox 214 3602 297 3658; x_wconf 79' lang='lat' dir='ltr'>inira</span> <span class='ocrx_word' id='word_1_488' title='bbox 311 3602 514 3658; x_wconf 78' lang='lat' dir='ltr'>aeternitatem</span> <span class='ocrx_word' id='word_1_489' title='bbox 527 3602 694 3672; x_wconf 90' lang='lat' dir='ltr'>invenitur,</span> <span class='ocrx_word' id='word_1_490' title='bbox 709 3602 902 3658; x_wconf 85' lang='lat' dir='ltr'>immensitas</span> <span class='ocrx_word' id='word_1_491' title='bbox 956 3599 1030 3655; x_wconf 88' lang='lat' dir='ltr'>bina</span> <span class='ocrx_word' id='word_1_492' title='bbox 1055 3602 1139 3669; x_wconf 88' lang='lat' dir='ltr'>sunt,</span> <span class='ocrx_word' id='word_1_493' title='bbox 1156 3599 1229 3671; x_wconf 88' lang='lat' dir='ltr'>quia</span> <span class='ocrx_word' id='word_1_494' title='bbox 1251 3598 1373 3670; x_wconf 87' lang='lat' dir='ltr'>singula</span> <span class='ocrx_word' id='word_1_495' title='bbox 1388 3599 1427 3656; x_wconf 87' lang='lat' dir='ltr'>ad</span> <span class='ocrx_word' id='word_1_496' title='bbox 1450 3599 1642 3655; x_wconf 88' lang='lat' dir='ltr'>dilectionem</span> <span class='ocrx_word' id='word_1_497' title='bbox 1668 3600 1726 3655; x_wconf 94' lang='lat' dir='ltr'>Dei</span> <span class='ocrx_word' id='word_1_498' title='bbox 1752 3602 1782 3655; x_wconf 92' lang='lat' dir='ltr'>et</span> 
     </span>
     <span class='ocr_line' id='line_1_40' title="bbox 75 3685 1783 3765; baseline -0.005 -15"><span class='ocrx_word' id='word_1_499' title='bbox 75 3694 156 3749; x_wconf 92' lang='lat' dir='ltr'>enim</span> <span class='ocrx_word' id='word_1_500' title='bbox 180 3693 362 3750; x_wconf 80' lang='lat' dir='ltr'>aternitatis</span> <span class='ocrx_word' id='word_1_501' title='bbox 382 3686 565 3765; x_wconf 87' lang='lat' dir='ltr'>temporales</span> <span class='ocrx_word' id='word_1_502' title='bbox 585 3693 745 3765; x_wconf 86' lang='lat' dir='ltr'>angustias</span> <span class='ocrx_word' id='word_1_503' title='bbox 765 3693 847 3748; x_wconf 90' lang='lat' dir='ltr'>intra</span> <span class='ocrx_word' id='word_1_504' title='bbox 870 3709 902 3748; x_wconf 91' lang='grc' dir='ltr'>εε</span> <span class='ocrx_word' id='word_1_505' title='bbox 954 3688 1088 3762; x_wconf 90' lang='lat' dir='ltr'>proximi</span> <span class='ocrx_word' id='word_1_506' title='bbox 1101 3687 1268 3760; x_wconf 90' lang='lat' dir='ltr'>legentium</span> <span class='ocrx_word' id='word_1_507' title='bbox 1292 3689 1412 3744; x_wconf 88' lang='lat' dir='ltr'>animos</span> <span class='ocrx_word' id='word_1_508' title='bbox 1427 3686 1604 3744; x_wconf 88' lang='lat' dir='ltr'>accendunt.</span> <span class='ocrx_word' id='word_1_509' title='bbox 1618 3685 1695 3741; x_wconf 84' lang='lat' dir='ltr'>Dua</span> <span class='ocrx_word' id='word_1_510' title='bbox 1712 3687 1783 3757; x_wconf 84' lang='lat' dir='ltr'>ala,</span> 
     </span>
     <span class='ocr_line' id='line_1_41' title="bbox 77 3774 1783 3856; baseline -0.004 -18"><span class='ocrx_word' id='word_1_511' title='bbox 77 3782 278 3855; x_wconf 88' lang='lat' dir='ltr'>claudit‚quia</span> <span class='ocrx_word' id='word_1_512' title='bbox 292 3786 320 3838; x_wconf 87' lang='lat' dir='ltr'>et</span> <span class='ocrx_word' id='word_1_513' title='bbox 334 3783 420 3855; x_wconf 87' lang='lat' dir='ltr'>prius</span> <span class='ocrx_word' id='word_1_514' title='bbox 435 3785 571 3856; x_wconf 89' lang='lat' dir='ltr'>tempore</span> <span class='ocrx_word' id='word_1_515' title='bbox 585 3781 727 3854; x_wconf 64' lang='lat' dir='ltr'>estquod</span> <span class='ocrx_word' id='word_1_516' title='bbox 741 3796 901 3854; x_wconf 91' lang='lat' dir='ltr'>nunquam</span> <span class='ocrx_word' id='word_1_517' title='bbox 956 3793 1025 3850; x_wconf 85' lang='lat' dir='ltr'>quae</span> <span class='ocrx_word' id='word_1_518' title='bbox 1040 3792 1149 3850; x_wconf 90' lang='lat' dir='ltr'>corpus</span> <span class='ocrx_word' id='word_1_519' title='bbox 1169 3776 1322 3849; x_wconf 87' lang='lat' dir='ltr'>seraphim</span> <span class='ocrx_word' id='word_1_520' title='bbox 1346 3780 1463 3848; x_wconf 88' lang='lat' dir='ltr'>tegunt,</span> <span class='ocrx_word' id='word_1_521' title='bbox 1485 3774 1614 3830; x_wconf 88' lang='lat' dir='ltr'>historia</span> <span class='ocrx_word' id='word_1_522' title='bbox 1632 3777 1689 3843; x_wconf 90' lang='lat' dir='ltr'>est,</span> <span class='ocrx_word' id='word_1_523' title='bbox 1711 3791 1783 3846; x_wconf 87' lang='lat' dir='ltr'>qua</span> 
     </span>
     <span class='ocr_line' id='line_1_42' title="bbox 77 3862 1782 3944; baseline -0.004 -18"><span class='ocrx_word' id='word_1_524' title='bbox 77 3871 216 3942; x_wconf 62' lang='lat' dir='ltr'>crepitat</span> <span class='ocrx_word' id='word_1_525' title='bbox 227 3872 380 3942; x_wconf 89' lang='lat' dir='ltr'>posterius</span> <span class='ocrx_word' id='word_1_526' title='bbox 395 3871 627 3944; x_wconf 88' lang='lat' dir='ltr'>tempore,quod</span> <span class='ocrx_word' id='word_1_527' title='bbox 640 3871 732 3927; x_wconf 91' lang='lat' dir='ltr'>finem</span> <span class='ocrx_word' id='word_1_528' title='bbox 747 3871 853 3926; x_wconf 88' lang='lat' dir='ltr'>nescit.</span> <span class='ocrx_word' id='word_1_529' title='bbox 863 3871 903 3926; x_wconf 83' lang='lat' dir='ltr'>Et</span> <span class='ocrx_word' id='word_1_530' title='bbox 956 3883 1009 3940; x_wconf 91' lang='lat' dir='ltr'>per</span> <span class='ocrx_word' id='word_1_531' title='bbox 1016 3866 1156 3923; x_wconf 82' lang='lat' dir='ltr'>velamen</span> <span class='ocrx_word' id='word_1_532' title='bbox 1163 3865 1273 3921; x_wconf 85' lang='lat' dir='ltr'>littera</span> <span class='ocrx_word' id='word_1_533' title='bbox 1282 3862 1782 3937; x_wconf 82' lang='lat' dir='ltr'>mysticostegitintellectusDuee</span> 
     </span>
     <span class='ocr_line' id='line_1_43' title="bbox 76 3953 1783 4030; baseline -0.004 -17"><span class='ocrx_word' id='word_1_534' title='bbox 76 3972 172 4029; x_wconf 86' lang='lat' dir='ltr'>supra</span> <span class='ocrx_word' id='word_1_535' title='bbox 184 3960 306 4029; x_wconf 88' lang='lat' dir='ltr'>tempus</span> <span class='ocrx_word' id='word_1_536' title='bbox 318 3961 374 4026; x_wconf 86' lang='lat' dir='ltr'>est,</span> <span class='ocrx_word' id='word_1_537' title='bbox 389 3958 473 4030; x_wconf 92' lang='lat' dir='ltr'>quod</span> <span class='ocrx_word' id='word_1_538' title='bbox 491 3959 730 4015; x_wconf 89' lang='lat' dir='ltr'>mutabilitatem</span> <span class='ocrx_word' id='word_1_539' title='bbox 745 3975 808 4015; x_wconf 90' lang='lat' dir='ltr'>non</span> <span class='ocrx_word' id='word_1_540' title='bbox 822 3975 901 4015; x_wconf 89' lang='lat' dir='ltr'>rece·</span> <span class='ocrx_word' id='word_1_541' title='bbox 956 3956 1022 4025; x_wconf 83' lang='lat' dir='ltr'>ala,</span> <span class='ocrx_word' id='word_1_542' title='bbox 1038 3972 1107 4028; x_wconf 89' lang='lat' dir='ltr'>qua</span> <span class='ocrx_word' id='word_1_543' title='bbox 1122 3971 1220 4028; x_wconf 89' lang='lat' dir='ltr'>usque</span> <span class='ocrx_word' id='word_1_544' title='bbox 1235 3955 1274 4011; x_wconf 96' lang='lat' dir='ltr'>ad</span> <span class='ocrx_word' id='word_1_545' title='bbox 1288 3958 1381 4027; x_wconf 89' lang='lat' dir='ltr'>caput</span> <span class='ocrx_word' id='word_1_546' title='bbox 1395 3958 1425 4010; x_wconf 90' lang='lat' dir='ltr'>et</span> <span class='ocrx_word' id='word_1_547' title='bbox 1437 3953 1528 4027; x_wconf 89' lang='lat' dir='ltr'>pedes</span> <span class='ocrx_word' id='word_1_548' title='bbox 1543 3953 1668 4009; x_wconf 91' lang='lat' dir='ltr'>Domini</span> <span class='ocrx_word' id='word_1_549' title='bbox 1681 3955 1783 4007; x_wconf 82' lang='lat' dir='ltr'>exten-</span> 
     </span>
     <span class='ocr_line' id='line_1_44' title="bbox 76 4040 1782 4119; baseline -0.003 -19"><span class='ocrx_word' id='word_1_550' title='bbox 76 4045 132 4119; x_wconf 89' lang='lat' dir='ltr'>pit.</span> <span class='ocrx_word' id='word_1_551' title='bbox 147 4046 317 4114; x_wconf 83' lang='lat' dir='ltr'>Seraphim</span> <span class='ocrx_word' id='word_1_552' title='bbox 333 4046 467 4100; x_wconf 79' lang='lat' dir='ltr'>stabunt</span> <span class='ocrx_word' id='word_1_553' title='bbox 481 4061 580 4115; x_wconf 80' lang='lat' dir='ltr'>super</span> <span class='ocrx_word' id='word_1_554' title='bbox 592 4050 678 4102; x_wconf 83' lang='lat' dir='ltr'>illud</span> <span class='ocrx_word' id='word_1_555' title='bbox 695 4048 902 4119; x_wconf 77' lang='lat' dir='ltr'>(laa.v1)‚Duo</span> <span class='ocrx_word' id='word_1_556' title='bbox 956 4044 1083 4115; x_wconf 91' lang='lat' dir='ltr'>duntur,</span> <span class='ocrx_word' id='word_1_557' title='bbox 1099 4044 1245 4116; x_wconf 87' lang='lat' dir='ltr'>allegoria</span> <span class='ocrx_word' id='word_1_558' title='bbox 1259 4047 1306 4099; x_wconf 89' lang='lat' dir='ltr'>est</span> <span class='ocrx_word' id='word_1_559' title='bbox 1321 4059 1329 4112; x_wconf 82' lang='lat'>3</span> <span class='ocrx_word' id='word_1_560' title='bbox 1345 4043 1419 4115; x_wconf 88' lang='lat' dir='ltr'>quia</span> <span class='ocrx_word' id='word_1_561' title='bbox 1437 4058 1507 4098; x_wconf 90' lang='lat' dir='ltr'>cum</span> <span class='ocrx_word' id='word_1_562' title='bbox 1522 4042 1653 4114; x_wconf 88' lang='lat' dir='ltr'>mystica</span> <span class='ocrx_word' id='word_1_563' title='bbox 1668 4040 1782 4096; x_wconf 85' lang='lat' dir='ltr'>divinae</span> 
     </span>
     <span class='ocr_line' id='line_1_45' title="bbox 77 4130 1783 4208; baseline -0.002 -18"><span class='ocrx_word' id='word_1_564' title='bbox 77 4133 234 4206; x_wconf 87' lang='lat' dir='ltr'>seraphim</span> <span class='ocrx_word' id='word_1_565' title='bbox 249 4135 310 4190; x_wconf 92' lang='lat' dir='ltr'>duo</span> <span class='ocrx_word' id='word_1_566' title='bbox 325 4150 394 4190; x_wconf 88' lang='lat' dir='ltr'>eun.</span> <span class='ocrx_word' id='word_1_567' title='bbox 410 4134 616 4192; x_wconf 85' lang='lat' dir='ltr'>Testamenta.</span> <span class='ocrx_word' id='word_1_568' title='bbox 633 4136 672 4191; x_wconf 82' lang='lat' dir='ltr'>Et</span> <span class='ocrx_word' id='word_1_569' title='bbox 686 4135 812 4208; x_wconf 90' lang='lat' dir='ltr'>pulchre</span> <span class='ocrx_word' id='word_1_570' title='bbox 826 4151 903 4193; x_wconf 87' lang='lat' dir='ltr'>sera·</span> <span class='ocrx_word' id='word_1_571' title='bbox 955 4133 1120 4206; x_wconf 77' lang='lat' dir='ltr'>Scriptura</span> <span class='ocrx_word' id='word_1_572' title='bbox 1134 4132 1292 4202; x_wconf 89' lang='lat' dir='ltr'>discimus,</span> <span class='ocrx_word' id='word_1_573' title='bbox 1309 4146 1406 4204; x_wconf 91' lang='lat' dir='ltr'>usque</span> <span class='ocrx_word' id='word_1_574' title='bbox 1428 4131 1468 4187; x_wconf 90' lang='lat' dir='ltr'>ad</span> <span class='ocrx_word' id='word_1_575' title='bbox 1491 4130 1590 4204; x_wconf 87' lang='lat' dir='ltr'>ipsius</span> <span class='ocrx_word' id='word_1_576' title='bbox 1609 4130 1783 4186; x_wconf 87' lang='lat' dir='ltr'>divinitatis</span> 
     </span>
     <span class='ocr_line' id='line_1_46' title="bbox 76 4219 1780 4297; baseline -0.004 -17"><span class='ocrx_word' id='word_1_577' title='bbox 76 4223 173 4297; x_wconf 92' lang='lat' dir='ltr'>phim,</span> <span class='ocrx_word' id='word_1_578' title='bbox 187 4223 270 4297; x_wconf 89' lang='lat' dir='ltr'>quod</span> <span class='ocrx_word' id='word_1_579' title='bbox 281 4222 502 4296; x_wconf 90' lang='lat' dir='ltr'>interpretatur</span> <span class='ocrx_word' id='word_1_580' title='bbox 516 4226 649 4294; x_wconf 77' lang='lat' dir='ltr'>ordene,</span> <span class='ocrx_word' id='word_1_581' title='bbox 658 4223 795 4280; x_wconf 88' lang='lat' dir='ltr'>divinam</span> <span class='ocrx_word' id='word_1_582' title='bbox 807 4224 903 4297; x_wconf 90' lang='lat' dir='ltr'>Scrip-</span> <span class='ocrx_word' id='word_1_583' title='bbox 955 4222 1155 4295; x_wconf 88' lang='lat' dir='ltr'>agnitionem,</span> <span class='ocrx_word' id='word_1_584' title='bbox 1170 4237 1238 4294; x_wconf 89' lang='lat' dir='ltr'>quae</span> <span class='ocrx_word' id='word_1_585' title='bbox 1263 4224 1334 4277; x_wconf 90' lang='lat' dir='ltr'>ante</span> <span class='ocrx_word' id='word_1_586' title='bbox 1348 4220 1462 4288; x_wconf 88' lang='lat' dir='ltr'>omnia,</span> <span class='ocrx_word' id='word_1_587' title='bbox 1477 4222 1507 4275; x_wconf 92' lang='lat' dir='ltr'>et</span> <span class='ocrx_word' id='word_1_588' title='bbox 1521 4223 1591 4292; x_wconf 91' lang='lat' dir='ltr'>post</span> <span class='ocrx_word' id='word_1_589' title='bbox 1605 4219 1709 4275; x_wconf 91' lang='lat' dir='ltr'>omnia</span> <span class='ocrx_word' id='word_1_590' title='bbox 1724 4222 1780 4287; x_wconf 91' lang='lat' dir='ltr'>est,</span> 
     </span>
     <span class='ocr_line' id='line_1_47' title="bbox 76 4306 1783 4406; baseline -0.006 -35"><span class='ocrx_word' id='word_1_591' title='bbox 76 4317 178 4371; x_wconf 87' lang='lat' dir='ltr'>turam</span> <span class='ocrx_word' id='word_1_592' title='bbox 194 4313 357 4385; x_wconf 88' lang='lat' dir='ltr'>significat,</span> <span class='ocrx_word' id='word_1_593' title='bbox 372 4329 441 4386; x_wconf 90' lang='lat' dir='ltr'>qua</span> <span class='ocrx_word' id='word_1_594' title='bbox 465 4328 517 4370; x_wconf 89' lang='lat' dir='ltr'>eos</span> <span class='ocrx_word' id='word_1_595' title='bbox 531 4328 610 4386; x_wconf 90' lang='lat' dir='ltr'>quos</span> <span class='ocrx_word' id='word_1_596' title='bbox 628 4328 682 4386; x_wconf 83' lang='lat' dir='ltr'>per</span> <span class='ocrx_word' id='word_1_597' title='bbox 696 4313 901 4384; x_wconf 88' lang='lat' dir='ltr'>cognitionem</span> <span class='ocrx_word' id='word_1_598' title='bbox 915 4351 944 4406; x_wconf 77' lang='lat' dir='ltr'>D</span> <span class='ocrx_word' id='word_1_599' title='bbox 955 4327 1009 4384; x_wconf 91' lang='lat' dir='ltr'>per</span> <span class='ocrx_word' id='word_1_600' title='bbox 1019 4310 1278 4367; x_wconf 89' lang='lat' dir='ltr'>illuminationem</span> <span class='ocrx_word' id='word_1_601' title='bbox 1288 4309 1402 4364; x_wconf 84' lang='lat' dir='ltr'>mentia</span> <span class='ocrx_word' id='word_1_602' title='bbox 1411 4306 1681 4381; x_wconf 80' lang='lat' dir='ltr'>penetramussed</span> <span class='ocrx_word' id='word_1_603' title='bbox 1690 4306 1783 4362; x_wconf 88' lang='lat' dir='ltr'>scien·</span> 
     </span>
     <span class='ocr_line' id='line_1_48' title="bbox 76 4395 1784 4475; baseline -0.005 -17"><span class='ocrx_word' id='word_1_604' title='bbox 76 4402 163 4475; x_wconf 89' lang='lat' dir='ltr'>prius</span> <span class='ocrx_word' id='word_1_605' title='bbox 174 4401 396 4458; x_wconf 89' lang='lat' dir='ltr'>illuminaverit</span> <span class='ocrx_word' id='word_1_606' title='bbox 409 4418 464 4475; x_wconf 91' lang='lat' dir='ltr'>per</span> <span class='ocrx_word' id='word_1_607' title='bbox 478 4416 613 4458; x_wconf 88' lang='lat' dir='ltr'>amorem</span> <span class='ocrx_word' id='word_1_608' title='bbox 629 4401 824 4474; x_wconf 90' lang='lat' dir='ltr'>postmodum</span> <span class='ocrx_word' id='word_1_609' title='bbox 840 4402 900 4458; x_wconf 83' lang='lat' dir='ltr'>for·</span> <span class='ocrx_word' id='word_1_610' title='bbox 956 4400 1030 4456; x_wconf 90' lang='lat' dir='ltr'>dum</span> <span class='ocrx_word' id='word_1_611' title='bbox 1046 4403 1092 4455; x_wconf 90' lang='lat' dir='ltr'>est</span> <span class='ocrx_word' id='word_1_612' title='bbox 1106 4398 1190 4470; x_wconf 94' lang='lat' dir='ltr'>quod</span> <span class='ocrx_word' id='word_1_613' title='bbox 1204 4397 1260 4455; x_wconf 85' lang='lat' dir='ltr'>ala</span> <span class='ocrx_word' id='word_1_614' title='bbox 1273 4401 1406 4454; x_wconf 73' lang='lat' dir='ltr'>extensa</span> <span class='ocrx_word' id='word_1_615' title='bbox 1421 4411 1520 4468; x_wconf 89' lang='lat' dir='ltr'>usque</span> <span class='ocrx_word' id='word_1_616' title='bbox 1535 4395 1573 4451; x_wconf 89' lang='lat' dir='ltr'>ad</span> <span class='ocrx_word' id='word_1_617' title='bbox 1588 4397 1721 4468; x_wconf 62' lang='lat' dir='ltr'>caputet</span> <span class='ocrx_word' id='word_1_618' title='bbox 1736 4410 1784 4467; x_wconf 90' lang='lat' dir='ltr'>pe·</span> 
     </span>
     <span class='ocr_line' id='line_1_49' title="bbox 77 4485 1782 4563; baseline -0.004 -19"><span class='ocrx_word' id='word_1_619' title='bbox 77 4490 149 4545; x_wconf 90' lang='lat' dir='ltr'>titer</span> <span class='ocrx_word' id='word_1_620' title='bbox 161 4488 266 4544; x_wconf 89' lang='lat' dir='ltr'>ardere</span> <span class='ocrx_word' id='word_1_621' title='bbox 283 4490 365 4544; x_wconf 85' lang='lat' dir='ltr'>facit.</span> <span class='ocrx_word' id='word_1_622' title='bbox 380 4490 461 4545; x_wconf 91' lang='lat' dir='ltr'>Dum</span> <span class='ocrx_word' id='word_1_623' title='bbox 477 4490 558 4544; x_wconf 90' lang='lat' dir='ltr'>enim</span> <span class='ocrx_word' id='word_1_624' title='bbox 578 4490 675 4545; x_wconf 90' lang='lat' dir='ltr'>menti</span> <span class='ocrx_word' id='word_1_625' title='bbox 691 4492 804 4546; x_wconf 83' lang='lat' dir='ltr'>nostrae</span> <span class='ocrx_word' id='word_1_626' title='bbox 820 4491 902 4563; x_wconf 94' lang='lat' dir='ltr'>quod</span> <span class='ocrx_word' id='word_1_627' title='bbox 957 4489 1010 4545; x_wconf 90' lang='lat' dir='ltr'>des</span> <span class='ocrx_word' id='word_1_628' title='bbox 1024 4489 1231 4558; x_wconf 88' lang='lat' dir='ltr'>attinguntur,</span> <span class='ocrx_word' id='word_1_629' title='bbox 1244 4485 1297 4542; x_wconf 91' lang='lat' dir='ltr'>sed</span> <span class='ocrx_word' id='word_1_630' title='bbox 1310 4488 1476 4557; x_wconf 90' lang='lat' dir='ltr'>utrumque</span> <span class='ocrx_word' id='word_1_631' title='bbox 1486 4486 1648 4557; x_wconf 89' lang='lat' dir='ltr'>tangentes</span> <span class='ocrx_word' id='word_1_632' title='bbox 1662 4487 1782 4555; x_wconf 89' lang='lat' dir='ltr'>tegunt,</span> 
     </span>
     <span class='ocr_line' id='line_1_50' title="bbox 77 4571 1783 4650; baseline -0.003 -18"><span class='ocrx_word' id='word_1_633' title='bbox 77 4577 248 4633; x_wconf 90' lang='lat' dir='ltr'>desiderare</span> <span class='ocrx_word' id='word_1_634' title='bbox 263 4577 371 4632; x_wconf 89' lang='lat' dir='ltr'>debeat</span> <span class='ocrx_word' id='word_1_635' title='bbox 390 4577 533 4648; x_wconf 91' lang='lat' dir='ltr'>ostendit,</span> <span class='ocrx_word' id='word_1_636' title='bbox 547 4579 633 4650; x_wconf 91' lang='lat' dir='ltr'>prius</span> <span class='ocrx_word' id='word_1_637' title='bbox 648 4595 715 4634; x_wconf 90' lang='lat' dir='ltr'>eam</span> <span class='ocrx_word' id='word_1_638' title='bbox 734 4579 901 4648; x_wconf 89' lang='lat' dir='ltr'>illuminat,</span> <span class='ocrx_word' id='word_1_639' title='bbox 957 4577 1031 4650; x_wconf 86' lang='lat' dir='ltr'>quia</span> <span class='ocrx_word' id='word_1_640' title='bbox 1041 4576 1161 4648; x_wconf 85' lang='lat' dir='ltr'>quoties</span> <span class='ocrx_word' id='word_1_641' title='bbox 1176 4575 1215 4630; x_wconf 83' lang='lat' dir='ltr'>ad</span> <span class='ocrx_word' id='word_1_642' title='bbox 1226 4576 1292 4647; x_wconf 85' lang='lat' dir='ltr'>ejus</span> <span class='ocrx_word' id='word_1_643' title='bbox 1304 4574 1506 4630; x_wconf 85' lang='lat' dir='ltr'>aternitatem</span> <span class='ocrx_word' id='word_1_644' title='bbox 1519 4571 1714 4644; x_wconf 86' lang='lat' dir='ltr'>cogitandam</span> <span class='ocrx_word' id='word_1_645' title='bbox 1729 4587 1783 4644; x_wconf 92' lang='lat' dir='ltr'>per</span> 
     </span>
     <span class='ocr_line' id='line_1_51' title="bbox 78 4659 1782 4741; baseline -0.004 -20"><span class='ocrx_word' id='word_1_646' title='bbox 78 4681 113 4721; x_wconf 92' lang='lat' dir='ltr'>ac</span> <span class='ocrx_word' id='word_1_647' title='bbox 127 4665 235 4722; x_wconf 91' lang='lat' dir='ltr'>deinde</span> <span class='ocrx_word' id='word_1_648' title='bbox 251 4665 408 4722; x_wconf 86' lang='lat' dir='ltr'>ardentem</span> <span class='ocrx_word' id='word_1_649' title='bbox 421 4667 504 4722; x_wconf 82' lang='lat' dir='ltr'>lacit.</span> <span class='ocrx_word' id='word_1_650' title='bbox 517 4667 612 4723; x_wconf 85' lang='lat' dir='ltr'>Ardet</span> <span class='ocrx_word' id='word_1_651' title='bbox 625 4684 696 4740; x_wconf 89' lang='lat' dir='ltr'>ergo</span> <span class='ocrx_word' id='word_1_652' title='bbox 712 4670 785 4741; x_wconf 92' lang='lat' dir='ltr'>quia</span> <span class='ocrx_word' id='word_1_653' title='bbox 799 4669 905 4725; x_wconf 87' lang='lat' dir='ltr'>arden·</span> <span class='ocrx_word' id='word_1_654' title='bbox 957 4679 1114 4721; x_wconf 82' lang='lat' dir='ltr'>excessum</span> <span class='ocrx_word' id='word_1_655' title='bbox 1129 4664 1242 4720; x_wconf 89' lang='lat' dir='ltr'>mentis</span> <span class='ocrx_word' id='word_1_656' title='bbox 1261 4663 1414 4735; x_wconf 86' lang='lat' dir='ltr'>rapimur,</span> <span class='ocrx_word' id='word_1_657' title='bbox 1427 4661 1548 4717; x_wconf 91' lang='lat' dir='ltr'>nullum</span> <span class='ocrx_word' id='word_1_658' title='bbox 1568 4662 1601 4717; x_wconf 89' lang='lat' dir='ltr'>in</span> <span class='ocrx_word' id='word_1_659' title='bbox 1615 4676 1650 4716; x_wconf 88' lang='lat' dir='ltr'>co</span> <span class='ocrx_word' id='word_1_660' title='bbox 1670 4659 1782 4732; x_wconf 89' lang='lat' dir='ltr'>princi-</span> 
     </span>
     <span class='ocr_line' id='line_1_52' title="bbox 78 4742 1784 4831; baseline -0.004 -21"><span class='ocrx_word' id='word_1_661' title='bbox 78 4758 124 4811; x_wconf 86' lang='lat' dir='ltr'>tes</span> <span class='ocrx_word' id='word_1_662' title='bbox 139 4755 306 4824; x_wconf 67' lang='lat' dir='ltr'>faciasicut</span> <span class='ocrx_word' id='word_1_663' title='bbox 320 4742 394 4811; x_wconf 88' lang='lat' dir='ltr'>alibi</span> <span class='ocrx_word' id='word_1_664' title='bbox 409 4755 509 4812; x_wconf 91' lang='lat' dir='ltr'>lucere</span> <span class='ocrx_word' id='word_1_665' title='bbox 522 4757 634 4813; x_wconf 87' lang='lat' dir='ltr'>dicitur</span> <span class='ocrx_word' id='word_1_666' title='bbox 648 4759 723 4831; x_wconf 84' lang='lat' dir='ltr'>quia</span> <span class='ocrx_word' id='word_1_667' title='bbox 734 4757 901 4827; x_wconf 89' lang='lat' dir='ltr'>illuminat,</span> <span class='ocrx_word' id='word_1_668' title='bbox 957 4755 1043 4828; x_wconf 92' lang='lat' dir='ltr'>pium</span> <span class='ocrx_word' id='word_1_669' title='bbox 1066 4757 1120 4809; x_wconf 86' lang='lat' dir='ltr'>aut</span> <span class='ocrx_word' id='word_1_670' title='bbox 1134 4754 1227 4810; x_wconf 85' lang='lat' dir='ltr'>finem</span> <span class='ocrx_word' id='word_1_671' title='bbox 1241 4754 1426 4809; x_wconf 80' lang='lat' dir='ltr'>invenimus.</span> <span class='ocrx_word' id='word_1_672' title='bbox 1442 4751 1501 4808; x_wconf 87' lang='lat' dir='ltr'>Sed</span> <span class='ocrx_word' id='word_1_673' title='bbox 1523 4750 1582 4806; x_wconf 88' lang='lat' dir='ltr'>hac</span> <span class='ocrx_word' id='word_1_674' title='bbox 1605 4750 1710 4805; x_wconf 89' lang='lat' dir='ltr'>eadem</span> <span class='ocrx_word' id='word_1_675' title='bbox 1735 4749 1784 4804; x_wconf 87' lang='lat' dir='ltr'>ala</span> 
     </span>
     <span class='ocr_line' id='line_1_53' title="bbox 77 4838 1783 4919; baseline -0.004 -20"><span class='ocrx_word' id='word_1_676' title='bbox 77 4842 114 4899; x_wconf 95' lang='lat' dir='ltr'>de</span> <span class='ocrx_word' id='word_1_677' title='bbox 132 4843 190 4900; x_wconf 90' lang='lat' dir='ltr'>hac</span> <span class='ocrx_word' id='word_1_678' title='bbox 213 4845 305 4914; x_wconf 86' lang='lat' dir='ltr'>enirn,</span> <span class='ocrx_word' id='word_1_679' title='bbox 321 4846 431 4901; x_wconf 89' lang='lat' dir='ltr'>Petrus</span> <span class='ocrx_word' id='word_1_680' title='bbox 449 4845 607 4919; x_wconf 86' lang='lat' dir='ltr'>apostolus</span> <span class='ocrx_word' id='word_1_681' title='bbox 630 4847 674 4902; x_wconf 90' lang='lat' dir='ltr'>ait</span> <span class='ocrx_word' id='word_1_682' title='bbox 703 4863 709 4901; x_wconf 74' lang='grc' dir='ltr'>ε</span> <span class='ocrx_word' id='word_1_683' title='bbox 739 4848 902 4903; x_wconf 78' lang='lat' dir='ltr'>Habemus</span> <span class='ocrx_word' id='word_1_684' title='bbox 958 4843 1047 4899; x_wconf 86' lang='lat' dir='ltr'>nobis</span> <span class='ocrx_word' id='word_1_685' title='bbox 1070 4846 1163 4915; x_wconf 88' lang='lat' dir='ltr'>caput</span> <span class='ocrx_word' id='word_1_686' title='bbox 1183 4843 1250 4915; x_wconf 84' lang='lat' dir='ltr'>ejus</span> <span class='ocrx_word' id='word_1_687' title='bbox 1274 4841 1424 4911; x_wconf 85' lang='lat' dir='ltr'>velamus,</span> <span class='ocrx_word' id='word_1_688' title='bbox 1442 4841 1517 4913; x_wconf 87' lang='lat' dir='ltr'>quia</span> <span class='ocrx_word' id='word_1_689' title='bbox 1540 4838 1672 4912; x_wconf 87' lang='lat' dir='ltr'>qualiter</span> <span class='ocrx_word' id='word_1_690' title='bbox 1694 4839 1727 4893; x_wconf 90' lang='lat' dir='ltr'>in</span> <span class='ocrx_word' id='word_1_691' title='bbox 1748 4853 1783 4894; x_wconf 92' lang='lat' dir='ltr'>eo</span> 
     </span>
     <span class='ocr_line' id='line_1_54' title="bbox 78 4926 1784 5005; baseline -0.002 -20"><span class='ocrx_word' id='word_1_692' title='bbox 78 4932 259 5003; x_wconf 80' lang='lat' dir='ltr'>firmiorem</span> <span class='ocrx_word' id='word_1_693' title='bbox 269 4935 496 5004; x_wconf 81' lang='lat' dir='ltr'>propheticum</span> <span class='ocrx_word' id='word_1_694' title='bbox 510 4937 766 5003; x_wconf 62' lang='lat' dir='ltr'>remuneraret</span> <span class='ocrx_word' id='word_1_695' title='bbox 779 4934 904 5005; x_wconf 82' lang='lat' dir='ltr'>benefa·</span> <span class='ocrx_word' id='word_1_696' title='bbox 958 4931 1078 4987; x_wconf 91' lang='lat' dir='ltr'>nullum</span> <span class='ocrx_word' id='word_1_697' title='bbox 1093 4931 1134 4987; x_wconf 92' lang='lat' dir='ltr'>sit</span> <span class='ocrx_word' id='word_1_698' title='bbox 1147 4931 1332 5004; x_wconf 87' lang='lat' dir='ltr'>principium</span> <span class='ocrx_word' id='word_1_699' title='bbox 1347 4928 1602 5004; x_wconf 89' lang='lat' dir='ltr'>comprehendere</span> <span class='ocrx_word' id='word_1_700' title='bbox 1614 4942 1675 4983; x_wconf 90' lang='lat' dir='ltr'>non</span> <span class='ocrx_word' id='word_1_701' title='bbox 1687 4926 1784 4982; x_wconf 87' lang='lat' dir='ltr'>valea·</span> 
     </span>
     <span class='ocr_line' id='line_1_55' title="bbox 79 5016 1785 5094; baseline -0.004 -17"><span class='ocrx_word' id='word_1_702' title='bbox 79 5023 154 5078; x_wconf 80' lang='lat' dir='ltr'>citis</span> <span class='ocrx_word' id='word_1_703' title='bbox 167 5026 372 5080; x_wconf 78' lang='lat' dir='ltr'>attendentes</span> <span class='ocrx_word' id='word_1_704' title='bbox 387 5027 485 5094; x_wconf 78' lang='lat' dir='ltr'>quasi</span> <span class='ocrx_word' id='word_1_705' title='bbox 501 5028 645 5082; x_wconf 79' lang='lat' dir='ltr'>tucercoe</span> <span class='ocrx_word' id='word_1_706' title='bbox 661 5026 785 5081; x_wconf 83' lang='lat' dir='ltr'>lucenti</span> <span class='ocrx_word' id='word_1_707' title='bbox 800 5027 836 5079; x_wconf 84' lang='lat' dir='ltr'>in</span> <span class='ocrx_word' id='word_1_708' title='bbox 855 5039 904 5080; x_wconf 88' lang='lat' dir='ltr'>ca·</span> <span class='ocrx_word' id='word_1_709' title='bbox 957 5036 1037 5076; x_wconf 89' lang='lat' dir='ltr'>mus.</span> <span class='ocrx_word' id='word_1_710' title='bbox 1053 5018 1143 5076; x_wconf 82' lang='lat' dir='ltr'>Alam</span> <span class='ocrx_word' id='word_1_711' title='bbox 1159 5019 1197 5074; x_wconf 87' lang='lat' dir='ltr'>ed</span> <span class='ocrx_word' id='word_1_712' title='bbox 1211 5018 1302 5093; x_wconf 84' lang='lat' dir='ltr'>pedes</span> <span class='ocrx_word' id='word_1_713' title='bbox 1317 5018 1521 5086; x_wconf 86' lang='lat' dir='ltr'>extendimus,</span> <span class='ocrx_word' id='word_1_714' title='bbox 1535 5016 1608 5073; x_wconf 95' lang='lat' dir='ltr'>dum</span> <span class='ocrx_word' id='word_1_715' title='bbox 1631 5030 1701 5071; x_wconf 90' lang='lat' dir='ltr'>eum</span> <span class='ocrx_word' id='word_1_716' title='bbox 1715 5019 1785 5088; x_wconf 91' lang='lat' dir='ltr'>post</span> 
     </span>
     <span class='ocr_line' id='line_1_56' title="bbox 80 5103 1786 5183; baseline -0.005 -17"><span class='ocrx_word' id='word_1_717' title='bbox 80 5112 218 5181; x_wconf 82' lang='lat' dir='ltr'>liginoso</span> <span class='ocrx_word' id='word_1_718' title='bbox 236 5114 311 5183; x_wconf 89' lang='lat' dir='ltr'>loce,</span> <span class='ocrx_word' id='word_1_719' title='bbox 327 5116 427 5170; x_wconf 81' lang='lat' dir='ltr'>donec</span> <span class='ocrx_word' id='word_1_720' title='bbox 442 5117 512 5170; x_wconf 80' lang='lat' dir='ltr'>dier</span> <span class='ocrx_word' id='word_1_721' title='bbox 528 5118 707 5182; x_wconf 80' lang='lat' dir='ltr'>illucescat,</span> <span class='ocrx_word' id='word_1_722' title='bbox 737 5119 768 5170; x_wconf 88' lang='lat' dir='ltr'>et</span> <span class='ocrx_word' id='word_1_723' title='bbox 784 5113 904 5183; x_wconf 79' lang='lat' dir='ltr'>lucifer</span> <span class='ocrx_word' id='word_1_724' title='bbox 959 5109 1063 5167; x_wconf 89' lang='lat' dir='ltr'>omnia</span> <span class='ocrx_word' id='word_1_725' title='bbox 1077 5124 1143 5165; x_wconf 90' lang='lat' dir='ltr'>esse</span> <span class='ocrx_word' id='word_1_726' title='bbox 1160 5123 1222 5165; x_wconf 88' lang='lat' dir='ltr'>uon</span> <span class='ocrx_word' id='word_1_727' title='bbox 1238 5111 1384 5182; x_wconf 89' lang='lat' dir='ltr'>tempore,</span> <span class='ocrx_word' id='word_1_728' title='bbox 1400 5106 1452 5164; x_wconf 88' lang='lat' dir='ltr'>sed</span> <span class='ocrx_word' id='word_1_729' title='bbox 1467 5106 1637 5162; x_wconf 84' lang='lat' dir='ltr'>aternitate</span> <span class='ocrx_word' id='word_1_730' title='bbox 1651 5103 1786 5159; x_wconf 82' lang='lat' dir='ltr'>conside</span> 
     </span>
     <span class='ocr_line' id='line_1_57' title="bbox 78 5192 1786 5276; baseline -0.006 -19"><span class='ocrx_word' id='word_1_731' title='bbox 78 5203 212 5257; x_wconf 83' lang='lat' dir='ltr'>oriatur</span> <span class='ocrx_word' id='word_1_732' title='bbox 228 5203 264 5257; x_wconf 81' lang='lat' dir='ltr'>in</span> <span class='ocrx_word' id='word_1_733' title='bbox 280 5205 428 5259; x_wconf 79' lang='lat' dir='ltr'>cordibus</span> <span class='ocrx_word' id='word_1_734' title='bbox 445 5207 562 5260; x_wconf 80' lang='lat' dir='ltr'>vestris</span> <span class='ocrx_word' id='word_1_735' title='bbox 578 5203 627 5276; x_wconf 81' lang='lat' dir='ltr'>(Il</span> <span class='ocrx_word' id='word_1_736' title='bbox 638 5205 726 5259; x_wconf 82' lang='lat' dir='ltr'>Patr.</span> <span class='ocrx_word' id='word_1_737' title='bbox 743 5203 777 5275; x_wconf 86' lang='lat'>1).</span> <span class='ocrx_word' id='word_1_738' title='bbox 793 5203 834 5258; x_wconf 78' lang='lat' dir='ltr'>ut</span> <span class='ocrx_word' id='word_1_739' title='bbox 847 5202 904 5258; x_wconf 82' lang='lat' dir='ltr'>for·</span> <span class='ocrx_word' id='word_1_740' title='bbox 958 5213 1073 5254; x_wconf 84' lang='lat' dir='ltr'>ramus.</span> <span class='ocrx_word' id='word_1_741' title='bbox 1090 5197 1148 5254; x_wconf 91' lang='lat' dir='ltr'>Sed</span> <span class='ocrx_word' id='word_1_742' title='bbox 1162 5196 1254 5269; x_wconf 89' lang='lat' dir='ltr'>pedes</span> <span class='ocrx_word' id='word_1_743' title='bbox 1267 5197 1411 5268; x_wconf 90' lang='lat' dir='ltr'>tegimus,</span> <span class='ocrx_word' id='word_1_744' title='bbox 1426 5195 1501 5251; x_wconf 91' lang='lat' dir='ltr'>dum</span> <span class='ocrx_word' id='word_1_745' title='bbox 1520 5194 1554 5250; x_wconf 89' lang='lat' dir='ltr'>in</span> <span class='ocrx_word' id='word_1_746' title='bbox 1565 5208 1601 5249; x_wconf 91' lang='lat' dir='ltr'>eo</span> <span class='ocrx_word' id='word_1_747' title='bbox 1613 5192 1706 5248; x_wconf 86' lang='lat' dir='ltr'>finem</span> <span class='ocrx_word' id='word_1_748' title='bbox 1724 5207 1786 5247; x_wconf 92' lang='lat' dir='ltr'>non</span> 
     </span>
     <span class='ocr_line' id='line_1_58' title="bbox 80 5280 1787 5363; baseline -0.007 -17"><span class='ocrx_word' id='word_1_749' title='bbox 80 5291 172 5347; x_wconf 83' lang='lat' dir='ltr'>tassia</span> <span class='ocrx_word' id='word_1_750' title='bbox 201 5292 369 5348; x_wconf 88' lang='lat' dir='ltr'>secundum</span> <span class='ocrx_word' id='word_1_751' title='bbox 396 5292 476 5348; x_wconf 89' lang='lat' dir='ltr'>hanc</span> <span class='ocrx_word' id='word_1_752' title='bbox 503 5292 737 5348; x_wconf 87' lang='lat' dir='ltr'>similitudinem</span> <span class='ocrx_word' id='word_1_753' title='bbox 757 5306 819 5363; x_wconf 90' lang='lat' dir='ltr'>qua</span> <span class='ocrx_word' id='word_1_754' title='bbox 844 5289 904 5363; x_wconf 90' lang='lat' dir='ltr'>ipsi</span> <span class='ocrx_word' id='word_1_755' title='bbox 959 5286 1144 5342; x_wconf 83' lang='lat' dir='ltr'>invenimus.</span> <span class='ocrx_word' id='word_1_756' title='bbox 1158 5285 1325 5358; x_wconf 86' lang='lat' dir='ltr'>Tangendo</span> <span class='ocrx_word' id='word_1_757' title='bbox 1344 5301 1416 5357; x_wconf 89' lang='lat' dir='ltr'>ergo</span> <span class='ocrx_word' id='word_1_758' title='bbox 1440 5286 1532 5357; x_wconf 90' lang='lat' dir='ltr'>caput</span> <span class='ocrx_word' id='word_1_759' title='bbox 1551 5282 1627 5355; x_wconf 86' lang='lat' dir='ltr'>ejus,</span> <span class='ocrx_word' id='word_1_760' title='bbox 1642 5283 1672 5336; x_wconf 91' lang='lat' dir='ltr'>et</span> <span class='ocrx_word' id='word_1_761' title='bbox 1694 5280 1787 5354; x_wconf 91' lang='lat' dir='ltr'>pedes</span> 
     </span>
     <span class='ocr_line' id='line_1_59' title="bbox 78 5369 1787 5453; baseline -0.007 -17"><span class='ocrx_word' id='word_1_762' title='bbox 78 5379 244 5453; x_wconf 80' lang='lat' dir='ltr'>Scriptura</span> <span class='ocrx_word' id='word_1_763' title='bbox 266 5381 395 5436; x_wconf 87' lang='lat' dir='ltr'>attribui</span> <span class='ocrx_word' id='word_1_764' title='bbox 416 5380 492 5437; x_wconf 91' lang='lat' dir='ltr'>solet</span> <span class='ocrx_word' id='word_1_765' title='bbox 511 5380 593 5453; x_wconf 94' lang='lat' dir='ltr'>quod</span> <span class='ocrx_word' id='word_1_766' title='bbox 615 5381 684 5452; x_wconf 83' lang='lat' dir='ltr'>ipsa</span> <span class='ocrx_word' id='word_1_767' title='bbox 704 5379 737 5434; x_wconf 92' lang='lat' dir='ltr'>in</span> <span class='ocrx_word' id='word_1_768' title='bbox 761 5376 904 5433; x_wconf 90' lang='lat' dir='ltr'>cordibus</span> <span class='ocrx_word' id='word_1_769' title='bbox 959 5376 1103 5447; x_wconf 88' lang='lat' dir='ltr'>tegimus,</span> <span class='ocrx_word' id='word_1_770' title='bbox 1128 5376 1203 5448; x_wconf 89' lang='lat' dir='ltr'>quia</span> <span class='ocrx_word' id='word_1_771' title='bbox 1230 5380 1347 5448; x_wconf 87' lang='lat' dir='ltr'>quanto</span> <span class='ocrx_word' id='word_1_772' title='bbox 1371 5373 1470 5445; x_wconf 89' lang='lat' dir='ltr'>magis</span> <span class='ocrx_word' id='word_1_773' title='bbox 1494 5373 1561 5444; x_wconf 89' lang='lat' dir='ltr'>ejus</span> <span class='ocrx_word' id='word_1_774' title='bbox 1582 5369 1787 5427; x_wconf 76' lang='lat' dir='ltr'>aeternitatem</span> 
     </span>
     <span class='ocr_line' id='line_1_60' title="bbox 79 5459 1810 5538; baseline -0.005 -15"><span class='ocrx_word' id='word_1_775' title='bbox 79 5468 170 5524; x_wconf 86' lang='lat' dir='ltr'>efficit</span> <span class='ocrx_word' id='word_1_776' title='bbox 191 5468 395 5535; x_wconf 89' lang='lat' dir='ltr'>audientium,</span> <span class='ocrx_word' id='word_1_777' title='bbox 417 5469 474 5524; x_wconf 91' lang='lat' dir='ltr'>hoc</span> <span class='ocrx_word' id='word_1_778' title='bbox 495 5468 611 5525; x_wconf 91' lang='lat' dir='ltr'>dictum</span> <span class='ocrx_word' id='word_1_779' title='bbox 632 5470 680 5523; x_wconf 90' lang='lat' dir='ltr'>est</span> <span class='ocrx_word' id='word_1_780' title='bbox 709 5482 716 5523; x_wconf 93' lang='lat'>:</span> <span class='ocrx_word' id='word_1_781' title='bbox 745 5465 904 5538; x_wconf 88' lang='lat' dir='ltr'>Seraphim</span> <span class='ocrx_word' id='word_1_782' title='bbox 959 5480 1046 5521; x_wconf 91' lang='lat' dir='ltr'>mens</span> <span class='ocrx_word' id='word_1_783' title='bbox 1060 5464 1198 5520; x_wconf 89' lang='lat' dir='ltr'>humana</span> <span class='ocrx_word' id='word_1_784' title='bbox 1219 5465 1404 5535; x_wconf 82' lang='lat' dir='ltr'>investigare</span> <span class='ocrx_word' id='word_1_785' title='bbox 1426 5462 1547 5531; x_wconf 90' lang='lat' dir='ltr'>nititur,</span> <span class='ocrx_word' id='word_1_786' title='bbox 1565 5462 1654 5517; x_wconf 87' lang='lat' dir='ltr'>tanto</span> <span class='ocrx_word' id='word_1_787' title='bbox 1674 5459 1810 5530; x_wconf 85' lang='lat' dir='ltr'>magis,-</span> 
     </span>
     <span class='ocr_line' id='line_1_61' title="bbox 81 5548 1787 5629; baseline -0.005 -19"><span class='ocrx_word' id='word_1_788' title='bbox 81 5557 206 5612; x_wconf 86' lang='lat' dir='ltr'>stabant</span> <span class='ocrx_word' id='word_1_789' title='bbox 220 5571 312 5629; x_wconf 88' lang='lat' dir='ltr'>super</span> <span class='ocrx_word' id='word_1_790' title='bbox 327 5556 413 5613; x_wconf 92' lang='lat' dir='ltr'>illud.</span> <span class='ocrx_word' id='word_1_791' title='bbox 430 5557 535 5628; x_wconf 89' lang='lat' dir='ltr'>Surgit</span> <span class='ocrx_word' id='word_1_792' title='bbox 549 5555 631 5611; x_wconf 94' lang='lat' dir='ltr'>enim</span> <span class='ocrx_word' id='word_1_793' title='bbox 649 5570 718 5611; x_wconf 88' lang='lat' dir='ltr'>cum</span> <span class='ocrx_word' id='word_1_794' title='bbox 734 5569 790 5610; x_wconf 88' lang='lat' dir='ltr'>noe</span> <span class='ocrx_word' id='word_1_795' title='bbox 804 5554 903 5626; x_wconf 89' lang='lat' dir='ltr'>erigit,</span> <span class='ocrx_word' id='word_1_796' title='bbox 958 5552 1299 5626; x_wconf 91' lang='lat' dir='ltr'>incomprehensibilem</span> <span class='ocrx_word' id='word_1_797' title='bbox 1311 5568 1377 5610; x_wconf 88' lang='lat' dir='ltr'>esse</span> <span class='ocrx_word' id='word_1_798' title='bbox 1391 5548 1623 5615; x_wconf 90' lang='lat' dir='ltr'>miratur.Quod</span> <span class='ocrx_word' id='word_1_799' title='bbox 1638 5552 1743 5604; x_wconf 89' lang='lat' dir='ltr'>autem</span> <span class='ocrx_word' id='word_1_800' title='bbox 1754 5548 1787 5602; x_wconf 91' lang='lat' dir='ltr'>in</span> 
     </span>
     <span class='ocr_line' id='line_1_62' title="bbox 83 5636 1789 5718; baseline -0.002 -22"><span class='ocrx_word' id='word_1_801' title='bbox 83 5643 221 5700; x_wconf 90' lang='lat' dir='ltr'>ambulat</span> <span class='ocrx_word' id='word_1_802' title='bbox 235 5660 305 5701; x_wconf 91' lang='lat' dir='ltr'>cum</span> <span class='ocrx_word' id='word_1_803' title='bbox 320 5661 376 5702; x_wconf 89' lang='lat' dir='ltr'>nos</span> <span class='ocrx_word' id='word_1_804' title='bbox 390 5645 532 5718; x_wconf 88' lang='lat' dir='ltr'>perficere</span> <span class='ocrx_word' id='word_1_805' title='bbox 547 5643 632 5713; x_wconf 80' lang='lat' dir='ltr'>tacit,</span> <span class='ocrx_word' id='word_1_806' title='bbox 647 5645 710 5700; x_wconf 88' lang='lat' dir='ltr'>stat</span> <span class='ocrx_word' id='word_1_807' title='bbox 723 5659 792 5699; x_wconf 90' lang='lat' dir='ltr'>cum</span> <span class='ocrx_word' id='word_1_808' title='bbox 807 5659 862 5700; x_wconf 90' lang='lat' dir='ltr'>nos</span> <span class='ocrx_word' id='word_1_809' title='bbox 871 5644 905 5699; x_wconf 92' lang='lat' dir='ltr'>in</span> <span class='ocrx_word' id='word_1_810' title='bbox 959 5642 1041 5699; x_wconf 84' lang='lat' dir='ltr'>isaia</span> <span class='ocrx_word' id='word_1_811' title='bbox 1054 5643 1203 5715; x_wconf 91' lang='lat' dir='ltr'>scriptum</span> <span class='ocrx_word' id='word_1_812' title='bbox 1218 5657 1280 5697; x_wconf 90' lang='lat' dir='ltr'>non</span> <span class='ocrx_word' id='word_1_813' title='bbox 1299 5644 1346 5697; x_wconf 84' lang='lat' dir='ltr'>eet</span> <span class='ocrx_word' id='word_1_814' title='bbox 1358 5640 1505 5697; x_wconf 88' lang='lat' dir='ltr'>velabant</span> <span class='ocrx_word' id='word_1_815' title='bbox 1526 5639 1619 5710; x_wconf 85' lang='lat' dir='ltr'>caput</span> <span class='ocrx_word' id='word_1_816' title='bbox 1639 5636 1719 5708; x_wconf 88' lang='lat' dir='ltr'>ejus,</span> <span class='ocrx_word' id='word_1_817' title='bbox 1735 5636 1789 5693; x_wconf 91' lang='lat' dir='ltr'>sed</span> 
     </span>
    </p>
   </div>
   <div class='ocr_carea' id='block_1_3' title="bbox 82 5725 1791 5808">
    <p class='ocr_par' dir='ltr' id='par_1_4' title="bbox 82 5725 1791 5808">
     <span class='ocr_line' id='line_1_63' title="bbox 82 5725 1791 5808; baseline -0.002 -22"><span class='ocrx_word' id='word_1_818' title='bbox 82 5729 164 5787; x_wconf 91' lang='lat' dir='ltr'>bono</span> <span class='ocrx_word' id='word_1_819' title='bbox 177 5733 336 5806; x_wconf 77' lang='lat' dir='ltr'>proposito</span> <span class='ocrx_word' id='word_1_820' title='bbox 352 5734 429 5807; x_wconf 81' lang='lat' dir='ltr'>figit.</span> <span class='ocrx_word' id='word_1_821' title='bbox 452 5731 512 5791; x_wconf 79' lang='lat' dir='ltr'>Sed</span> <span class='ocrx_word' id='word_1_822' title='bbox 533 5731 730 5808; x_wconf 85' lang='lat' dir='ltr'>inquiredum</span> <span class='ocrx_word' id='word_1_823' title='bbox 746 5735 793 5791; x_wconf 87' lang='lat' dir='ltr'>eat</span> <span class='ocrx_word' id='word_1_824' title='bbox 811 5747 907 5808; x_wconf 86' lang='lat' dir='ltr'>quare</span> <span class='ocrx_word' id='word_1_825' title='bbox 961 5732 1172 5805; x_wconf 85' lang='lat' dir='ltr'>scriptumest</span> <span class='ocrx_word' id='word_1_826' title='bbox 1188 5747 1195 5787; x_wconf 77' lang='grc' dir='ltr'>ε</span> <span class='ocrx_word' id='word_1_827' title='bbox 1215 5731 1371 5788; x_wconf 70' lang='lat' dir='ltr'>reatum</span> <span class='ocrx_word' id='word_1_828' title='bbox 1384 5729 1506 5801; x_wconf 75' lang='lat' dir='ltr'>factem</span> <span class='ocrx_word' id='word_1_829' title='bbox 1522 5728 1594 5797; x_wconf 60' lang='grc' dir='ltr'>θίιω</span> <span class='ocrx_word' id='word_1_830' title='bbox 1610 5725 1733 5799; x_wconf 72' lang='lat' dir='ltr'>(leia),</span> <span class='ocrx_word' id='word_1_831' title='bbox 1753 5738 1791 5782; x_wconf 90' lang='lat' dir='ltr'>eo</span> 
     </span>
    </p>
   </div>
   <div class='ocr_carea' id='block_1_4' title="bbox 0 0 1882 6082">
    <p class='ocr_par' dir='ltr' id='par_1_5' title="bbox 0 0 1882 6082">
     <span class='ocr_line' id='line_1_64' title="bbox 0 0 1882 6082; baseline 0 0"><span class='ocrx_word' id='word_1_832' title='bbox 0 0 1882 6082; x_wconf 95' lang='lat' dir='ltr'> </span> 
     </span>
    </p>
   </div>
  </div>
 </body>
</html>
