3742 6082
70 145 125 198 869

688 145 731 198 Di]
754 147 781 201 ll.
804 146 921 203 31.thAE
941 147 1169 211 t'rRGrNrTATE.

1730 151 1782 205 870

68 269 241 322 mentorum
257 270 395 336 appetere
412 283 418 331 3
447 270 474 321 et
488 266 598 324 ideireo
612 284 720 341 parurn
733 269 897 340 judicabat,
917 274 941 329 Α
956 288 1011 345 pro
1024 290 1085 347 quo
1099 281 1203 333 votum
1212 276 1386 349 virginitatis
1403 274 1496 349 (quod
1510 290 1564 348 pro
1577 290 1678 331 amore
1693 272 1780 330 casti·

67 355 116 410 rel
133 355 231 428 potius
247 353 404 419 imlitrmrnr
421 357 587 429 reputabat.
605 359 710 414 honori
735 376 790 415 suo
807 358 898 415 benc-

68 441 230 499 dictionem
244 443 451 513 jumentorum
467 448 620 504 anteferre.

105 534 213 604 Quare,
237 531 346 605 inquis,
365 534 389 588 si
403 535 507 591 melior
520 541 582 592 erat
596 537 750 606 virginitas
765 537 899 593 fecundi·

67 625 138 687 tate,
151 624 229 677 lteus
241 622 324 694 prius
334 623 545 680 fecunditatem
555 626 750 683 benedicebat
762 645 768 691 ς
780 632 808 682 et
818 633 899 698 post-

68 711 196 767 modum
213 712 259 768 lex
273 713 453 770 sterilitatem
467 715 688 771 maledicebat?
702 716 776 772 studi
793 732 897 789 quare.

69 801 202 857 Primum
217 802 341 873 quando
358 804 451 859 facum
468 809 511 860 est
522 805 654 859 mundus
665 820 717 877 per
730 810 899 863 Creatorem

68 890 227 946 benedicta
242 895 285 945 est
298 890 474 957 fecunditas,
495 899 527 948 ιιι
552 892 819 966 multiplicarentur
844 895 897 951 lro-

68 979 166 1035 mines
180 986 297 1053 :postea
308 982 431 1054 quaudo
443 983 481 1038 ab
497 999 555 1038 ano
569 988 684 1039 tanturn
695 985 807 1058 populo
817 985 898 1057 rigni-

69 1075 116 1124 tus
131 1075 176 1126 cst
191 1074 278 1139 lteus,
294 1088 347 1144 per
359 1072 456 1141 legem
472 1073 631 1129 maledicta
647 1080 690 1131 est
705 1075 853 1141 sterilitas,
867 1079 899 1132 ut

67 1159 337 1233 multiplicarentur
354 1161 455 1216 fideles
469 1181 474 1228 ;
503 1166 656 1234 postremo
670 1165 794 1236 quando
809 1165 898 1221 iusta·

68 1247 120 1305 bat
142 1253 270 1323 tempus,
301 1250 329 1305 in
352 1267 412 1322 quo
435 1268 515 1307 nunc
535 1251 573 1305 ab
595 1253 736 1308 omnibus
759 1254 897 1317 arentibus

69 1341 147 1393 Deus
161 1337 275 1407 colitur,
299 1339 455 1394 benedicta
471 1346 514 1394 est
530 1340 692 1409 virginitas,
711 1346 741 1397 ut
755 1340 897 1398 advitam

67 1427 203 1483 calibem
220 1429 348 1484 acarrris
364 1446 456 1502 opera
480 1430 577 1485 crrncti
591 1436 809 1503 pr·0r0centur;
827 1433 897 1488 crudi

68 1517 170 1573 acllmc
186 1518 276 1574 aliud.
302 1519 329 1574 Si
345 1535 443 1591 prmra
462 1520 510 1575 illa
526 1520 693 1576 benedictio
710 1520 897 1578 fecunditatis

954 362 1021 419 tatis
1038 371 1219 439 susceperat)
1235 371 1389 437 cogeretur
1401 366 1548 435 frangere.
1564 363 1780 437 Suscepitergo

954 454 1020 524 conj
1025 454 1138 525 agium,
1153 455 1206 513 sed
1222 472 1284 512 non
1298 454 1424 513 mutarit
1436 453 1613 525 virginitatis
1639 451 1779 529 proposi·

954 545 1027 598 tam.
1045 547 1078 599 Et
1092 545 1163 617 quia
1174 546 1338 602 castitatem
1354 543 1456 601 dilexit
1468 547 1498 601 et
1510 540 1713 599 obedientiam
1737 545 1781 598 ιι-

954 632 1027 699 uerit,
1043 632 1163 691 inventa
1178 640 1223 692 est
1238 635 1267 691 id
1282 651 1318 691 ca
1334 638 1362 690 et
1379 633 1442 689 sine
1457 632 1634 690 detrimento
1659 629 1781 703 virgini·

953 721 1021 777 tatis
1037 724 1203 795 conjugalis
1218 725 1375 789 sanctitas3
1391 723 1490 780 etsinc
1500 720 1664 797 opprobrio
1677 719 1781 779 sterili-

953 810 1021 865 tatis
1034 810 1163 869 fecunda
1178 813 1339 886 virginitas.
1367 813 1411 870 Sic
1427 812 1532 869 beatus
1546 810 1594 867 illc
1608 809 1780 883 patriarcha

953 899 1022 955 fidei
1039 900 1175 959 formae)
1192 903 1367 960 obedieutiae¹
1383 902 1554 974 excmplum
1569 899 1722 956 Abraham
1747 897 1780 954 in

952 990 1184 1061 repromissione
1195 995 1359 1066 acceperat,
1375 990 1458 1064 quod
1473 990 1503 1044 in
1520 993 1604 1046 isaac
1620 985 1780 1046 benedice-¹

951 1082 1032 1133 retur
1042 1095 1145 1136 semen
1156 1081 1240 1151 ejus;
1270 1086 1298 1137 et
1318 1084 1420 1137 tamen
1434 1082 1538 1151 postea
1570 1077 1673 1148 jussus
1686 1091 1704 1132 a
1718 1079 1779 1135 Deo

952 1167 1093 1223 eumdem
1108 1186 1199 1242 quern
1211 1169 1397 1240 unigenitum
1412 1166 1544 1224 habebat
1554 1182 1589 1221 ex
1601 1167 1674 1223 Sara
1685 1178 1779 1221 uxore

954 1273 1008 1311 sua
1024 1256 1119 1313 filium
1131 1262 1211 1315 lsaae
1227 1259 1393 1326 immolare,
1416 1257 1479 1314 sine
1493 1271 1579 1314 mora
1593 1257 1643 1311 aut
1657 1256 1778 1311 cuncta·

952 1345 1030 1400 tione
1043 1347 1152 1419 paruit,
1165 1349 1261 1405 sciens
1275 1366 1329 1422 pro
1345 1352 1424 1405 certo
1438 1346 1532 1421 quod,
1548 1342 1666 1402 tametsi
1676 1356 1780 1399 secun·

951 1433 1025 1490 dnm
1051 1435 1218 1494 humanam
1242 1438 1388 1494 rationem
1410 1433 1603 1511 promissioni
1631 1430 1780 1490 contraria

951 1524 1100 1581 rideretur
1113 1527 1218 1598 jussio,
1234 1527 1402 1584 secundum
1415 1526 1497 1583 illam
1510 1529 1611 1582 tamen
1627 1523 1779 1593 virtutem,

68 1607 107 1662 ad
122 1607 249 1664 salutern
264 1613 335 1671 erat,
361 1614 389 1664 et
404 1609 536 1664 secunda
561 1609 609 1665 illa
632 1610 790 1667 sterilitatis
806 1612 897 1668 male·
912 1633 932 1685 Β
951 1630 1013 1688 qua
1028 1617 1087 1671 ileo
1102 1616 1257 1689 possibilia
1271 1622 1340 1673 sunt
1353 1616 1466 1683 omnia,
1482 1620 1591 1672 etcum
1609 1610 1781 1671 obedientia

68 1694 159 1750 dictio
184 1695 221 1749 ad
244 1694 489 1761 danmatiorrem;
516 1714 587 1761 ereo
612 1696 776 1755 fecuuditas
799 1700 897 1756 carnis
931 1703 1092 1773 ¹jussionis
1107 1706 1224 1780 impleri
1238 1710 1339 1780 posset
1353 1705 1526 1780 promissio
1542 1703 1648 1777 Sicque
1667 1700 1780 1757 factum

68 1784 209 1840 meritum
235 1791 287 1854 cst,
313 1792 341 1840 et
365 1786 453 1859 crdpa
478 1786 625 1843 sterilitas.
658 1791 732 1855 Ergo
758 1789 896 1847 meliores
952 1798 996 1850 est
1010 1799 1042 1850 ιιι
1056 1795 1175 1852 devotio
1190 1795 1366 1852 ohedientia
1382 1796 1453 1870 (qua
1469 1797 1528 1852 lieo
1543 1791 1661 1865 jubenti
1675 1803 1781 1865 parcre

68 1872 189 1930 fuerunt
208 1872 263 1929 illae
288 1875 436 1940 mulieres,
462 1892 530 1948 quae
545 1876 655 1933 multos
680 1876 756 1933 tilios
776 1894 897 1953 pepere-
953 1898 1013 1939 non
1028 1882 1148 1956 distulit)
1163 1883 1308 1941 inveniret
1323 1884 1462 1941 meritum
1479 1902 1486 1950 ;
1511 1881 1781 1953 etlides,quallco

68 1968 148 2032 runt,
164 1979 259 2035 quam
273 1963 329 2019 illae
341 1981 408 2037 quar
428 1965 526 2020 nullos
552 1965 600 2021 rel
622 1983 737 2038 paucos
756 1967 897 2023 halmisse
953 1972 1134 2044 promittenti
1144 1973 1277 2041 credidit,
1292 1971 1500 2046 promissionis
1510 1970 1606 2026 tidelis
1619 1982 1782 2041 conseque-

68 2052 217 2123 legantur.
235 2053 332 2109 Melior
347 2059 409 2109 erat
425 2055 551 2112 Cetlmra
566 2071 660 2127 qurrm
687 2060 769 2113 Sirra.
799 2056 898 2113 llelior
952 2061 1194 2120 returetlecturn.
1212 2061 1356 2119 ltaetiam
1368 2061 1416 2117 bic
1440 2058 1623 2132 fieripotuit‚
1638 2061 1671 2115 ut
1692 2056 1782 2113 beata

68 2145 207 2198 l'enenna
221 2159 313 2214 quam
326 2148 411 2199 :tuna
423 2148 572 2201 creatora
583 2145 695 2214 multa,
707 2162 784 2219 quas
801 2146 897 2220 Scrip·
952 2151 1008 2208 ista
1032 2151 1117 2222 rirgo
1144 2156 1203 2208 Deo
1230 2151 1458 2222 commendans,
1486 2164 1576 2206 omne
1600 2144 1781 2204 desiderium

69 2236 135 2286 tura
146 2238 362 2288 commemorat
373 2235 431 2287 lleo
445 2250 505 2288 non
518 2233 548 2290 in
556 2234 745 2290 nmltitudinc
755 2235 896 2304 tiliorum,
953 2257 1041 2296 saum
1057 2244 1173 2297 tantum
1187 2240 1289 2314 inipso
1303 2240 1446 2296 fiduciam
1459 2237 1606 2304 habuerit,
1622 2232 1782 2293 utinduhi·

67 2320 123 2376 scd
138 2338 191 2394 per
206 2321 310 2376 merita
332 2321 472 2377 virtutum
483 2322 640 2395 placuisse.
655 2323 712 2381 Sed
727 2323 833 2381 absita
847 2341 898 2380 no·
953 2333 1049 2385 tanter
1069 2329 1211 2400 erederet,
1234 2334 1263 2386 et
1280 2329 1457 2403 parentibus
1480 2343 1511 2383 se
1534 2342 1624 2400 posse
1647 2323 1782 2389 debitam

65 2409 114 2464 bis
130 2410 218 2465 utrel
232 2409 443 2466 fecunditatem
463 2411 562 2467 ramis
576 2412 725 2479 meritum,
751 2413 797 2469 vel
819 2412 899 2470 steri·
952 2418 1154 2476 obedientiam
1178 2419 1327 2490 exhibere,
1343 2422 1372 2476 et
1389 2422 1494 2476 votum
1520 2414 1671 2483 castitatis,
1695 2412 1781 2485 quus

66 2499 180 2556 litatem
204 2501 324 2575 eulpam
351 2517 418 2555 esse
443 2501 589 2558 dieamus.
616 2502 701 2559 absit
724 2519 741 2561 a
763 2502 850 2559 nobis
866 2507 898 2561 ut
952 2508 1016 2582 ipse
1032 2506 1114 2564 solus
1128 2509 1264 2566 conscius
1279 2513 1351 2578 erat,
1367 2504 1629 2583 quemadmodum
1641 2500 1729 2559 vellet
1744 2515 1781 2558 eo

67 2589 226 2646 credamus
239 2594 397 2663 propterea
413 2590 510 2658 legem
525 2590 708 2647 sterilitatem
724 2591 822 2648 carnis
832 2609 897 2649 ma·
952 2598 1168 2670 patrocinante,
1184 2598 1360 2657 inviolatum
1376 2612 1563 2655 conservare.
1581 2592 1639 2652 Sed
1653 2592 1715 2649 sive
1728 2591 1780 2663 ita,

66 2678 216 2749 ledirisse,
233 2684 264 2734 ut
279 2695 344 2735 eam
361 2679 442 2753 apml
459 2683 551 2735 ltcum
576 2680 781 2736 damnabilem
797 2686 897 2738 osten·
953 2688 1015 2743 sive
1030 2687 1113 2746 aliter
1125 2689 1238 2745 factum
1252 2688 1298 2757 sit,
1313 2704 1368 2744 nos
1380 2686 1505 2761 quidem
1531 2683 1702 2740 nullatenus
1715 2696 1781 2747 am-

67 2768 168 2835 deret;
185 2772 213 2823 et
227 2784 288 2824 nou
304 2769 403 2842 potius
418 2773 449 2824 ιιι
463 2786 530 2825 eam
541 2769 601 2839 (illo
613 2769 736 2841 quidem
752 2774 896 2845 tempore,
953 2776 1054 2847 bigcrc
1064 2777 1229 2846 debemus;
1245 2777 1365 2834 beatam
1375 2774 1498 2833 uariam
1510 2776 1633 2830 cartauc
1643 2766 1782 2829 rationali

67 2858 191 2931 quando
207 2860 356 2915 successio
369 2859 486 2929 generis
507 2859 536 2913 in
552 2859 742 2916 multitudine
767 2859 898 2917 tiliorum
954 2882 1045 2925 causa
1060 2871 1130 2940 post
1143 2871 1248 2923 votum
1264 2865 1418 2922 servandae
1441 2861 1617 2934 virginitatis
1643 2857 1782 2939 proposi·

68 2948 269 3023 (premebatur)
294 2950 374 3022 apud
397 2949 534 3005 hominos
559 2948 786 3018 infructuosam,
812 2954 840 3005 et
857 2951 933 3048 obC
955 2962 1078 3028 tumque
1092 2955 1290 3023 coutinentia,
1307 2952 1439 3025 conjugii
1452 2953 1674 3008 sacramentum
1682 2961 1782 3007 susca-

66 3038 125 3094 boc
158 3037 386 3111 quodammodo
425 3039 635 3094 inhonoratam
669 3039 896 3097 demonstraret.
952 3040 1558 3119 pisse,cttamenvirginitatispropositum
1567 3040 1780 3107 nonmutassc,

68 3128 132 3181 Non
147 3142 218 3196 ergo
232 3126 384 3200 culpanda
394 3133 438 3184 est
450 3129 534 3199 virgo
547 3129 645 3192 traria,
662 3131 897 3188 necaecusanda
951 3135 1155 3208 veraciterque
1166 3150 1276 3192 nomen
1292 3132 1460 3206 sumpsisse
1475 3128 1624 3203 conjugis,
1640 3131 1668 3191 et
1679 3143 1781 3203 perse-

68 3213 104 3270 de
121 3221 295 3289 contempta
314 3217 396 3286 legis,
413 3217 442 3272 in
470 3234 531 3290 qua
547 3217 683 3273 sterilitas
699 3218 895 3288 maledicitur,
951 3230 1089 3282 vacanter
1103 3229 1207 3282 votum
1220 3225 1350 3282 tenuisse
1360 3220 1547 3294 integritatis.

67 3305 128 3362 imo
142 3306 207 3363 sola
231 3307 421 3378 singulariter
434 3307 600 3370 laudanda.
621 3325 687 3380 quae
700 3308 798 3381 prima
823 3308 896 3380 legis

66 3396 158 3453 rerba
172 3413 231 3452 non
245 3397 402 3453 carnaliter
416 3397 561 3471 sapienda
587 3398 792 3468 considerans,
808 3399 897 3471 elegit

65 3487 96 3543 iri
113 3493 188 3543 terra
204 3487 331 3559 abjectio
344 3487 439 3561 plebis
462 3487 525 3542 ficri
539 3493 567 3544 et
582 3488 776 3560 opprobrium
801 3489 895 3546 lromi-

951 3356 1018 3408 Car.
1037 3357 1067 3408 ιι.
1084 3352 1168 3420 Quod
1182 3356 1374 3407 sacrosancta
1388 3356 1415 3407 et
1425 3354 1574 3419 perpetua
1586 3345 1781 3419 retractione

986 3440 1046 3482 acra
1060 3424 1096 3480 de
1108 3426 1182 3489 vtro,
1194 3423 1245 3480 sed
1256 3423 1292 3478 de
1298 3421 1414 3492 Spiritu
1428 3426 1532 3478 sancto
1540 3419 1685 3488 coacepit,
1693 3431 1781 3501 quern

985 3502 1012 3551 et
1024 3495 1293 3567 paenituissent
1304 3494 1406 3551 Patris
1417 3492 1614 3564 antecedam,
1626 3490 1780 3547 Ceratum

66 3594 150 3644 num,
165 3583 196 3633 ut
210 3594 263 3651 per
286 3577 465 3634 munditiam
487 3577 661 3647 integritatis
677 3579 706 3633 iu
722 3578 796 3634 coelo
812 3580 895 3636 lieret
985 3570 1078 3623 Deum
1091 3573 1118 3622 θῑ
1132 3567 1287 3622 bominem·

65 3667 148 3723 socia
163 3666 348 3735 angelorum.
364 3671 397 3723 Et
410 3667 533 3741 pulchre
558 3667 655 3741 prirrra
671 3667 746 3723 inter
767 3669 894 3726 feminas
983 3673 1083 3730 Prima
1110 3671 1200 3743 igitur
1224 3668 1435 3744 propositionis
1450 3672 1533 3740 parte
1555 3665 1692 3739 probata,
1716 3680 1780 3739 qua

64 3758 148 3828 virgo
164 3760 252 3816 llario
267 3775 322 3831 pro
338 3775 440 3816 amore
461 3758 602 3815 eastitatis
617 3757 809 3814 maledictum
820 3758 893 3828 legis
948 3764 1062 3820 dictum
1090 3767 1133 3818 est
1160 3760 1244 3835 quod
1270 3757 1359 3816 llaria
1382 3757 1413 3814 in
1438 3771 1589 3813 consensu
1613 3755 1777 3835 conjugali,

63 3848 92 3903 in
119 3865 209 3903 earne
239 3865 293 3906 sua
312 3865 367 3922 pro
391 3849 479 3904 nclris
507 3847 671 3920 suscipiens
693 3864 711 3903 a
734 3848 892 3903 maledieto
947 3849 1123 3921 virginitatis
1148 3847 1338 3923 propositum
1363 3862 1425 3903 non
1459 3843 1593 3914 mutavit,
1631 3860 1712 3910 nunc
1737 3845 1778 3905 ad

63 3938 137 4007 legis
161 3936 304 3994 liberarit.
330 3937 411 3996 Unde
428 3937 533 3992 merito
549 3936 575 3992 ei
591 3937 763 3993 solidatum
779 3942 834 4007 est,
862 3942 893 3995 ιιι
947 3940 1164 4015 expositionem
1201 3937 1339 3996 secunde
1365 3936 1468 4011 partis,
1495 3952 1559 4011 qua
1584 3935 1698 3994 dictum
1732 3941 1777 4007 est

63 4026 158 4083 filium
174 4031 291 4100 pareret
306 4032 333 4084 et
346 4027 429 4098 virgo
448 4031 646 4100 permaneret,
664 4030 695 4082 ut
709 4025 782 4099 quia
794 4027 892 4100 prima
946 4031 1030 4106 quod
1044 4046 1105 4087 non
1120 4030 1158 4087 de
1170 4029 1243 4099 viro,
1259 4028 1362 4086 sedda
1382 4027 1491 4102 Spiritu
1505 4030 1610 4085 sancto
1634 4025 1698 4086 sine
1713 4026 1778 4087 tihi·

63 4116 235 4173 fecunditati
259 4117 358 4173 earnis
387 4116 584 4187 virginitatem
612 4121 716 4190 sponte
751 4116 889 4190 praetulit,
946 4123 1016 4178 dine
1036 4120 1182 4195 concepit,
1204 4135 1302 4176 sermo
1321 4133 1445 4176 necesse
1465 4120 1512 4174 ιιι
1529 4117 1667 4175 ordinem
1686 4134 1777 4187 suum

62 4223 143 4262 nunc
163 4214 189 4263 et
205 4206 333 4263 fecunda
359 4205 393 4262 sit
408 4223 497 4262 earne
525 4211 554 4261 ct
581 4207 697 4275 integra
713 4206 888 4275 virginitate.
947 4214 1155 4286 prosequatur.
1170 4208 1273 4265 Prima
1288 4205 1412 4281 quidem
1426 4205 1519 4280 partis
1534 4205 1680 4264 sententia
1694 4206 1776 4280 (quia

64 4295 149 4351 Vides
173 4313 252 4352 nuuc
279 4296 376 4370 qualis
406 4296 442 4351 sit
470 4295 620 4352 accusatio
647 4299 722 4352 tua?
751 4298 890 4370 Superest
947 4301 1045 4373 magis
1061 4298 1268 4373 inquestione
1293 4296 1480 4363 versabatur)
1495 4294 1647 4368 prolixiori
1670 4294 1774 4372 dispu.

62 4401 132 4455 ergo
155 4384 237 4452 illud,
265 4391 295 4441 ut
321 4386 466 4442 rationem
491 4386 556 4455 jam
589 4386 761 4454 reddamus,
796 4402 888 4458 quare
947 4387 1208 4459 tadoneinrliguit.
1224 4390 1402 4444 Haecautcm
1416 4384 1563 4459 quoniam
1577 4383 1775 4449 deaaminus

60 4479 129 4547 post
148 4480 251 4531 votum
269 4475 442 4547 virginitatis
465 4476 553 4532 llaria
568 4476 664 4531 sirum
686 4475 795 4532 babere
822 4492 890 4531 con·
945 4481 1116 4539 <tunicatum
1128 4482 1182 4545 cst,
1198 4493 1260 4534 non
1276 4481 1335 4534 tam
1351 4474 1560 4549 probationem
1577 4489 1670 4550 quam
1683 4491 1775 4550 expo-

61 4564 164 4621 sensit.
178 4569 235 4621 rtut
249 4570 406 4639 propterea
418 4566 517 4621 ririun
531 4565 641 4621 babere
658 4565 806 4621 consensit
827 4566 890 4620 lraec

60 4659 176 4722 sancta,
193 4659 225 4710 ιιι
240 4655 384 4710 celaretur
398 4654 587 4729 propositum
602 4654 686 4723 ejus;
703 4653 889 4725 approbante

60 4749 88 4801 et
101 4745 161 4800 hoc
174 4743 274 4818 ipsum
288 4745 408 4818 loseph,
424 4750 453 4801 et
477 4745 556 4801 idem
577 4747 773 4816 proponente,
799 4748 850 4801 aut
865 4744 891 4799 si

59 4832 135 4890 forte
145 4832 236 4904 hujus
247 4834 392 4906 propositi
403 4835 543 4890 conscius
557 4848 618 4888 non
630 4836 692 4887 erat
706 4831 769 4904 ipse
780 4833 890 4904 loseplr

60 4923 155 4995 (quod
171 4922 529 4998 fieripotuit)parerrtibus
540 4922 661 4995 nuptias
673 4920 889 4995 imperantibus

59 5010 236 5069 inobediens
248 5029 312 5068 esse
326 5012 433 5081 timuit,
447 5017 475 5069 et
489 5013 528 5068 ob
544 5012 600 5067 boc
614 5011 677 5066 siro
694 5010 805 5066 nubere
821 5025 889 5065 eon-

60 5099 153 5157 sensit
176 5101 296 5179 speciali
313 5102 376 5175 (per
392 5101 532 5174 Spiritum
547 5102 707 5170 sanetum),
722 5098 775 5172 qui
791 5115 890 5155 cama

59 5190 207 5263 principio
221 5191 362 5249 castitatis
378 5208 480 5247 amore
494 5190 681 5256 accenderat)
696 5188 806 5246 fiducia
822 5204 892 5249 eona

59 5279 180 5337 firmata
196 5285 224 5337 et
238 5298 302 5354 spc,
318 5298 410 5354 quam
427 5280 456 5335 in
472 5283 565 5341 [terrm
583 5279 724 5343 babebat,
752 5294 813 5335 non
836 5279 889 5334 du-

58 5369 120 5439 bia,
137 5370 220 5444 quod
236 5387 302 5428 eam
318 5371 420 5428 divina
445 5369 646 5426 misericordia
673 5368 713 5424 ita
729 5369 890 5426 custodiret

60 5465 90 5516 ιιι
105 5466 208 5535 posset
238 5467 266 5519 et
285 5462 429 5519 rolmrtati
458 5464 616 5535 pareutum
640 5459 669 5515 in
697 5459 889 5516 matrimonio

58 5551 484 5609 contrahendoobedientiam
500 5549 651 5622 exhibere,
663 5554 691 5606 ιι
702 5554 800 5607 tamen
816 5548 890 5606 nibil

57 5642 89 5699 in
100 5642 210 5701 eodem
218 5644 410 5703 matrimonio
420 5641 627 5718 impedimenti
635 5641 792 5699 inventura
800 5643 886 5710 esset,

946 4572 1083 4630 sirionem
1108 4567 1239 4641 requirit.
1263 4564 1464 4632 Quarendum
1490 4562 1594 4645 itaqua
1618 4563 1650 4621 in
1667 4563 1774 4638 primis,

944 4665 997 4729 cst,
1015 4658 1171 4734 quomodo
1187 4655 1309 4727 intelligi
1331 4657 1469 4728 oporteat
1484 4653 1693 4726 quoddictum
1716 4658 1772 4727 est,

943 4750 1065 4807 licatam
1091 4745 1212 4803 Mariam
1251 4744 1289 4800 de
1324 4743 1433 4818 Spiritu
1464 4748 1566 4799 sancto
1589 4743 1771 4818 concepisse.

945 4840 1060 4897 Scimus
1088 4850 1221 4909 namque
1244 4836 1273 4890 et
1300 4849 1406 4890 omnes
1437 4832 1501 4902 jam
1528 4831 1773 4911 frequentissimo

944 4933 1058 4986 nature
1071 4943 1128 4983 usu
1143 4923 1314 4992 didicimus,
1344 4921 1427 4997 quod
1442 4937 1512 4979 cum
1526 4921 1634 4981 mulier
1662 4941 1681 4983 a
1707 4926 1773 4985 viro

944 5016 1118 5091 concepisse
1142 5012 1259 5080 dicitur,
1283 5028 1345 5070 non
1373 5011 1456 5071 aliud
1490 5011 1547 5073 nisi
1571 5014 1771 5079 substantiam

944 5104 1041 5161 carnis
1055 5104 1095 5162 ad
1110 5101 1313 5176 generandam
1328 5117 1450 5161 carnem
1473 5118 1526 5176 per
1545 5103 1644 5163 carnis
1659 5106 1770 5163 coitum

944 5197 1109 5268 suscepisse
1125 5197 1318 5250 memoratur.
1333 5196 1365 5249 Et
1377 5192 1442 5250 haec
1455 5189 1579 5268 quidem
1593 5192 1770 5255 earnissub·

944 5283 1096 5341 stantiadc
1111 5298 1200 5340 earne
1213 5280 1268 5338 riri
1278 5298 1331 5367 per
1346 5283 1445 5357 ipsum
1456 5283 1554 5341 carnis
1566 5281 1678 5341 coitum
1691 5284 1770 5338 tran·

944 5373 1027 5429 sfusa
1042 5389 1110 5428 cum
1127 5387 1216 5428 carne
1238 5371 1370 5431 mulieris
1384 5389 1446 5431 una
1458 5387 1528 5430 caro
1542 5368 1677 5438 efficitur,
1692 5374 1726 5433 ut
1736 5368 1769 5429 id

943 5461 1025 5534 quod
1040 5461 1226 5518 nasciturum
1241 5464 1286 5518 est
1306 5477 1342 5519 cx
1356 5461 1510 5534 utriusque
1526 5456 1694 5523 substantia
1717 5474 1768 5521 ra·

942 5550 1047 5606 raciter
1061 5548 1209 5621 originem
1220 5565 1351 5618 sumans,
1360 5549 1399 5608 ab
1409 5548 1459 5605 illo
1469 5561 1522 5621 per
1531 5546 1621 5603 istam
1630 5545 1768 5606 etiamab

941 5639 998 5695 ista
1012 5642 1188 5714 generatum
1204 5655 1275 5711 ergo
1290 5637 1396 5697 mulier
1408 5653 1426 5695 a
1438 5635 1502 5693 viro
1512 5633 1651 5715 concipit,
1666 5652 1768 5701 cuma
