<?xml version="1.0" encoding="UTF-8"?>
<!DOCTYPE html PUBLIC "-//W3C//DTD XHTML 1.0 Transitional//EN"
    "http://www.w3.org/TR/xhtml1/DTD/xhtml1-transitional.dtd">
<html xmlns="http://www.w3.org/1999/xhtml" xml:lang="en" lang="en">
 <head>
  <title>
</title>
<meta http-equiv="Content-Type" content="text/html;charset=utf-8" />
  <meta name='ocr-system' content='tesseract 3.04.00' />
  <meta name='ocr-capabilities' content='ocr_page ocr_carea ocr_par ocr_line ocrx_word'/>
</head>
<body>
  <div class='ocr_page' id='page_1' title='image "./patrologiaecurs05migngoog_0556.png"; bbox 0 0 3742 6082; ppageno 0'>
   <div class='ocr_carea' id='block_1_1' title="bbox 519 186 1777 248">
    <p class='ocr_par' dir='ltr' id='par_1_1' title="bbox 519 186 1777 248">
     <span class='ocr_line' id='line_1_1' title="bbox 519 186 1777 248; baseline 0.002 -3"><span class='ocrx_word' id='word_1_1' title='bbox 519 189 564 245; x_wconf 84' lang='lat' dir='ltr'>DE</span> <span class='ocrx_word' id='word_1_2' title='bbox 583 188 766 248; x_wconf 73' lang='lat' dir='ltr'>eleusino</span> <span class='ocrx_word' id='word_1_3' title='bbox 785 186 916 246; x_wconf 80' lang='lat' dir='ltr'>ANlllAE.</span> <span class='ocrx_word' id='word_1_4' title='bbox 936 215 971 226; x_wconf 94' lang='lat'><em>-</em></span> <span class='ocrx_word' id='word_1_5' title='bbox 992 186 1057 242; x_wconf 76' lang='grc' dir='ltr'>ΗΒ.</span> <span class='ocrx_word' id='word_1_6' title='bbox 1079 187 1125 244; x_wconf 90' lang='lat'>111.</span> <span class='ocrx_word' id='word_1_7' title='bbox 1612 190 1681 248; x_wconf 72' lang='grc'>1090</span> <span class='ocrx_word' id='word_1_8' title='bbox 1768 202 1777 211; x_wconf 88' lang='grc'><em>·</em></span> 
     </span>
    </p>
   </div>
   <div class='ocr_carea' id='block_1_2' title="bbox 56 304 1722 3076">
    <p class='ocr_par' dir='ltr' id='par_1_2' title="bbox 56 304 1722 3076">
     <span class='ocr_line' id='line_1_2' title="bbox 57 304 1679 384; baseline 0.006 -23"><span class='ocrx_word' id='word_1_9' title='bbox 57 304 175 374; x_wconf 84' lang='lat' dir='ltr'>le‘vero,</span> <span class='ocrx_word' id='word_1_10' title='bbox 190 307 243 380; x_wconf 90' lang='lat' dir='ltr'>qui</span> <span class='ocrx_word' id='word_1_11' title='bbox 257 307 415 382; x_wconf 83' lang='lat' dir='ltr'>prolundre</span> <span class='ocrx_word' id='word_1_12' title='bbox 429 311 524 367; x_wconf 86' lang='lat' dir='ltr'>noctis</span> <span class='ocrx_word' id='word_1_13' title='bbox 535 313 681 382; x_wconf 81' lang='lat' dir='ltr'>tenebras,</span> <span class='ocrx_word' id='word_1_14' title='bbox 695 314 727 371; x_wconf 93' lang='lat' dir='ltr'>id</span> <span class='ocrx_word' id='word_1_15' title='bbox 741 318 794 383; x_wconf 90' lang='lat' dir='ltr'>est,</span> <span class='ocrx_word' id='word_1_16' title='bbox 810 319 834 372; x_wconf 73' lang='lat' dir='ltr'>a</span> <span class='ocrx_word' id='word_1_17' title='bbox 853 315 1053 384; x_wconf 89' lang='lat' dir='ltr'>perstrepunt,</span> <span class='ocrx_word' id='word_1_18' title='bbox 1066 327 1148 369; x_wconf 89' lang='lat' dir='ltr'>nune</span> <span class='ocrx_word' id='word_1_19' title='bbox 1161 311 1236 370; x_wconf 89' lang='lat' dir='ltr'>nihil</span> <span class='ocrx_word' id='word_1_20' title='bbox 1245 312 1303 371; x_wconf 89' lang='lat' dir='ltr'>nisi</span> <span class='ocrx_word' id='word_1_21' title='bbox 1318 311 1437 371; x_wconf 83' lang='lat' dir='ltr'>fabulas</span> <span class='ocrx_word' id='word_1_22' title='bbox 1452 312 1555 370; x_wconf 90' lang='lat' dir='ltr'>audire</span> <span class='ocrx_word' id='word_1_23' title='bbox 1564 312 1679 372; x_wconf 85' lang='lat' dir='ltr'>volunt.</span> 
     </span>
     <span class='ocr_line' id='line_1_3' title="bbox 56 395 1682 473; baseline 0.005 -21"><span class='ocrx_word' id='word_1_24' title='bbox 56 396 153 453; x_wconf 89' lang='lat' dir='ltr'>arium</span> <span class='ocrx_word' id='word_1_25' title='bbox 170 395 305 453; x_wconf 87' lang='lat' dir='ltr'>difficiles</span> <span class='ocrx_word' id='word_1_26' title='bbox 318 398 434 472; x_wconf 84' lang='lat' dir='ltr'>culpas,</span> <span class='ocrx_word' id='word_1_27' title='bbox 458 404 487 457; x_wconf 90' lang='lat' dir='ltr'>et</span> <span class='ocrx_word' id='word_1_28' title='bbox 505 418 610 459; x_wconf 87' lang='lat' dir='ltr'>eorum</span> <span class='ocrx_word' id='word_1_29' title='bbox 635 404 726 461; x_wconf 91' lang='lat' dir='ltr'>corda</span> <span class='ocrx_word' id='word_1_30' title='bbox 746 403 797 460; x_wconf 83' lang='lat' dir='ltr'>iri·</span> <span class='ocrx_word' id='word_1_31' title='bbox 853 404 936 457; x_wconf 77' lang='lat' dir='ltr'>Nunc</span> <span class='ocrx_word' id='word_1_32' title='bbox 951 400 1047 471; x_wconf 90' lang='lat' dir='ltr'>albas,</span> <span class='ocrx_word' id='word_1_33' title='bbox 1066 416 1147 459; x_wconf 91' lang='lat' dir='ltr'>nuno</span> <span class='ocrx_word' id='word_1_34' title='bbox 1159 402 1271 473; x_wconf 90' lang='lat' dir='ltr'>nigras,</span> <span class='ocrx_word' id='word_1_35' title='bbox 1284 418 1366 460; x_wconf 91' lang='lat' dir='ltr'>nnnc</span> <span class='ocrx_word' id='word_1_36' title='bbox 1379 401 1480 459; x_wconf 88' lang='lat' dir='ltr'>medio</span> <span class='ocrx_word' id='word_1_37' title='bbox 1491 402 1589 459; x_wconf 89' lang='lat' dir='ltr'>colore</span> <span class='ocrx_word' id='word_1_38' title='bbox 1604 403 1682 460; x_wconf 89' lang='lat' dir='ltr'>cnlo-</span> 
     </span>
     <span class='ocr_line' id='line_1_4' title="bbox 62 484 1681 566; baseline 0.006 -26"><span class='ocrx_word' id='word_1_39' title='bbox 62 485 131 556; x_wconf 87' lang='lat' dir='ltr'>gelu</span> <span class='ocrx_word' id='word_1_40' title='bbox 141 484 359 559; x_wconf 88' lang='lat' dir='ltr'>desperationis</span> <span class='ocrx_word' id='word_1_41' title='bbox 370 493 509 546; x_wconf 86' lang='lat' dir='ltr'>concreta</span> <span class='ocrx_word' id='word_1_42' title='bbox 519 492 699 561; x_wconf 87' lang='lat' dir='ltr'>considerat,</span> <span class='ocrx_word' id='word_1_43' title='bbox 709 492 798 566; x_wconf 90' lang='lat' dir='ltr'>quasi</span> <span class='ocrx_word' id='word_1_44' title='bbox 852 494 931 547; x_wconf 85' lang='lat' dir='ltr'>ratas</span> <span class='ocrx_word' id='word_1_45' title='bbox 946 489 1131 548; x_wconf 87' lang='lat' dir='ltr'>delectantur</span> <span class='ocrx_word' id='word_1_46' title='bbox 1145 491 1258 549; x_wconf 90' lang='lat' dir='ltr'>habere</span> <span class='ocrx_word' id='word_1_47' title='bbox 1276 507 1399 565; x_wconf 87' lang='lat' dir='ltr'>cappas,</span> <span class='ocrx_word' id='word_1_48' title='bbox 1424 507 1504 549; x_wconf 92' lang='lat' dir='ltr'>nunc</span> <span class='ocrx_word' id='word_1_49' title='bbox 1525 491 1592 548; x_wconf 86' lang='lat' dir='ltr'>vilis</span> <span class='ocrx_word' id='word_1_50' title='bbox 1615 492 1681 566; x_wconf 87' lang='lat' dir='ltr'>pla-</span> 
     </span>
     <span class='ocr_line' id='line_1_5' title="bbox 57 574 1681 655; baseline 0.006 -26"><span class='ocrx_word' id='word_1_51' title='bbox 57 591 109 632; x_wconf 88' lang='lat' dir='ltr'>ere</span> <span class='ocrx_word' id='word_1_52' title='bbox 134 574 254 631; x_wconf 84' lang='lat' dir='ltr'>claustri</span> <span class='ocrx_word' id='word_1_53' title='bbox 279 576 370 646; x_wconf 88' lang='lat' dir='ltr'>sedet,</span> <span class='ocrx_word' id='word_1_54' title='bbox 397 578 480 650; x_wconf 90' lang='lat' dir='ltr'>quod</span> <span class='ocrx_word' id='word_1_55' title='bbox 495 579 535 636; x_wconf 92' lang='lat' dir='ltr'>ad</span> <span class='ocrx_word' id='word_1_56' title='bbox 560 582 797 654; x_wconf 90' lang='lat' dir='ltr'>Septentrionem</span> <span class='ocrx_word' id='word_1_57' title='bbox 852 582 897 634; x_wconf 91' lang='lat' dir='ltr'>cet</span> <span class='ocrx_word' id='word_1_58' title='bbox 922 578 1056 648; x_wconf 88' lang='lat' dir='ltr'>babitus,</span> <span class='ocrx_word' id='word_1_59' title='bbox 1085 596 1167 638; x_wconf 90' lang='lat' dir='ltr'>nunc</span> <span class='ocrx_word' id='word_1_60' title='bbox 1194 580 1365 649; x_wconf 87' lang='lat' dir='ltr'>mediocris,</span> <span class='ocrx_word' id='word_1_61' title='bbox 1395 596 1476 636; x_wconf 89' lang='lat' dir='ltr'>nuuc</span> <span class='ocrx_word' id='word_1_62' title='bbox 1500 581 1681 655; x_wconf 85' lang='lat' dir='ltr'>superfluus.</span> 
     </span>
     <span class='ocr_line' id='line_1_6' title="bbox 57 655 1682 745; baseline 0.005 -25"><span class='ocrx_word' id='word_1_63' title='bbox 57 668 88 721; x_wconf 83' lang='lat' dir='ltr'>rt.</span> <span class='ocrx_word' id='word_1_64' title='bbox 115 666 183 721; x_wconf 88' lang='lat' dir='ltr'>Post</span> <span class='ocrx_word' id='word_1_65' title='bbox 197 664 336 722; x_wconf 83' lang='lat' dir='ltr'>tenebras</span> <span class='ocrx_word' id='word_1_66' title='bbox 357 682 428 722; x_wconf 83' lang='lat' dir='ltr'>roro</span> <span class='ocrx_word' id='word_1_67' title='bbox 454 666 612 740; x_wconf 84' lang='lat' dir='ltr'>profundae</span> <span class='ocrx_word' id='word_1_68' title='bbox 639 655 798 739; x_wconf 43' lang='lat' dir='ltr'>noctis,‘id</span> <span class='ocrx_word' id='word_1_69' title='bbox 852 671 935 724; x_wconf 82' lang='lat' dir='ltr'>Nunc</span> <span class='ocrx_word' id='word_1_70' title='bbox 949 667 1023 726; x_wconf 91' lang='lat' dir='ltr'>dant</span> <span class='ocrx_word' id='word_1_71' title='bbox 1036 668 1093 725; x_wconf 91' lang='lat' dir='ltr'>illis</span> <span class='ocrx_word' id='word_1_72' title='bbox 1108 669 1190 728; x_wconf 88' lang='lat' dir='ltr'>olera</span> <span class='ocrx_word' id='word_1_73' title='bbox 1201 672 1335 745; x_wconf 88' lang='lat' dir='ltr'>pastum,</span> <span class='ocrx_word' id='word_1_74' title='bbox 1358 685 1438 743; x_wconf 89' lang='lat' dir='ltr'>aqua</span> <span class='ocrx_word' id='word_1_75' title='bbox 1461 675 1575 742; x_wconf 87' lang='lat' dir='ltr'>potum,</span> <span class='ocrx_word' id='word_1_76' title='bbox 1600 687 1682 728; x_wconf 90' lang='lat' dir='ltr'>nunc</span> 
     </span>
     <span class='ocr_line' id='line_1_7' title="bbox 57 752 1683 832; baseline 0.004 -23"><span class='ocrx_word' id='word_1_77' title='bbox 57 755 105 809; x_wconf 93' lang='lat' dir='ltr'>ost</span> <span class='ocrx_word' id='word_1_78' title='bbox 118 752 290 825; x_wconf 89' lang='lat' dir='ltr'>cupiditatis</span> <span class='ocrx_word' id='word_1_79' title='bbox 305 758 333 810; x_wconf 90' lang='lat' dir='ltr'>et</span> <span class='ocrx_word' id='word_1_80' title='bbox 345 754 406 810; x_wconf 90' lang='lat' dir='ltr'>odii</span> <span class='ocrx_word' id='word_1_81' title='bbox 422 756 596 828; x_wconf 81' lang='lat' dir='ltr'>caecitatem,</span> <span class='ocrx_word' id='word_1_82' title='bbox 613 774 722 815; x_wconf 90' lang='lat' dir='ltr'>aurora</span> <span class='ocrx_word' id='word_1_83' title='bbox 735 759 798 830; x_wconf 91' lang='lat' dir='ltr'>jus·</span> <span class='ocrx_word' id='word_1_84' title='bbox 852 772 922 813; x_wconf 85' lang='lat' dir='ltr'>vero</span> <span class='ocrx_word' id='word_1_85' title='bbox 956 757 1110 830; x_wconf 79' lang='lat' dir='ltr'>exquisitis</span> <span class='ocrx_word' id='word_1_86' title='bbox 1135 757 1264 827; x_wconf 81' lang='lat' dir='ltr'>ferculis,</span> <span class='ocrx_word' id='word_1_87' title='bbox 1303 773 1383 814; x_wconf 89' lang='lat' dir='ltr'>nunc</span> <span class='ocrx_word' id='word_1_88' title='bbox 1418 757 1541 814; x_wconf 88' lang='lat' dir='ltr'>diversis</span> <span class='ocrx_word' id='word_1_89' title='bbox 1565 758 1683 832; x_wconf 90' lang='lat' dir='ltr'>poculis</span> 
     </span>
     <span class='ocr_line' id='line_1_8' title="bbox 57 841 1682 922; baseline 0.006 -26"><span class='ocrx_word' id='word_1_90' title='bbox 57 842 170 917; x_wconf 64' lang='lat' dir='ltr'>superni</span> <span class='ocrx_word' id='word_1_91' title='bbox 187 841 256 899; x_wconf 93' lang='lat' dir='ltr'>solis</span> <span class='ocrx_word' id='word_1_92' title='bbox 272 843 373 901; x_wconf 91' lang='lat' dir='ltr'>radios</span> <span class='ocrx_word' id='word_1_93' title='bbox 395 846 581 918; x_wconf 88' lang='lat' dir='ltr'>expandens,</span> <span class='ocrx_word' id='word_1_94' title='bbox 606 848 713 906; x_wconf 91' lang='lat' dir='ltr'>mentis</span> <span class='ocrx_word' id='word_1_95' title='bbox 735 847 799 905; x_wconf 92' lang='lat' dir='ltr'>illu-</span> <span class='ocrx_word' id='word_1_96' title='bbox 851 850 985 903; x_wconf 92' lang='lat' dir='ltr'>utuntur.</span> <span class='ocrx_word' id='word_1_97' title='bbox 1016 851 1099 905; x_wconf 84' lang='lat' dir='ltr'>Nunc</span> <span class='ocrx_word' id='word_1_98' title='bbox 1131 848 1279 917; x_wconf 89' lang='lat' dir='ltr'>laborant,</span> <span class='ocrx_word' id='word_1_99' title='bbox 1318 863 1400 904; x_wconf 92' lang='lat' dir='ltr'>nunc</span> <span class='ocrx_word' id='word_1_100' title='bbox 1426 847 1512 904; x_wconf 89' lang='lat' dir='ltr'>labor</span> <span class='ocrx_word' id='word_1_101' title='bbox 1536 847 1682 922; x_wconf 78' lang='lat' dir='ltr'>displicet</span> 
     </span>
     <span class='ocr_line' id='line_1_9' title="bbox 57 930 1686 1013; baseline 0.004 -26"><span class='ocrx_word' id='word_1_102' title='bbox 57 936 234 999; x_wconf 87' lang='lat' dir='ltr'>;secretum‚</span> <span class='ocrx_word' id='word_1_103' title='bbox 251 930 335 1003; x_wconf 87' lang='lat' dir='ltr'>lugat</span> <span class='ocrx_word' id='word_1_104' title='bbox 348 933 445 990; x_wconf 90' lang='lat' dir='ltr'>nubes</span> <span class='ocrx_word' id='word_1_105' title='bbox 470 935 678 1004; x_wconf 81' lang='lat' dir='ltr'>tentationum,</span> <span class='ocrx_word' id='word_1_106' title='bbox 702 940 799 1010; x_wconf 72' lang='lat' dir='ltr'>torpe</span> <span class='ocrx_word' id='word_1_107' title='bbox 852 940 961 994; x_wconf 75' lang='lat' dir='ltr'>Amant</span> <span class='ocrx_word' id='word_1_108' title='bbox 973 938 1107 1007; x_wconf 89' lang='lat' dir='ltr'>subesse,</span> <span class='ocrx_word' id='word_1_109' title='bbox 1128 942 1160 996; x_wconf 89' lang='lat' dir='ltr'>ut</span> <span class='ocrx_word' id='word_1_110' title='bbox 1185 938 1303 1013; x_wconf 76' lang='lat' dir='ltr'>possint</span> <span class='ocrx_word' id='word_1_111' title='bbox 1324 954 1463 1013; x_wconf 87' lang='lat' dir='ltr'>praeesse,</span> <span class='ocrx_word' id='word_1_112' title='bbox 1486 938 1616 995; x_wconf 88' lang='lat' dir='ltr'>honores</span> <span class='ocrx_word' id='word_1_113' title='bbox 1640 937 1686 993; x_wconf 86' lang='lat' dir='ltr'>fu-</span> 
     </span>
     <span class='ocr_line' id='line_1_10' title="bbox 57 1020 1685 1100; baseline 0.004 -24"><span class='ocrx_word' id='word_1_114' title='bbox 57 1020 171 1091; x_wconf 85' lang='lat' dir='ltr'>trigoris</span> <span class='ocrx_word' id='word_1_115' title='bbox 198 1020 327 1095; x_wconf 84' lang='lat' dir='ltr'>expellit,</span> <span class='ocrx_word' id='word_1_116' title='bbox 353 1022 519 1081; x_wconf 81' lang='lat' dir='ltr'>dilectionis</span> <span class='ocrx_word' id='word_1_117' title='bbox 544 1025 675 1082; x_wconf 90' lang='lat' dir='ltr'>calorem</span> <span class='ocrx_word' id='word_1_118' title='bbox 697 1024 799 1095; x_wconf 89' lang='lat' dir='ltr'>nutrit,</span> <span class='ocrx_word' id='word_1_119' title='bbox 854 1024 995 1095; x_wconf 90' lang='lat' dir='ltr'>giuut,ut</span> <span class='ocrx_word' id='word_1_120' title='bbox 1008 1025 1175 1084; x_wconf 89' lang='lat' dir='ltr'>honoribus</span> <span class='ocrx_word' id='word_1_121' title='bbox 1190 1029 1358 1084; x_wconf 88' lang='lat' dir='ltr'>occurrant.</span> <span class='ocrx_word' id='word_1_122' title='bbox 1386 1029 1452 1083; x_wconf 74' lang='lat' dir='ltr'>llaec</span> <span class='ocrx_word' id='word_1_123' title='bbox 1467 1030 1511 1082; x_wconf 90' lang='lat' dir='ltr'>est</span> <span class='ocrx_word' id='word_1_124' title='bbox 1531 1024 1685 1100; x_wconf 78' lang='lat' dir='ltr'>inaequali-</span> 
     </span>
     <span class='ocr_line' id='line_1_11' title="bbox 61 1110 1685 1189; baseline 0.003 -24"><span class='ocrx_word' id='word_1_125' title='bbox 61 1110 121 1166; x_wconf 91' lang='lat' dir='ltr'>tad</span> <span class='ocrx_word' id='word_1_126' title='bbox 135 1126 270 1166; x_wconf 89' lang='lat' dir='ltr'>amorem</span> <span class='ocrx_word' id='word_1_127' title='bbox 285 1110 424 1183; x_wconf 84' lang='lat' dir='ltr'>proximi.</span> <span class='ocrx_word' id='word_1_128' title='bbox 442 1112 523 1170; x_wconf 89' lang='lat' dir='ltr'>Sicut</span> <span class='ocrx_word' id='word_1_129' title='bbox 533 1113 636 1170; x_wconf 81' lang='lat' dir='ltr'>lucifer</span> <span class='ocrx_word' id='word_1_130' title='bbox 658 1112 801 1188; x_wconf 75' lang='lat' dir='ltr'>praecedit</span> <span class='ocrx_word' id='word_1_131' title='bbox 855 1116 899 1169; x_wconf 87' lang='lat' dir='ltr'>tas</span> <span class='ocrx_word' id='word_1_132' title='bbox 915 1113 1135 1184; x_wconf 88' lang='lat' dir='ltr'>columnarum,</span> <span class='ocrx_word' id='word_1_133' title='bbox 1151 1115 1216 1173; x_wconf 80' lang='lat' dir='ltr'>hoee</span> <span class='ocrx_word' id='word_1_134' title='bbox 1231 1120 1275 1173; x_wconf 87' lang='lat' dir='ltr'>cst</span> <span class='ocrx_word' id='word_1_135' title='bbox 1286 1114 1432 1189; x_wconf 86' lang='lat' dir='ltr'>asperitas</span> <span class='ocrx_word' id='word_1_136' title='bbox 1447 1131 1562 1171; x_wconf 87' lang='lat' dir='ltr'>earum.</span> <span class='ocrx_word' id='word_1_137' title='bbox 1576 1113 1685 1171; x_wconf 82' lang='lat' dir='ltr'>Paulus</span> 
     </span>
     <span class='ocr_line' id='line_1_12' title="bbox 57 1199 1686 1276; baseline 0.002 -22"><span class='ocrx_word' id='word_1_138' title='bbox 57 1223 71 1263; x_wconf 73' lang='lat' dir='ltr'>r,</span> <span class='ocrx_word' id='word_1_139' title='bbox 87 1200 129 1257; x_wconf 89' lang='lat' dir='ltr'>sic</span> <span class='ocrx_word' id='word_1_140' title='bbox 145 1216 230 1256; x_wconf 90' lang='lat' dir='ltr'>amor</span> <span class='ocrx_word' id='word_1_141' title='bbox 243 1199 372 1274; x_wconf 78' lang='lat' dir='ltr'>proximi</span> <span class='ocrx_word' id='word_1_142' title='bbox 388 1218 524 1259; x_wconf 89' lang='lat' dir='ltr'>amorem</span> <span class='ocrx_word' id='word_1_143' title='bbox 547 1203 606 1261; x_wconf 77' lang='lat' dir='ltr'>liei.</span> <span class='ocrx_word' id='word_1_144' title='bbox 629 1207 688 1260; x_wconf 88' lang='lat' dir='ltr'>lloc</span> <span class='ocrx_word' id='word_1_145' title='bbox 711 1202 801 1275; x_wconf 90' lang='lat' dir='ltr'>igitur</span> <span class='ocrx_word' id='word_1_146' title='bbox 855 1202 1009 1273; x_wconf 84' lang='lat' dir='ltr'>apostolus</span> <span class='ocrx_word' id='word_1_147' title='bbox 1022 1203 1225 1276; x_wconf 73' lang='lat' dir='ltr'>equalitatem</span> <span class='ocrx_word' id='word_1_148' title='bbox 1235 1207 1265 1261; x_wconf 92' lang='lat' dir='ltr'>et</span> <span class='ocrx_word' id='word_1_149' title='bbox 1279 1203 1439 1260; x_wconf 74' lang='lat' dir='ltr'>levitatem</span> <span class='ocrx_word' id='word_1_150' title='bbox 1455 1201 1686 1275; x_wconf 87' lang='lat' dir='ltr'>[lenitatem]do·</span> 
     </span>
     <span class='ocr_line' id='line_1_13' title="bbox 57 1287 1722 1369; baseline 0.002 -27"><span class='ocrx_word' id='word_1_151' title='bbox 57 1287 177 1344; x_wconf 88' lang='lat' dir='ltr'>claustri</span> <span class='ocrx_word' id='word_1_152' title='bbox 192 1288 363 1361; x_wconf 74' lang='lat' dir='ltr'>spiritualia,</span> <span class='ocrx_word' id='word_1_153' title='bbox 379 1295 479 1346; x_wconf 91' lang='lat' dir='ltr'>ortum</span> <span class='ocrx_word' id='word_1_154' title='bbox 493 1291 614 1364; x_wconf 86' lang='lat' dir='ltr'>respicit</span> <span class='ocrx_word' id='word_1_155' title='bbox 636 1290 799 1347; x_wconf 87' lang='lat' dir='ltr'>charitatis.</span> <span class='ocrx_word' id='word_1_156' title='bbox 854 1295 908 1345; x_wconf 85' lang='lat' dir='ltr'>cet.</span> <span class='ocrx_word' id='word_1_157' title='bbox 926 1292 1095 1369; x_wconf 67' lang='lat' dir='ltr'>navitatem</span> <span class='ocrx_word' id='word_1_158' title='bbox 1112 1292 1295 1366; x_wconf 88' lang='lat' dir='ltr'>[Lenitatem]</span> <span class='ocrx_word' id='word_1_159' title='bbox 1321 1309 1390 1349; x_wconf 91' lang='lat' dir='ltr'>cum</span> <span class='ocrx_word' id='word_1_160' title='bbox 1403 1291 1475 1348; x_wconf 91' lang='lat' dir='ltr'>dicit</span> <span class='ocrx_word' id='word_1_161' title='bbox 1489 1310 1496 1348; x_wconf 89' lang='lat'>:</span> <span class='ocrx_word' id='word_1_162' title='bbox 1512 1291 1545 1348; x_wconf 86' lang='lat' dir='ltr'>Si</span> <span class='ocrx_word' id='word_1_163' title='bbox 1556 1292 1624 1360; x_wconf 81' lang='lat' dir='ltr'>fieri</span> <span class='ocrx_word' id='word_1_164' title='bbox 1634 1305 1686 1361; x_wconf 87' lang='lat' dir='ltr'>po·</span> <span class='ocrx_word' id='word_1_165' title='bbox 1719 1332 1722 1340; x_wconf 87' lang='lat'><em>.</em></span> 
     </span>
     <span class='ocr_line' id='line_1_14' title="bbox 62 1377 1686 1453; baseline 0.002 -20"><span class='ocrx_word' id='word_1_166' title='bbox 62 1377 143 1433; x_wconf 89' lang='lat' dir='ltr'>euim</span> <span class='ocrx_word' id='word_1_167' title='bbox 168 1377 269 1450; x_wconf 88' lang='lat' dir='ltr'>incipit</span> <span class='ocrx_word' id='word_1_168' title='bbox 282 1377 364 1450; x_wconf 85' lang='lat' dir='ltr'>diligi</span> <span class='ocrx_word' id='word_1_169' title='bbox 384 1381 473 1450; x_wconf 86' lang='lat' dir='ltr'>Deus,</span> <span class='ocrx_word' id='word_1_170' title='bbox 497 1396 567 1436; x_wconf 90' lang='lat' dir='ltr'>oum</span> <span class='ocrx_word' id='word_1_171' title='bbox 588 1379 692 1453; x_wconf 90' lang='lat' dir='ltr'>incipit</span> <span class='ocrx_word' id='word_1_172' title='bbox 718 1377 800 1449; x_wconf 83' lang='lat' dir='ltr'>diligi</span> <span class='ocrx_word' id='word_1_173' title='bbox 855 1383 920 1450; x_wconf 85' lang='lat' dir='ltr'>test,</span> <span class='ocrx_word' id='word_1_174' title='bbox 935 1382 1150 1450; x_wconf 76' lang='lat' dir='ltr'>quodrxvobis</span> <span class='ocrx_word' id='word_1_175' title='bbox 1163 1388 1216 1453; x_wconf 84' lang='lat' dir='ltr'>est,</span> <span class='ocrx_word' id='word_1_176' title='bbox 1230 1399 1298 1439; x_wconf 84' lang='lat' dir='ltr'>cum</span> <span class='ocrx_word' id='word_1_177' title='bbox 1313 1382 1447 1439; x_wconf 82' lang='lat' dir='ltr'>omuibus</span> <span class='ocrx_word' id='word_1_178' title='bbox 1459 1380 1686 1450; x_wconf 65' lang='lat' dir='ltr'>luminibusque-</span> 
     </span>
     <span class='ocr_line' id='line_1_15' title="bbox 56 1465 1686 1543; baseline 0.001 -21"><span class='ocrx_word' id='word_1_179' title='bbox 56 1482 133 1522; x_wconf 91' lang='lat' dir='ltr'>mus.</span> <span class='ocrx_word' id='word_1_180' title='bbox 150 1469 184 1522; x_wconf 88' lang='lat' dir='ltr'>Et</span> <span class='ocrx_word' id='word_1_181' title='bbox 196 1465 272 1523; x_wconf 89' lang='lat' dir='ltr'>sicut</span> <span class='ocrx_word' id='word_1_182' title='bbox 286 1466 331 1522; x_wconf 93' lang='lat' dir='ltr'>sol</span> <span class='ocrx_word' id='word_1_183' title='bbox 350 1467 448 1523; x_wconf 89' lang='lat' dir='ltr'>oriens</span> <span class='ocrx_word' id='word_1_184' title='bbox 463 1467 597 1523; x_wconf 87' lang='lat' dir='ltr'>aseendit</span> <span class='ocrx_word' id='word_1_185' title='bbox 620 1467 660 1525; x_wconf 89' lang='lat' dir='ltr'>ad</span> <span class='ocrx_word' id='word_1_186' title='bbox 684 1471 800 1524; x_wconf 85' lang='lat' dir='ltr'>austra·</span> <span class='ocrx_word' id='word_1_187' title='bbox 855 1467 1065 1526; x_wconf 80' lang='lat' dir='ltr'>reurlrutreutcs</span> <span class='ocrx_word' id='word_1_188' title='bbox 1080 1470 1175 1543; x_wconf 82' lang='lat' dir='ltr'>(Rom.</span> <span class='ocrx_word' id='word_1_189' title='bbox 1190 1487 1240 1526; x_wconf 85' lang='lat' dir='ltr'>xu.</span> <span class='ocrx_word' id='word_1_190' title='bbox 1255 1472 1288 1527; x_wconf 88' lang='lat' dir='ltr'>Et</span> <span class='ocrx_word' id='word_1_191' title='bbox 1298 1469 1330 1526; x_wconf 88' lang='lat' dir='ltr'>in</span> <span class='ocrx_word' id='word_1_192' title='bbox 1340 1470 1461 1529; x_wconf 90' lang='lat' dir='ltr'>eodem:</span> <span class='ocrx_word' id='word_1_193' title='bbox 1476 1470 1545 1525; x_wconf 84' lang='lat' dir='ltr'>Non</span> <span class='ocrx_word' id='word_1_194' title='bbox 1562 1471 1686 1525; x_wconf 87' lang='lat' dir='ltr'>vosmet·</span> 
     </span>
     <span class='ocr_line' id='line_1_16' title="bbox 57 1555 1687 1634; baseline 0.006 -29"><span class='ocrx_word' id='word_1_195' title='bbox 57 1555 173 1627; x_wconf 83' lang='lat' dir='ltr'>dagam,</span> <span class='ocrx_word' id='word_1_196' title='bbox 193 1555 235 1611; x_wconf 91' lang='lat' dir='ltr'>sic</span> <span class='ocrx_word' id='word_1_197' title='bbox 259 1571 313 1628; x_wconf 90' lang='lat' dir='ltr'>per</span> <span class='ocrx_word' id='word_1_198' title='bbox 337 1572 471 1612; x_wconf 91' lang='lat' dir='ltr'>amorem</span> <span class='ocrx_word' id='word_1_199' title='bbox 493 1557 622 1631; x_wconf 88' lang='lat' dir='ltr'>proximi</span> <span class='ocrx_word' id='word_1_200' title='bbox 641 1558 675 1615; x_wconf 91' lang='lat' dir='ltr'>tit</span> <span class='ocrx_word' id='word_1_201' title='bbox 698 1573 801 1615; x_wconf 91' lang='lat' dir='ltr'>ascen·</span> <span class='ocrx_word' id='word_1_202' title='bbox 856 1557 1687 1634; x_wconf 59' lang='lat' dir='ltr'>ipsosdeseedeutesdnquit,ctorissuui,sedcloteurum</span> 
     </span>
     <span class='ocr_line' id='line_1_17' title="bbox 57 1642 1688 1721; baseline 0.003 -24"><span class='ocrx_word' id='word_1_203' title='bbox 57 1642 84 1698; x_wconf 82' lang='lat' dir='ltr'>td</span> <span class='ocrx_word' id='word_1_204' title='bbox 112 1642 287 1699; x_wconf 85' lang='lat' dir='ltr'>charitatem</span> <span class='ocrx_word' id='word_1_205' title='bbox 315 1643 374 1699; x_wconf 81' lang='lat' dir='ltr'>llei.</span> <span class='ocrx_word' id='word_1_206' title='bbox 401 1648 433 1699; x_wconf 93' lang='lat' dir='ltr'>ln</span> <span class='ocrx_word' id='word_1_207' title='bbox 462 1643 553 1701; x_wconf 88' lang='lat' dir='ltr'>latere</span> <span class='ocrx_word' id='word_1_208' title='bbox 580 1662 651 1702; x_wconf 85' lang='lat' dir='ltr'>raro</span> <span class='ocrx_word' id='word_1_209' title='bbox 669 1645 798 1704; x_wconf 89' lang='lat' dir='ltr'>claustri.</span> <span class='ocrx_word' id='word_1_210' title='bbox 815 1667 835 1721; x_wconf 82' lang='lat' dir='ltr'>g</span> <span class='ocrx_word' id='word_1_211' title='bbox 856 1646 1234 1721; x_wconf 76' lang='lat' dir='ltr'>ir·oe(ibid.)AEqualitutem</span> <span class='ocrx_word' id='word_1_212' title='bbox 1246 1648 1455 1720; x_wconf 87' lang='lat' dir='ltr'>vero,ubiuit:</span> <span class='ocrx_word' id='word_1_213' title='bbox 1467 1649 1536 1704; x_wconf 86' lang='lat' dir='ltr'>Scio</span> <span class='ocrx_word' id='word_1_214' title='bbox 1548 1647 1688 1703; x_wconf 81' lang='lat' dir='ltr'>lrurnilt&#39;u·</span> 
     </span>
     <span class='ocr_line' id='line_1_18' title="bbox 65 1730 1688 1810; baseline 0.002 -24"><span class='ocrx_word' id='word_1_215' title='bbox 65 1730 104 1787; x_wconf 89' lang='lat' dir='ltr'>ad</span> <span class='ocrx_word' id='word_1_216' title='bbox 129 1731 286 1787; x_wconf 88' lang='lat' dir='ltr'>meridiem</span> <span class='ocrx_word' id='word_1_217' title='bbox 302 1731 431 1807; x_wconf 87' lang='lat' dir='ltr'>respicit,</span> <span class='ocrx_word' id='word_1_218' title='bbox 457 1750 576 1803; x_wconf 87' lang='lat' dir='ltr'>sumus,</span> <span class='ocrx_word' id='word_1_219' title='bbox 604 1736 728 1810; x_wconf 88' lang='lat' dir='ltr'>quando</span> <span class='ocrx_word' id='word_1_220' title='bbox 752 1751 801 1793; x_wconf 92' lang='lat' dir='ltr'>ar·</span> <span class='ocrx_word' id='word_1_221' title='bbox 856 1736 1688 1810; x_wconf 78' lang='lat' dir='ltr'>ri,scioctobrrndurc,ubiquer&#39;nstitutussum,clinom-</span> 
     </span>
     <span class='ocr_line' id='line_1_19' title="bbox 69 1819 1689 1897; baseline 0.002 -22"><span class='ocrx_word' id='word_1_222' title='bbox 69 1819 221 1876; x_wconf 89' lang='lat' dir='ltr'>churitatis</span> <span class='ocrx_word' id='word_1_223' title='bbox 234 1819 306 1888; x_wconf 91' lang='lat' dir='ltr'>sole,</span> <span class='ocrx_word' id='word_1_224' title='bbox 321 1820 430 1877; x_wconf 78' lang='lat' dir='ltr'>divinae</span> <span class='ocrx_word' id='word_1_225' title='bbox 444 1823 608 1894; x_wconf 90' lang='lat' dir='ltr'>majestatis</span> <span class='ocrx_word' id='word_1_226' title='bbox 622 1823 724 1881; x_wconf 88' lang='lat' dir='ltr'>lumen</span> <span class='ocrx_word' id='word_1_227' title='bbox 740 1841 801 1897; x_wconf 82' lang='lat' dir='ltr'>prae</span> <span class='ocrx_word' id='word_1_228' title='bbox 857 1824 953 1892; x_wconf 79' lang='lat' dir='ltr'>uibus,</span> <span class='ocrx_word' id='word_1_229' title='bbox 970 1829 998 1880; x_wconf 87' lang='lat' dir='ltr'>et</span> <span class='ocrx_word' id='word_1_230' title='bbox 1016 1826 1125 1882; x_wconf 85' lang='lat' dir='ltr'>satiari</span> <span class='ocrx_word' id='word_1_231' title='bbox 1136 1830 1164 1882; x_wconf 83' lang='lat' dir='ltr'>et</span> <span class='ocrx_word' id='word_1_232' title='bbox 1180 1828 1303 1897; x_wconf 82' lang='lat' dir='ltr'>esurire,</span> <span class='ocrx_word' id='word_1_233' title='bbox 1319 1830 1347 1882; x_wconf 87' lang='lat' dir='ltr'>et</span> <span class='ocrx_word' id='word_1_234' title='bbox 1366 1825 1523 1882; x_wconf 67' lang='lat' dir='ltr'>elucidare</span> <span class='ocrx_word' id='word_1_235' title='bbox 1547 1828 1573 1880; x_wconf 87' lang='lat' dir='ltr'>ct</span> <span class='ocrx_word' id='word_1_236' title='bbox 1593 1838 1689 1893; x_wconf 84' lang='lat' dir='ltr'>penu·</span> 
     </span>
     <span class='ocr_line' id='line_1_20' title="bbox 57 1908 1688 1986; baseline 0.002 -21"><span class='ocrx_word' id='word_1_237' title='bbox 57 1908 208 1966; x_wconf 70' lang='lat' dir='ltr'>celeritate</span> <span class='ocrx_word' id='word_1_238' title='bbox 232 1910 357 1968; x_wconf 87' lang='lat' dir='ltr'>tenuiter</span> <span class='ocrx_word' id='word_1_239' title='bbox 382 1911 529 1968; x_wconf 88' lang='lat' dir='ltr'>videmus.</span> <span class='ocrx_word' id='word_1_240' title='bbox 554 1913 632 1971; x_wconf 89' lang='lat' dir='ltr'>Licet</span> <span class='ocrx_word' id='word_1_241' title='bbox 653 1915 733 1971; x_wconf 90' lang='lat' dir='ltr'>enim</span> <span class='ocrx_word' id='word_1_242' title='bbox 754 1931 802 1972; x_wconf 87' lang='lat' dir='ltr'>ra·</span> <span class='ocrx_word' id='word_1_243' title='bbox 857 1914 934 1969; x_wconf 83' lang='lat' dir='ltr'>rium</span> <span class='ocrx_word' id='word_1_244' title='bbox 947 1915 1025 1983; x_wconf 85' lang='lat' dir='ltr'>poti.</span> <span class='ocrx_word' id='word_1_245' title='bbox 1043 1914 1150 1971; x_wconf 83' lang='lat' dir='ltr'>Omnia</span> <span class='ocrx_word' id='word_1_246' title='bbox 1161 1930 1280 1985; x_wconf 83' lang='lat' dir='ltr'>possum</span> <span class='ocrx_word' id='word_1_247' title='bbox 1296 1916 1382 1983; x_wconf 80' lang='lat' dir='ltr'>irreo,</span> <span class='ocrx_word' id='word_1_248' title='bbox 1401 1915 1453 1986; x_wconf 84' lang='lat' dir='ltr'>qui</span> <span class='ocrx_word' id='word_1_249' title='bbox 1472 1929 1518 1969; x_wconf 82' lang='lat' dir='ltr'>rue</span> <span class='ocrx_word' id='word_1_250' title='bbox 1536 1913 1688 1984; x_wconf 78' lang='lat' dir='ltr'>corrsortut</span> 
     </span>
     <span class='ocr_line' id='line_1_21' title="bbox 57 1999 1687 2075; baseline 0.002 -21"><span class='ocrx_word' id='word_1_251' title='bbox 57 1999 315 2072; x_wconf 83' lang='lat' dir='ltr'>contemplationis</span> <span class='ocrx_word' id='word_1_252' title='bbox 336 2005 415 2058; x_wconf 92' lang='lat' dir='ltr'>recto</span> <span class='ocrx_word' id='word_1_253' title='bbox 441 2003 557 2059; x_wconf 90' lang='lat' dir='ltr'>tramite</span> <span class='ocrx_word' id='word_1_254' title='bbox 577 2004 724 2062; x_wconf 90' lang='lat' dir='ltr'>illuminet</span> <span class='ocrx_word' id='word_1_255' title='bbox 750 2009 804 2062; x_wconf 88' lang='lat' dir='ltr'>ter·</span> <span class='ocrx_word' id='word_1_256' title='bbox 857 2002 982 2074; x_wconf 77' lang='lat' dir='ltr'>(Putttp.</span> <span class='ocrx_word' id='word_1_257' title='bbox 998 2002 1046 2075; x_wconf 86' lang='lat' dir='ltr'>rr).</span> <span class='ocrx_word' id='word_1_258' title='bbox 1063 2003 1145 2060; x_wconf 89' lang='lat' dir='ltr'>Unde</span> <span class='ocrx_word' id='word_1_259' title='bbox 1157 2003 1264 2060; x_wconf 88' lang='lat' dir='ltr'>beatus</span> <span class='ocrx_word' id='word_1_260' title='bbox 1279 2002 1455 2073; x_wconf 83' lang='lat' dir='ltr'>Gregorius:</span> <span class='ocrx_word' id='word_1_261' title='bbox 1472 2024 1487 2052; x_wconf 74' lang='lat' dir='ltr'>s</span> <span class='ocrx_word' id='word_1_262' title='bbox 1505 2001 1570 2070; x_wconf 80' lang='lat' dir='ltr'>Qui,</span> <span class='ocrx_word' id='word_1_263' title='bbox 1581 2001 1687 2071; x_wconf 85' lang='lat' dir='ltr'>inquit,</span> 
     </span>
     <span class='ocr_line' id='line_1_22' title="bbox 62 2087 1689 2165; baseline 0.002 -23"><span class='ocrx_word' id='word_1_264' title='bbox 62 2087 169 2157; x_wconf 91' lang='lat' dir='ltr'>cordis,</span> <span class='ocrx_word' id='word_1_265' title='bbox 194 2087 261 2144; x_wconf 90' lang='lat' dir='ltr'>licet</span> <span class='ocrx_word' id='word_1_266' title='bbox 284 2095 435 2146; x_wconf 91' lang='lat' dir='ltr'>mensaut</span> <span class='ocrx_word' id='word_1_267' title='bbox 458 2091 610 2161; x_wconf 90' lang='lat' dir='ltr'>minimas,</span> <span class='ocrx_word' id='word_1_268' title='bbox 639 2097 691 2149; x_wconf 92' lang='lat' dir='ltr'>aut</span> <span class='ocrx_word' id='word_1_269' title='bbox 706 2093 803 2151; x_wconf 90' lang='lat' dir='ltr'>nullas</span> <span class='ocrx_word' id='word_1_270' title='bbox 857 2091 986 2165; x_wconf 87' lang='lat' dir='ltr'>acceptis</span> <span class='ocrx_word' id='word_1_271' title='bbox 1006 2092 1098 2149; x_wconf 87' lang='lat' dir='ltr'>rebus</span> <span class='ocrx_word' id='word_1_272' title='bbox 1123 2091 1192 2149; x_wconf 85' lang='lat' dir='ltr'>non&#39;</span> <span class='ocrx_word' id='word_1_273' title='bbox 1204 2092 1363 2159; x_wconf 84' lang='lat' dir='ltr'>extollitur,</span> <span class='ocrx_word' id='word_1_274' title='bbox 1389 2090 1440 2164; x_wconf 92' lang='lat' dir='ltr'>qui</span> <span class='ocrx_word' id='word_1_275' title='bbox 1460 2107 1511 2147; x_wconf 89' lang='lat' dir='ltr'>eas</span> <span class='ocrx_word' id='word_1_276' title='bbox 1534 2089 1573 2146; x_wconf 92' lang='lat' dir='ltr'>ad</span> <span class='ocrx_word' id='word_1_277' title='bbox 1599 2105 1689 2146; x_wconf 91' lang='lat' dir='ltr'>usum</span> 
     </span>
     <span class='ocr_line' id='line_1_23' title="bbox 57 2175 1691 2255; baseline 0.003 -25"><span class='ocrx_word' id='word_1_278' title='bbox 57 2179 81 2230; x_wconf 80' lang='lat' dir='ltr'>rt</span> <span class='ocrx_word' id='word_1_279' title='bbox 103 2175 301 2231; x_wconf 90' lang='lat' dir='ltr'>tentationum</span> <span class='ocrx_word' id='word_1_280' title='bbox 322 2177 459 2244; x_wconf 87' lang='lat' dir='ltr'>umbras,</span> <span class='ocrx_word' id='word_1_281' title='bbox 489 2183 591 2235; x_wconf 89' lang='lat' dir='ltr'>tamen</span> <span class='ocrx_word' id='word_1_282' title='bbox 614 2196 684 2236; x_wconf 90' lang='lat' dir='ltr'>cum</span> <span class='ocrx_word' id='word_1_283' title='bbox 703 2180 803 2237; x_wconf 87' lang='lat' dir='ltr'>videre</span> <span class='ocrx_word' id='word_1_284' title='bbox 858 2196 943 2237; x_wconf 73' lang='lat' dir='ltr'>vante</span> <span class='ocrx_word' id='word_1_285' title='bbox 957 2181 1058 2252; x_wconf 82' lang='lat' dir='ltr'>gloriae</span> <span class='ocrx_word' id='word_1_286' title='bbox 1072 2197 1135 2239; x_wconf 90' lang='lat' dir='ltr'>non</span> <span class='ocrx_word' id='word_1_287' title='bbox 1147 2181 1308 2255; x_wconf 87' lang='lat' dir='ltr'>intorquet,</span> <span class='ocrx_word' id='word_1_288' title='bbox 1325 2180 1377 2254; x_wconf 93' lang='lat' dir='ltr'>qui</span> <span class='ocrx_word' id='word_1_289' title='bbox 1388 2179 1541 2237; x_wconf 90' lang='lat' dir='ltr'>solusnon</span> <span class='ocrx_word' id='word_1_290' title='bbox 1555 2177 1691 2250; x_wconf 85' lang='lat' dir='ltr'>possidet</span> 
     </span>
     <span class='ocr_line' id='line_1_24' title="bbox 57 2261 1690 2344; baseline 0.003 -27"><span class='ocrx_word' id='word_1_291' title='bbox 57 2261 186 2318; x_wconf 91' lang='lat' dir='ltr'>tudinem</span> <span class='ocrx_word' id='word_1_292' title='bbox 217 2263 337 2319; x_wconf 86' lang='lat' dir='ltr'>Deitatis</span> <span class='ocrx_word' id='word_1_293' title='bbox 367 2264 518 2336; x_wconf 85' lang='lat' dir='ltr'>volumus,</span> <span class='ocrx_word' id='word_1_294' title='bbox 544 2265 705 2338; x_wconf 91' lang='lat' dir='ltr'>impeditur</span> <span class='ocrx_word' id='word_1_295' title='bbox 728 2267 803 2325; x_wconf 91' lang='lat' dir='ltr'>ratio</span> <span class='ocrx_word' id='word_1_296' title='bbox 858 2268 941 2342; x_wconf 89' lang='lat' dir='ltr'>quod</span> <span class='ocrx_word' id='word_1_297' title='bbox 955 2270 1080 2344; x_wconf 90' lang='lat' dir='ltr'>accepit,</span> <span class='ocrx_word' id='word_1_298' title='bbox 1097 2270 1151 2327; x_wconf 89' lang='lat' dir='ltr'>scd</span> <span class='ocrx_word' id='word_1_299' title='bbox 1160 2270 1219 2328; x_wconf 88' lang='lat' dir='ltr'>hoo</span> <span class='ocrx_word' id='word_1_300' title='bbox 1232 2268 1463 2327; x_wconf 88' lang='lat' dir='ltr'>misericorditer</span> <span class='ocrx_word' id='word_1_301' title='bbox 1474 2284 1543 2325; x_wconf 90' lang='lat' dir='ltr'>cum</span> <span class='ocrx_word' id='word_1_302' title='bbox 1555 2266 1690 2337; x_wconf 90' lang='lat' dir='ltr'>indigen·</span> 
     </span>
     <span class='ocr_line' id='line_1_25' title="bbox 57 2352 1689 2430; baseline 0.004 -24"><span class='ocrx_word' id='word_1_303' title='bbox 57 2352 183 2408; x_wconf 65' lang='lat' dir='ltr'>resimas.</span> <span class='ocrx_word' id='word_1_304' title='bbox 200 2355 263 2409; x_wconf 88' lang='lat' dir='ltr'>Non</span> <span class='ocrx_word' id='word_1_305' title='bbox 279 2357 322 2409; x_wconf 91' lang='lat' dir='ltr'>est</span> <span class='ocrx_word' id='word_1_306' title='bbox 342 2353 431 2424; x_wconf 89' lang='lat' dir='ltr'>igitur</span> <span class='ocrx_word' id='word_1_307' title='bbox 447 2371 508 2427; x_wconf 92' lang='lat' dir='ltr'>quo</span> <span class='ocrx_word' id='word_1_308' title='bbox 524 2354 651 2413; x_wconf 88' lang='lat' dir='ltr'>divertat</span> <span class='ocrx_word' id='word_1_309' title='bbox 672 2356 801 2427; x_wconf 91' lang='lat' dir='ltr'>animus,</span> <span class='ocrx_word' id='word_1_310' title='bbox 858 2357 937 2415; x_wconf 89' lang='lat' dir='ltr'>tibus</span> <span class='ocrx_word' id='word_1_311' title='bbox 951 2358 1065 2426; x_wconf 89' lang='lat' dir='ltr'>dividit,</span> <span class='ocrx_word' id='word_1_312' title='bbox 1083 2359 1138 2415; x_wconf 91' lang='lat' dir='ltr'>scit</span> <span class='ocrx_word' id='word_1_313' title='bbox 1149 2357 1317 2415; x_wconf 88' lang='lat' dir='ltr'>abundare.</span> <span class='ocrx_word' id='word_1_314' title='bbox 1333 2381 1346 2408; x_wconf 72' lang='lat' dir='ltr'>n</span> <span class='ocrx_word' id='word_1_315' title='bbox 1359 2357 1415 2423; x_wconf 83' lang='lat' dir='ltr'>Qui</span> <span class='ocrx_word' id='word_1_316' title='bbox 1425 2357 1554 2430; x_wconf 86' lang='lat' dir='ltr'>acceptis</span> <span class='ocrx_word' id='word_1_317' title='bbox 1564 2355 1689 2413; x_wconf 86' lang='lat' dir='ltr'>alimen·</span> 
     </span>
     <span class='ocr_line' id='line_1_26' title="bbox 58 2442 1690 2525; baseline 0.002 -29"><span class='ocrx_word' id='word_1_318' title='bbox 58 2444 113 2497; x_wconf 79' lang='lat' dir='ltr'>iter</span> <span class='ocrx_word' id='word_1_319' title='bbox 127 2442 190 2498; x_wconf 81' lang='lat' dir='ltr'>lruec</span> <span class='ocrx_word' id='word_1_320' title='bbox 201 2447 332 2515; x_wconf 91' lang='lat' dir='ltr'>quatuor</span> <span class='ocrx_word' id='word_1_321' title='bbox 343 2443 488 2500; x_wconf 90' lang='lat' dir='ltr'>virtutum</span> <span class='ocrx_word' id='word_1_322' title='bbox 511 2446 680 2503; x_wconf 87' lang='lat' dir='ltr'>munimina</span> <span class='ocrx_word' id='word_1_323' title='bbox 701 2451 804 2505; x_wconf 88' lang='lat' dir='ltr'>manet</span> <span class='ocrx_word' id='word_1_324' title='bbox 858 2447 904 2514; x_wconf 85' lang='lat' dir='ltr'>tis,</span> <span class='ocrx_word' id='word_1_325' title='bbox 921 2463 983 2504; x_wconf 89' lang='lat' dir='ltr'>non</span> <span class='ocrx_word' id='word_1_326' title='bbox 995 2446 1035 2504; x_wconf 92' lang='lat' dir='ltr'>ad</span> <span class='ocrx_word' id='word_1_327' title='bbox 1049 2446 1313 2519; x_wconf 85' lang='lat' dir='ltr'>ingurgitationem</span> <span class='ocrx_word' id='word_1_328' title='bbox 1327 2445 1437 2502; x_wconf 89' lang='lat' dir='ltr'>ventris</span> <span class='ocrx_word' id='word_1_329' title='bbox 1458 2445 1557 2512; x_wconf 88' lang='lat' dir='ltr'>utitur,</span> <span class='ocrx_word' id='word_1_330' title='bbox 1583 2443 1636 2500; x_wconf 91' lang='lat' dir='ltr'>sed</span> <span class='ocrx_word' id='word_1_331' title='bbox 1649 2442 1690 2525; x_wconf 69' lang='lat' dir='ltr'>ad</span> 
     </span>
     <span class='ocr_line' id='line_1_27' title="bbox 57 2530 1690 2609; baseline 0.002 -24"><span class='ocrx_word' id='word_1_332' title='bbox 57 2530 160 2587; x_wconf 87' lang='lat' dir='ltr'>itutus.</span> <span class='ocrx_word' id='word_1_333' title='bbox 175 2535 240 2588; x_wconf 88' lang='lat' dir='ltr'>Non</span> <span class='ocrx_word' id='word_1_334' title='bbox 254 2532 335 2589; x_wconf 88' lang='lat' dir='ltr'>enirn</span> <span class='ocrx_word' id='word_1_335' title='bbox 350 2533 389 2589; x_wconf 91' lang='lat' dir='ltr'>ad</span> <span class='ocrx_word' id='word_1_336' title='bbox 404 2533 503 2589; x_wconf 92' lang='lat' dir='ltr'>carnis</span> <span class='ocrx_word' id='word_1_337' title='bbox 523 2534 718 2609; x_wconf 87' lang='lat' dir='ltr'>voluptatem,</span> <span class='ocrx_word' id='word_1_338' title='bbox 742 2551 804 2592; x_wconf 92' lang='lat' dir='ltr'>non</span> <span class='ocrx_word' id='word_1_339' title='bbox 858 2536 1079 2609; x_wconf 88' lang='lat' dir='ltr'>reparationem</span> <span class='ocrx_word' id='word_1_340' title='bbox 1094 2535 1219 2604; x_wconf 87' lang='lat' dir='ltr'>virtutis,</span> <span class='ocrx_word' id='word_1_341' title='bbox 1232 2551 1289 2593; x_wconf 91' lang='lat' dir='ltr'>nec</span> <span class='ocrx_word' id='word_1_342' title='bbox 1302 2534 1372 2609; x_wconf 90' lang='lat' dir='ltr'>plus</span> <span class='ocrx_word' id='word_1_343' title='bbox 1385 2534 1468 2591; x_wconf 88' lang='lat' dir='ltr'>curui</span> <span class='ocrx_word' id='word_1_344' title='bbox 1484 2533 1585 2591; x_wconf 87' lang='lat' dir='ltr'>tribuit</span> <span class='ocrx_word' id='word_1_345' title='bbox 1594 2547 1690 2607; x_wconf 88' lang='lat' dir='ltr'>quam</span> 
     </span>
     <span class='ocr_line' id='line_1_28' title="bbox 57 2618 1690 2699; baseline 0.002 -25"><span class='ocrx_word' id='word_1_346' title='bbox 57 2618 134 2675; x_wconf 86' lang='lat' dir='ltr'>nudi</span> <span class='ocrx_word' id='word_1_347' title='bbox 148 2621 321 2686; x_wconf 87' lang='lat' dir='ltr'>vanitatem,</span> <span class='ocrx_word' id='word_1_348' title='bbox 337 2637 399 2679; x_wconf 92' lang='lat' dir='ltr'>non</span> <span class='ocrx_word' id='word_1_349' title='bbox 414 2622 453 2679; x_wconf 90' lang='lat' dir='ltr'>ad</span> <span class='ocrx_word' id='word_1_350' title='bbox 469 2623 574 2679; x_wconf 91' lang='lat' dir='ltr'>odium</span> <span class='ocrx_word' id='word_1_351' title='bbox 590 2624 730 2699; x_wconf 86' lang='lat' dir='ltr'>proximi,</span> <span class='ocrx_word' id='word_1_352' title='bbox 741 2641 803 2682; x_wconf 91' lang='lat' dir='ltr'>non</span> <span class='ocrx_word' id='word_1_353' title='bbox 858 2625 1019 2681; x_wconf 84' lang='lat' dir='ltr'>necessitas</span> <span class='ocrx_word' id='word_1_354' title='bbox 1032 2624 1113 2697; x_wconf 93' lang='lat' dir='ltr'>petit,</span> <span class='ocrx_word' id='word_1_355' title='bbox 1129 2622 1185 2680; x_wconf 91' lang='lat' dir='ltr'>suit</span> <span class='ocrx_word' id='word_1_356' title='bbox 1198 2623 1300 2680; x_wconf 89' lang='lat' dir='ltr'>satiari</span> <span class='ocrx_word' id='word_1_357' title='bbox 1313 2641 1320 2691; x_wconf 88' lang='lat'>;</span> <span class='ocrx_word' id='word_1_358' title='bbox 1336 2623 1389 2696; x_wconf 91' lang='lat' dir='ltr'>qui</span> <span class='ocrx_word' id='word_1_359' title='bbox 1404 2622 1616 2678; x_wconf 89' lang='lat' dir='ltr'>alimentorum</span> <span class='ocrx_word' id='word_1_360' title='bbox 1626 2620 1690 2677; x_wconf 91' lang='lat' dir='ltr'>ino·</span> 
     </span>
     <span class='ocr_line' id='line_1_29' title="bbox 57 2706 1690 2787; baseline 0.001 -25"><span class='ocrx_word' id='word_1_361' title='bbox 57 2712 234 2782; x_wconf 77' lang='lat' dir='ltr'>tutempturn</span> <span class='ocrx_word' id='word_1_362' title='bbox 251 2711 312 2767; x_wconf 85' lang='lat' dir='ltr'>Dei.</span> <span class='ocrx_word' id='word_1_363' title='bbox 858 2713 938 2787; x_wconf 88' lang='lat' dir='ltr'>piam</span> <span class='ocrx_word' id='word_1_364' title='bbox 955 2712 1018 2770; x_wconf 91' lang='lat' dir='ltr'>sine</span> <span class='ocrx_word' id='word_1_365' title='bbox 1038 2711 1276 2769; x_wconf 87' lang='lat' dir='ltr'>murmuratione</span> <span class='ocrx_word' id='word_1_366' title='bbox 1288 2711 1403 2781; x_wconf 89' lang='lat' dir='ltr'>tolerat,</span> <span class='ocrx_word' id='word_1_367' title='bbox 1417 2727 1472 2767; x_wconf 90' lang='lat' dir='ltr'>nco</span> <span class='ocrx_word' id='word_1_368' title='bbox 1485 2726 1540 2782; x_wconf 92' lang='lat' dir='ltr'>pro</span> <span class='ocrx_word' id='word_1_369' title='bbox 1561 2706 1690 2765; x_wconf 88' lang='lat' dir='ltr'>necessi·</span> 
     </span>
     <span class='ocr_line' id='line_1_30' title="bbox 57 2796 1690 2874; baseline 0 -21"><span class='ocrx_word' id='word_1_370' title='bbox 57 2800 102 2853; x_wconf 84' lang='grc' dir='ltr'>ΙΙΙ.</span> <span class='ocrx_word' id='word_1_371' title='bbox 129 2800 174 2856; x_wconf 85' lang='lat' dir='ltr'>Dc</span> <span class='ocrx_word' id='word_1_372' title='bbox 197 2807 328 2872; x_wconf 84' lang='lat' dir='ltr'>quotuor</span> <span class='ocrx_word' id='word_1_373' title='bbox 355 2800 510 2857; x_wconf 78' lang='lat' dir='ltr'>ordinibus</span> <span class='ocrx_word' id='word_1_374' title='bbox 533 2803 753 2872; x_wconf 82' lang='lat' dir='ltr'>columnarum,</span> <span class='ocrx_word' id='word_1_375' title='bbox 776 2807 805 2860; x_wconf 87' lang='lat' dir='ltr'>et</span> <span class='ocrx_word' id='word_1_376' title='bbox 860 2807 916 2858; x_wconf 86' lang='lat' dir='ltr'>tute</span> <span class='ocrx_word' id='word_1_377' title='bbox 931 2802 1027 2858; x_wconf 82' lang='lat' dir='ltr'>victus</span> <span class='ocrx_word' id='word_1_378' title='bbox 1042 2800 1157 2874; x_wconf 87' lang='lat' dir='ltr'>aliquid</span> <span class='ocrx_word' id='word_1_379' title='bbox 1184 2801 1255 2871; x_wconf 91' lang='lat' dir='ltr'>agit,</span> <span class='ocrx_word' id='word_1_380' title='bbox 1280 2800 1361 2857; x_wconf 89' lang='lat' dir='ltr'>unde</span> <span class='ocrx_word' id='word_1_381' title='bbox 1385 2799 1487 2856; x_wconf 88' lang='lat' dir='ltr'>anima</span> <span class='ocrx_word' id='word_1_382' title='bbox 1510 2797 1625 2871; x_wconf 86' lang='lat' dir='ltr'>pcccati</span> <span class='ocrx_word' id='word_1_383' title='bbox 1645 2796 1690 2853; x_wconf 88' lang='lat' dir='ltr'>la·</span> 
     </span>
     <span class='ocr_line' id='line_1_31' title="bbox 57 2886 1689 2964; baseline -0.001 -21"><span class='ocrx_word' id='word_1_384' title='bbox 57 2887 89 2943; x_wconf 80' lang='lat' dir='ltr'>ul</span> <span class='ocrx_word' id='word_1_385' title='bbox 99 2902 137 2943; x_wconf 75' lang='lat' dir='ltr'>etr</span> <span class='ocrx_word' id='word_1_386' title='bbox 152 2894 321 2958; x_wconf 73' lang='lat' dir='ltr'>rontuuptu</span> <span class='ocrx_word' id='word_1_387' title='bbox 343 2891 392 2946; x_wconf 85' lang='lat' dir='ltr'>sui</span> <span class='ocrx_word' id='word_1_388' title='bbox 413 2888 568 2946; x_wconf 76' lang='lat' dir='ltr'>derodecim</span> <span class='ocrx_word' id='word_1_389' title='bbox 595 2891 804 2948; x_wconf 79' lang='lat' dir='ltr'>rotuumururu</span> <span class='ocrx_word' id='word_1_390' title='bbox 858 2908 971 2964; x_wconf 88' lang='lat' dir='ltr'>qucum</span> <span class='ocrx_word' id='word_1_391' title='bbox 981 2891 1124 2961; x_wconf 90' lang='lat' dir='ltr'>incurrat,</span> <span class='ocrx_word' id='word_1_392' title='bbox 1139 2889 1194 2947; x_wconf 88' lang='lat' dir='ltr'>scit</span> <span class='ocrx_word' id='word_1_393' title='bbox 1208 2888 1329 2947; x_wconf 86' lang='lat' dir='ltr'>esurire.</span> <span class='ocrx_word' id='word_1_394' title='bbox 1343 2890 1438 2957; x_wconf 82' lang='lat' dir='ltr'>Quem</span> <span class='ocrx_word' id='word_1_395' title='bbox 1453 2903 1524 2958; x_wconf 92' lang='lat' dir='ltr'>ergo</span> <span class='ocrx_word' id='word_1_396' title='bbox 1539 2886 1570 2944; x_wconf 93' lang='lat' dir='ltr'>in</span> <span class='ocrx_word' id='word_1_397' title='bbox 1591 2886 1689 2943; x_wconf 89' lang='lat' dir='ltr'>abun-</span> 
     </span>
     <span class='ocr_line' id='line_1_32' title="bbox 57 2975 1690 3076; baseline -0.001 -44"><span class='ocrx_word' id='word_1_398' title='bbox 57 2975 240 3045; x_wconf 79' lang='lat' dir='ltr'>toproceuu.</span> <span class='ocrx_word' id='word_1_399' title='bbox 819 3021 839 3076; x_wconf 73' lang='lat' dir='ltr'>C</span> <span class='ocrx_word' id='word_1_400' title='bbox 859 2978 962 3035; x_wconf 67' lang='lat' dir='ltr'>flantia</span> <span class='ocrx_word' id='word_1_401' title='bbox 977 2977 1119 3051; x_wconf 90' lang='lat' dir='ltr'>superbia</span> <span class='ocrx_word' id='word_1_402' title='bbox 1133 2993 1196 3035; x_wconf 91' lang='lat' dir='ltr'>non</span> <span class='ocrx_word' id='word_1_403' title='bbox 1210 2977 1314 3046; x_wconf 89' lang='lat' dir='ltr'>elevat,</span> <span class='ocrx_word' id='word_1_404' title='bbox 1331 2992 1386 3034; x_wconf 90' lang='lat' dir='ltr'>neo</span> <span class='ocrx_word' id='word_1_405' title='bbox 1401 2976 1432 3034; x_wconf 90' lang='lat' dir='ltr'>iu</span> <span class='ocrx_word' id='word_1_406' title='bbox 1447 2975 1622 3032; x_wconf 86' lang='lat' dir='ltr'>necessitate</span> <span class='ocrx_word' id='word_1_407' title='bbox 1637 2990 1690 3030; x_wconf 90' lang='lat' dir='ltr'>cu-</span> 
     </span>
    </p>
   </div>
   <div class='ocr_carea' id='block_1_3' title="bbox 57 3062 1691 3498">
    <p class='ocr_par' dir='ltr' id='par_1_3' title="bbox 57 3062 1691 3498">
     <span class='ocr_line' id='line_1_33' title="bbox 57 3062 1690 3147; baseline -0.001 -27"><span class='ocrx_word' id='word_1_408' title='bbox 57 3064 101 3120; x_wconf 88' lang='lat' dir='ltr'>his</span> <span class='ocrx_word' id='word_1_409' title='bbox 124 3070 234 3139; x_wconf 89' lang='lat' dir='ltr'>quatur</span> <span class='ocrx_word' id='word_1_410' title='bbox 254 3065 373 3123; x_wconf 84' lang='lat' dir='ltr'>claustri</span> <span class='ocrx_word' id='word_1_411' title='bbox 395 3066 539 3124; x_wconf 90' lang='lat' dir='ltr'>lateribus</span> <span class='ocrx_word' id='word_1_412' title='bbox 563 3067 651 3139; x_wconf 90' lang='lat' dir='ltr'>quasi</span> <span class='ocrx_word' id='word_1_413' title='bbox 676 3071 805 3141; x_wconf 91' lang='lat' dir='ltr'>quatuor</span> <span class='ocrx_word' id='word_1_414' title='bbox 858 3067 967 3140; x_wconf 89' lang='lat' dir='ltr'>piditas</span> <span class='ocrx_word' id='word_1_415' title='bbox 993 3067 1096 3135; x_wconf 89' lang='lat' dir='ltr'>irritat,</span> <span class='ocrx_word' id='word_1_416' title='bbox 1125 3065 1208 3123; x_wconf 85' lang='lat' dir='ltr'>norit</span> <span class='ocrx_word' id='word_1_417' title='bbox 1230 3065 1398 3133; x_wconf 90' lang='lat' dir='ltr'>abundare,</span> <span class='ocrx_word' id='word_1_418' title='bbox 1427 3063 1510 3120; x_wconf 87' lang='lat' dir='ltr'>norit</span> <span class='ocrx_word' id='word_1_419' title='bbox 1531 3062 1690 3147; x_wconf 82' lang='lat' dir='ltr'>penuriam</span> 
     </span>
     <span class='ocr_line' id='line_1_34' title="bbox 60 3154 1691 3231; baseline -0.002 -21"><span class='ocrx_word' id='word_1_420' title='bbox 60 3170 92 3210; x_wconf 89' lang='lat' dir='ltr'>es</span> <span class='ocrx_word' id='word_1_421' title='bbox 105 3155 314 3212; x_wconf 90' lang='lat' dir='ltr'>columnarum</span> <span class='ocrx_word' id='word_1_422' title='bbox 329 3156 539 3230; x_wconf 90' lang='lat' dir='ltr'>disponuntur.</span> <span class='ocrx_word' id='word_1_423' title='bbox 567 3159 607 3212; x_wconf 83' lang='lat' dir='ltr'>Ex</span> <span class='ocrx_word' id='word_1_424' title='bbox 631 3161 805 3231; x_wconf 89' lang='lat' dir='ltr'>contemptu</span> <span class='ocrx_word' id='word_1_425' title='bbox 858 3157 929 3231; x_wconf 89' lang='lat' dir='ltr'>pati.</span> <span class='ocrx_word' id='word_1_426' title='bbox 956 3159 1030 3214; x_wconf 90' lang='lat' dir='ltr'>Cum</span> <span class='ocrx_word' id='word_1_427' title='bbox 1055 3160 1156 3213; x_wconf 89' lang='lat' dir='ltr'>autem</span> <span class='ocrx_word' id='word_1_428' title='bbox 1179 3154 1291 3212; x_wconf 91' lang='lat' dir='ltr'>diceret</span> <span class='ocrx_word' id='word_1_429' title='bbox 1308 3155 1408 3212; x_wconf 81' lang='lat' dir='ltr'>omniu</span> <span class='ocrx_word' id='word_1_430' title='bbox 1426 3168 1558 3224; x_wconf 80' lang='lat' dir='ltr'>possum,</span> <span class='ocrx_word' id='word_1_431' title='bbox 1584 3167 1622 3208; x_wconf 90' lang='lat' dir='ltr'>ne</span> <span class='ocrx_word' id='word_1_432' title='bbox 1636 3166 1691 3225; x_wconf 89' lang='lat' dir='ltr'>per</span> 
     </span>
     <span class='ocr_line' id='line_1_35' title="bbox 57 3239 1691 3320; baseline -0.002 -20"><span class='ocrx_word' id='word_1_433' title='bbox 57 3260 81 3300; x_wconf 84' lang='lat' dir='ltr'>n</span> <span class='ocrx_word' id='word_1_434' title='bbox 94 3244 140 3302; x_wconf 91' lang='lat' dir='ltr'>sui</span> <span class='ocrx_word' id='word_1_435' title='bbox 162 3245 323 3303; x_wconf 89' lang='lat' dir='ltr'>duodecim</span> <span class='ocrx_word' id='word_1_436' title='bbox 346 3245 557 3302; x_wconf 88' lang='lat' dir='ltr'>columnarum</span> <span class='ocrx_word' id='word_1_437' title='bbox 570 3246 644 3302; x_wconf 92' lang='lat' dir='ltr'>ordo</span> <span class='ocrx_word' id='word_1_438' title='bbox 659 3247 802 3320; x_wconf 90' lang='lat' dir='ltr'>precedit,</span> <span class='ocrx_word' id='word_1_439' title='bbox 859 3245 995 3303; x_wconf 91' lang='lat' dir='ltr'>elationis</span> <span class='ocrx_word' id='word_1_440' title='bbox 1009 3251 1157 3303; x_wconf 87' lang='lat' dir='ltr'>tumorem</span> <span class='ocrx_word' id='word_1_441' title='bbox 1178 3244 1334 3302; x_wconf 84' lang='lat' dir='ltr'>excederet</span> <span class='ocrx_word' id='word_1_442' title='bbox 1354 3241 1565 3316; x_wconf 69' lang='lat' dir='ltr'>equalitatem,</span> <span class='ocrx_word' id='word_1_443' title='bbox 1591 3239 1691 3297; x_wconf 86' lang='lat' dir='ltr'>statim</span> 
     </span>
     <span class='ocr_line' id='line_1_36' title="bbox 57 3324 1691 3408; baseline -0.003 -18"><span class='ocrx_word' id='word_1_444' title='bbox 57 3338 85 3390; x_wconf 87' lang='lat' dir='ltr'>et</span> <span class='ocrx_word' id='word_1_445' title='bbox 94 3324 260 3391; x_wconf 87' lang='lat' dir='ltr'>humiliatio</span> <span class='ocrx_word' id='word_1_446' title='bbox 275 3335 384 3404; x_wconf 88' lang='lat' dir='ltr'>cordis,</span> <span class='ocrx_word' id='word_1_447' title='bbox 400 3341 429 3392; x_wconf 92' lang='lat' dir='ltr'>ct</span> <span class='ocrx_word' id='word_1_448' title='bbox 443 3335 564 3392; x_wconf 87' lang='lat' dir='ltr'>afflictio</span> <span class='ocrx_word' id='word_1_449' title='bbox 579 3337 687 3403; x_wconf 90' lang='lat' dir='ltr'>carnis,</span> <span class='ocrx_word' id='word_1_450' title='bbox 705 3353 804 3393; x_wconf 86' lang='lat' dir='ltr'>serruo</span> <span class='ocrx_word' id='word_1_451' title='bbox 859 3335 1023 3408; x_wconf 86' lang='lat' dir='ltr'>subjunxit,</span> <span class='ocrx_word' id='word_1_452' title='bbox 1040 3335 1240 3406; x_wconf 79' lang='lat' dir='ltr'>incoquitur</span> <span class='ocrx_word' id='word_1_453' title='bbox 1254 3334 1415 3404; x_wconf 78' lang='lat' dir='ltr'>coufortat.</span> <span class='ocrx_word' id='word_1_454' title='bbox 1432 3330 1490 3398; x_wconf 83' lang='lat' dir='ltr'>Qui</span> <span class='ocrx_word' id='word_1_455' title='bbox 1511 3329 1591 3387; x_wconf 89' lang='lat' dir='ltr'>enim</span> <span class='ocrx_word' id='word_1_456' title='bbox 1607 3327 1691 3403; x_wconf 91' lang='lat' dir='ltr'>quod</span> 
     </span>
     <span class='ocr_line' id='line_1_37' title="bbox 58 3417 1691 3498; baseline -0.002 -21"><span class='ocrx_word' id='word_1_457' title='bbox 58 3422 103 3490; x_wconf 88' lang='lat' dir='ltr'>lis,</span> <span class='ocrx_word' id='word_1_458' title='bbox 120 3422 248 3495; x_wconf 90' lang='lat' dir='ltr'>abjectio</span> <span class='ocrx_word' id='word_1_459' title='bbox 262 3424 362 3491; x_wconf 84' lang='lat' dir='ltr'>restis,</span> <span class='ocrx_word' id='word_1_460' title='bbox 384 3424 468 3480; x_wconf 91' lang='lat' dir='ltr'>cibus</span> <span class='ocrx_word' id='word_1_461' title='bbox 486 3425 590 3492; x_wconf 89' lang='lat' dir='ltr'>tennis,</span> <span class='ocrx_word' id='word_1_462' title='bbox 617 3425 737 3498; x_wconf 90' lang='lat' dir='ltr'>pondus</span> <span class='ocrx_word' id='word_1_463' title='bbox 759 3425 804 3482; x_wconf 92' lang='lat' dir='ltr'>la·</span> <span class='ocrx_word' id='word_1_464' title='bbox 858 3424 980 3492; x_wconf 84' lang='lat' dir='ltr'>faciunt,</span> <span class='ocrx_word' id='word_1_465' title='bbox 997 3429 1056 3480; x_wconf 80' lang='lat' dir='ltr'>lleo</span> <span class='ocrx_word' id='word_1_466' title='bbox 1071 3423 1236 3492; x_wconf 91' lang='lat' dir='ltr'>ascribunt,</span> <span class='ocrx_word' id='word_1_467' title='bbox 1252 3426 1281 3479; x_wconf 92' lang='lat' dir='ltr'>et</span> <span class='ocrx_word' id='word_1_468' title='bbox 1293 3420 1445 3479; x_wconf 89' lang='lat' dir='ltr'>humiliter</span> <span class='ocrx_word' id='word_1_469' title='bbox 1469 3418 1629 3476; x_wconf 88' lang='lat' dir='ltr'>sentientes</span> <span class='ocrx_word' id='word_1_470' title='bbox 1652 3417 1691 3474; x_wconf 89' lang='lat' dir='ltr'>de</span> 
     </span>
    </p>
   </div>
   <div class='ocr_carea' id='block_1_4' title="bbox 57 3507 1719 4215">
    <p class='ocr_par' dir='ltr' id='par_1_4' title="bbox 57 3507 1691 3765">
     <span class='ocr_line' id='line_1_38' title="bbox 57 3507 1691 3588; baseline -0.002 -19"><span class='ocrx_word' id='word_1_471' title='bbox 57 3555 64 3579; x_wconf 91' lang='lat'>,</span> <span class='ocrx_word' id='word_1_472' title='bbox 94 3529 180 3569; x_wconf 91' lang='lat' dir='ltr'>amor</span> <span class='ocrx_word' id='word_1_473' title='bbox 212 3513 416 3585; x_wconf 89' lang='lat' dir='ltr'>subjectionis,</span> <span class='ocrx_word' id='word_1_474' title='bbox 452 3519 642 3588; x_wconf 86' lang='lat' dir='ltr'>contemptus</span> <span class='ocrx_word' id='word_1_475' title='bbox 670 3515 802 3584; x_wconf 90' lang='lat' dir='ltr'>honoris,</span> <span class='ocrx_word' id='word_1_476' title='bbox 859 3531 890 3569; x_wconf 89' lang='lat' dir='ltr'>se</span> <span class='ocrx_word' id='word_1_477' title='bbox 905 3513 1055 3583; x_wconf 88' lang='lat' dir='ltr'>diffidunt,</span> <span class='ocrx_word' id='word_1_478' title='bbox 1072 3513 1255 3570; x_wconf 84' lang='lat' dir='ltr'>talibusnon</span> <span class='ocrx_word' id='word_1_479' title='bbox 1271 3511 1421 3569; x_wconf 84' lang='lat' dir='ltr'>evanescit</span> <span class='ocrx_word' id='word_1_480' title='bbox 1445 3509 1557 3566; x_wconf 83' lang='lat' dir='ltr'>fructus</span> <span class='ocrx_word' id='word_1_481' title='bbox 1580 3508 1626 3564; x_wconf 93' lang='lat' dir='ltr'>sui</span> <span class='ocrx_word' id='word_1_482' title='bbox 1648 3507 1691 3565; x_wconf 90' lang='lat' dir='ltr'>la·</span> 
     </span>
     <span class='ocr_line' id='line_1_39' title="bbox 57 3596 1690 3679; baseline -0.004 -21"><span class='ocrx_word' id='word_1_483' title='bbox 57 3620 95 3659; x_wconf 77' lang='lat' dir='ltr'>rm</span> <span class='ocrx_word' id='word_1_484' title='bbox 119 3603 221 3675; x_wconf 88' lang='lat' dir='ltr'>lugere</span> <span class='ocrx_word' id='word_1_485' title='bbox 246 3603 367 3661; x_wconf 90' lang='lat' dir='ltr'>alterius</span> <span class='ocrx_word' id='word_1_486' title='bbox 392 3604 550 3662; x_wconf 88' lang='lat' dir='ltr'>consilium</span> <span class='ocrx_word' id='word_1_487' title='bbox 575 3622 629 3662; x_wconf 91' lang='lat' dir='ltr'>suo</span> <span class='ocrx_word' id='word_1_488' title='bbox 653 3606 803 3679; x_wconf 77' lang='lat' dir='ltr'>preferre,</span> <span class='ocrx_word' id='word_1_489' title='bbox 858 3604 951 3667; x_wconf 82' lang='lat' dir='ltr'>boris.</span> <span class='ocrx_word' id='word_1_490' title='bbox 972 3603 1044 3676; x_wconf 92' lang='lat' dir='ltr'>quia</span> <span class='ocrx_word' id='word_1_491' title='bbox 1058 3619 1113 3659; x_wconf 90' lang='lat' dir='ltr'>nee</span> <span class='ocrx_word' id='word_1_492' title='bbox 1133 3601 1282 3658; x_wconf 87' lang='lat' dir='ltr'>extollitur</span> <span class='ocrx_word' id='word_1_493' title='bbox 1308 3600 1339 3655; x_wconf 92' lang='lat' dir='ltr'>in</span> <span class='ocrx_word' id='word_1_494' title='bbox 1362 3615 1453 3656; x_wconf 90' lang='lat' dir='ltr'>auras</span> <span class='ocrx_word' id='word_1_495' title='bbox 1478 3613 1564 3654; x_wconf 75' lang='lat' dir='ltr'>rante</span> <span class='ocrx_word' id='word_1_496' title='bbox 1588 3596 1690 3667; x_wconf 82' lang='lat' dir='ltr'>glorias</span> 
     </span>
     <span class='ocr_line' id='line_1_40' title="bbox 57 3690 1301 3765; baseline -0.002 -18"><span class='ocrx_word' id='word_1_497' title='bbox 57 3691 101 3747; x_wconf 89' lang='lat' dir='ltr'>itis</span> <span class='ocrx_word' id='word_1_498' title='bbox 111 3692 242 3765; x_wconf 90' lang='lat' dir='ltr'>obedire,</span> <span class='ocrx_word' id='word_1_499' title='bbox 254 3693 291 3749; x_wconf 92' lang='lat' dir='ltr'>de</span> <span class='ocrx_word' id='word_1_500' title='bbox 307 3710 337 3749; x_wconf 90' lang='lat' dir='ltr'>se</span> <span class='ocrx_word' id='word_1_501' title='bbox 350 3692 495 3750; x_wconf 87' lang='lat' dir='ltr'>diffidere.</span> <span class='ocrx_word' id='word_1_502' title='bbox 522 3695 571 3749; x_wconf 75' lang='lat' dir='ltr'>Huc</span> <span class='ocrx_word' id='word_1_503' title='bbox 595 3694 742 3751; x_wconf 73' lang='lat' dir='ltr'>columnae</span> <span class='ocrx_word' id='word_1_504' title='bbox 758 3710 804 3750; x_wconf 91' lang='lat' dir='ltr'>se-</span> <span class='ocrx_word' id='word_1_505' title='bbox 858 3709 913 3749; x_wconf 89' lang='lat' dir='ltr'>nec</span> <span class='ocrx_word' id='word_1_506' title='bbox 925 3698 1015 3750; x_wconf 86' lang='lat' dir='ltr'>vento</span> <span class='ocrx_word' id='word_1_507' title='bbox 1025 3692 1140 3765; x_wconf 88' lang='lat' dir='ltr'>rapitur</span> <span class='ocrx_word' id='word_1_508' title='bbox 1154 3690 1301 3747; x_wconf 91' lang='lat' dir='ltr'>elationis.</span> 
     </span>
    </p>

    <p class='ocr_par' dir='ltr' id='par_1_5' title="bbox 57 3772 1719 4215">
     <span class='ocr_line' id='line_1_41' title="bbox 57 3772 1672 3856; baseline -0.006 -19"><span class='ocrx_word' id='word_1_509' title='bbox 57 3797 89 3853; x_wconf 86' lang='lat' dir='ltr'>tr,</span> <span class='ocrx_word' id='word_1_510' title='bbox 102 3782 280 3855; x_wconf 89' lang='lat' dir='ltr'>sculpuntur</span> <span class='ocrx_word' id='word_1_511' title='bbox 293 3787 322 3839; x_wconf 91' lang='lat' dir='ltr'>ct</span> <span class='ocrx_word' id='word_1_512' title='bbox 335 3782 497 3856; x_wconf 91' lang='lat' dir='ltr'>poliuntur.</span> <span class='ocrx_word' id='word_1_513' title='bbox 520 3785 663 3841; x_wconf 86' lang='lat' dir='ltr'>Secuntur</span> <span class='ocrx_word' id='word_1_514' title='bbox 679 3782 804 3856; x_wconf 90' lang='lat' dir='ltr'>quando</span> <span class='ocrx_word' id='word_1_515' title='bbox 877 3787 943 3841; x_wconf 76' lang='lat' dir='ltr'>Cur.</span> <span class='ocrx_word' id='word_1_516' title='bbox 958 3784 1002 3838; x_wconf 84' lang='lat' dir='ltr'>lV.</span> <span class='ocrx_word' id='word_1_517' title='bbox 1016 3783 1059 3837; x_wconf 89' lang='lat' dir='ltr'>De</span> <span class='ocrx_word' id='word_1_518' title='bbox 1073 3780 1190 3837; x_wconf 83' lang='lat' dir='ltr'>basibus</span> <span class='ocrx_word' id='word_1_519' title='bbox 1210 3779 1419 3835; x_wconf 82' lang='lat' dir='ltr'>columnarum</span> <span class='ocrx_word' id='word_1_520' title='bbox 1433 3790 1445 3832; x_wconf 92' lang='lat'>.·</span> <span class='ocrx_word' id='word_1_521' title='bbox 1467 3774 1552 3845; x_wconf 80' lang='lat' dir='ltr'>Quod</span> <span class='ocrx_word' id='word_1_522' title='bbox 1565 3779 1625 3831; x_wconf 86' lang='lat' dir='ltr'>tres</span> <span class='ocrx_word' id='word_1_523' title='bbox 1639 3772 1672 3829; x_wconf 83' lang='lat' dir='ltr'>iu</span> 
     </span>
     <span class='ocr_line' id='line_1_42' title="bbox 57 3866 1593 3946; baseline -0.007 -19"><span class='ocrx_word' id='word_1_524' title='bbox 57 3871 151 3928; x_wconf 84' lang='lat' dir='ltr'>ctione</span> <span class='ocrx_word' id='word_1_525' title='bbox 166 3872 280 3929; x_wconf 84' lang='lat' dir='ltr'>virtutis</span> <span class='ocrx_word' id='word_1_526' title='bbox 307 3889 325 3930; x_wconf 91' lang='lat' dir='ltr'>a</span> <span class='ocrx_word' id='word_1_527' title='bbox 347 3873 422 3930; x_wconf 76' lang='lat' dir='ltr'>vitiis</span> <span class='ocrx_word' id='word_1_528' title='bbox 445 3877 631 3946; x_wconf 86' lang='lat' dir='ltr'>separantur.</span> <span class='ocrx_word' id='word_1_529' title='bbox 659 3872 805 3945; x_wconf 86' lang='lat' dir='ltr'>Sculpun-</span> <span class='ocrx_word' id='word_1_530' title='bbox 952 3870 1120 3939; x_wconf 83' lang='lat' dir='ltr'>Scripturis</span> <span class='ocrx_word' id='word_1_531' title='bbox 1138 3867 1252 3923; x_wconf 82' lang='lat' dir='ltr'>bustum</span> <span class='ocrx_word' id='word_1_532' title='bbox 1264 3868 1372 3937; x_wconf 82' lang='lat' dir='ltr'>speeies</span> <span class='ocrx_word' id='word_1_533' title='bbox 1387 3866 1593 3922; x_wconf 80' lang='lat' dir='ltr'>inueniuntur.</span> 
     </span>
     <span class='ocr_line' id='line_1_43' title="bbox 57 3950 1719 4035; baseline -0.005 -19"><span class='ocrx_word' id='word_1_534' title='bbox 57 3961 169 4034; x_wconf 81' lang='lat' dir='ltr'>[nando</span> <span class='ocrx_word' id='word_1_535' title='bbox 183 3977 218 4018; x_wconf 87' lang='lat' dir='ltr'>ea</span> <span class='ocrx_word' id='word_1_536' title='bbox 242 3979 309 4035; x_wconf 72' lang='lat' dir='ltr'>quur</span> <span class='ocrx_word' id='word_1_537' title='bbox 326 3980 412 4019; x_wconf 90' lang='lat' dir='ltr'>mens</span> <span class='ocrx_word' id='word_1_538' title='bbox 432 3963 550 4033; x_wconf 87' lang='lat' dir='ltr'>cogitat,</span> <span class='ocrx_word' id='word_1_539' title='bbox 567 3977 677 4018; x_wconf 91' lang='lat' dir='ltr'>manus</span> <span class='ocrx_word' id='word_1_540' title='bbox 699 3977 804 4034; x_wconf 86' lang='lat' dir='ltr'>opera·</span> <span class='ocrx_word' id='word_1_541' title='bbox 895 3959 975 4017; x_wconf 83' lang='lat' dir='ltr'>Sicut</span> <span class='ocrx_word' id='word_1_542' title='bbox 1001 3959 1092 4015; x_wconf 88' lang='lat' dir='ltr'>bases</span> <span class='ocrx_word' id='word_1_543' title='bbox 1123 3958 1286 4030; x_wconf 67' lang='lat' dir='ltr'>suppositae</span> <span class='ocrx_word' id='word_1_544' title='bbox 1315 3954 1463 4013; x_wconf 89' lang='lat' dir='ltr'>columnis</span> <span class='ocrx_word' id='word_1_545' title='bbox 1486 3950 1690 4010; x_wconf 86' lang='lat' dir='ltr'>materialibus</span> <span class='ocrx_word' id='word_1_546' title='bbox 1715 4009 1719 4018; x_wconf 70' lang='grc'>,</span> 
     </span>
     <span class='ocr_line' id='line_1_44' title="bbox 57 4041 1689 4126; baseline -0.007 -18"><span class='ocrx_word' id='word_1_547' title='bbox 57 4050 93 4108; x_wconf 81' lang='lat' dir='ltr'>tic</span> <span class='ocrx_word' id='word_1_548' title='bbox 110 4050 250 4109; x_wconf 91' lang='lat' dir='ltr'>Salomon</span> <span class='ocrx_word' id='word_1_549' title='bbox 275 4053 306 4109; x_wconf 93' lang='lat' dir='ltr'>in</span> <span class='ocrx_word' id='word_1_550' title='bbox 321 4053 432 4126; x_wconf 88' lang='lat' dir='ltr'>templo</span> <span class='ocrx_word' id='word_1_551' title='bbox 457 4052 613 4109; x_wconf 76' lang='lat' dir='ltr'>celaturas</span> <span class='ocrx_word' id='word_1_552' title='bbox 630 4052 803 4125; x_wconf 88' lang='lat' dir='ltr'>prominen-</span> <span class='ocrx_word' id='word_1_553' title='bbox 857 4053 979 4124; x_wconf 91' lang='lat' dir='ltr'>portant</span> <span class='ocrx_word' id='word_1_554' title='bbox 991 4046 1109 4104; x_wconf 78' lang='lat' dir='ltr'>aedilicii</span> <span class='ocrx_word' id='word_1_555' title='bbox 1125 4047 1170 4102; x_wconf 91' lang='lat' dir='ltr'>sui</span> <span class='ocrx_word' id='word_1_556' title='bbox 1198 4045 1328 4120; x_wconf 88' lang='lat' dir='ltr'>pondus,</span> <span class='ocrx_word' id='word_1_557' title='bbox 1349 4044 1390 4102; x_wconf 88' lang='lat' dir='ltr'>sio</span> <span class='ocrx_word' id='word_1_558' title='bbox 1413 4042 1562 4118; x_wconf 82' lang='lat' dir='ltr'>patientiae</span> <span class='ocrx_word' id='word_1_559' title='bbox 1578 4041 1689 4114; x_wconf 60' lang='lat' dir='ltr'>uirtus,</span> 
     </span>
     <span class='ocr_line' id='line_1_45' title="bbox 60 4130 1690 4215; baseline -0.005 -20"><span class='ocrx_word' id='word_1_560' title='bbox 60 4140 135 4196; x_wconf 89' lang='lat' dir='ltr'>cisse</span> <span class='ocrx_word' id='word_1_561' title='bbox 148 4140 255 4212; x_wconf 89' lang='lat' dir='ltr'>legitur</span> <span class='ocrx_word' id='word_1_562' title='bbox 267 4144 296 4214; x_wconf 88' lang='lat' dir='ltr'>(I</span> <span class='ocrx_word' id='word_1_563' title='bbox 306 4143 377 4214; x_wconf 76' lang='lat' dir='ltr'>lieo.</span> <span class='ocrx_word' id='word_1_564' title='bbox 397 4147 442 4215; x_wconf 85' lang='lat' dir='ltr'>rr).</span> <span class='ocrx_word' id='word_1_565' title='bbox 459 4143 630 4199; x_wconf 88' lang='lat' dir='ltr'>Prorninent</span> <span class='ocrx_word' id='word_1_566' title='bbox 644 4140 802 4208; x_wconf 67' lang='lat' dir='ltr'>celaturae,</span> <span class='ocrx_word' id='word_1_567' title='bbox 858 4137 975 4196; x_wconf 80' lang='lat' dir='ltr'>aedilicii</span> <span class='ocrx_word' id='word_1_568' title='bbox 999 4135 1159 4210; x_wconf 92' lang='lat' dir='ltr'>spiritualis</span> <span class='ocrx_word' id='word_1_569' title='bbox 1182 4135 1307 4193; x_wconf 90' lang='lat' dir='ltr'>sustinet</span> <span class='ocrx_word' id='word_1_570' title='bbox 1331 4151 1421 4193; x_wconf 91' lang='lat' dir='ltr'>onus.</span> <span class='ocrx_word' id='word_1_571' title='bbox 1445 4136 1514 4190; x_wconf 90' lang='lat' dir='ltr'>Tres</span> <span class='ocrx_word' id='word_1_572' title='bbox 1538 4135 1640 4188; x_wconf 86' lang='lat' dir='ltr'>autem</span> <span class='ocrx_word' id='word_1_573' title='bbox 1658 4130 1690 4188; x_wconf 92' lang='lat' dir='ltr'>in</span> 
     </span>
    </p>
   </div>
   <div class='ocr_carea' id='block_1_5' title="bbox 57 4217 1691 4395">
    <p class='ocr_par' dir='ltr' id='par_1_6' title="bbox 57 4217 1691 4395">
     <span class='ocr_line' id='line_1_46' title="bbox 61 4217 1691 4305; baseline -0.007 -20"><span class='ocrx_word' id='word_1_574' title='bbox 61 4231 168 4286; x_wconf 89' lang='lat' dir='ltr'>mentis</span> <span class='ocrx_word' id='word_1_575' title='bbox 186 4232 379 4303; x_wconf 89' lang='lat' dir='ltr'>cogitationes</span> <span class='ocrx_word' id='word_1_576' title='bbox 395 4232 523 4289; x_wconf 86' lang='lat' dir='ltr'>exterius</span> <span class='ocrx_word' id='word_1_577' title='bbox 539 4231 729 4305; x_wconf 86' lang='lat' dir='ltr'>apparentia</span> <span class='ocrx_word' id='word_1_578' title='bbox 754 4248 803 4288; x_wconf 83' lang='lat' dir='ltr'>ex·</span> <span class='ocrx_word' id='word_1_579' title='bbox 860 4226 1016 4301; x_wconf 88' lang='lat' dir='ltr'>Scripturis</span> <span class='ocrx_word' id='word_1_580' title='bbox 1044 4226 1164 4283; x_wconf 90' lang='lat' dir='ltr'>basium</span> <span class='ocrx_word' id='word_1_581' title='bbox 1192 4224 1307 4297; x_wconf 87' lang='lat' dir='ltr'>species</span> <span class='ocrx_word' id='word_1_582' title='bbox 1341 4222 1542 4289; x_wconf 81' lang='lat' dir='ltr'>inveniuntur,</span> <span class='ocrx_word' id='word_1_583' title='bbox 1579 4217 1691 4275; x_wconf 89' lang='lat' dir='ltr'>scilicet</span> 
     </span>
     <span class='ocr_line' id='line_1_47' title="bbox 57 4307 1691 4395; baseline -0.009 -20"><span class='ocrx_word' id='word_1_584' title='bbox 57 4335 74 4375; x_wconf 90' lang='grc' dir='ltr'>ο</span> <span class='ocrx_word' id='word_1_585' title='bbox 100 4324 128 4378; x_wconf 92' lang='lat' dir='ltr'>et</span> <span class='ocrx_word' id='word_1_586' title='bbox 155 4321 335 4395; x_wconf 88' lang='lat' dir='ltr'>operatione.</span> <span class='ocrx_word' id='word_1_587' title='bbox 352 4322 420 4379; x_wconf 80' lang='lat' dir='ltr'>¹Sed</span> <span class='ocrx_word' id='word_1_588' title='bbox 445 4321 601 4395; x_wconf 91' lang='lat' dir='ltr'>quomodo</span> <span class='ocrx_word' id='word_1_589' title='bbox 627 4320 803 4395; x_wconf 84' lang='lat' dir='ltr'>poliuntur?</span> <span class='ocrx_word' id='word_1_590' title='bbox 859 4330 954 4382; x_wconf 77' lang='lat' dir='ltr'>renea,</span> <span class='ocrx_word' id='word_1_591' title='bbox 970 4316 1111 4385; x_wconf 87' lang='lat' dir='ltr'>argentea</span> <span class='ocrx_word' id='word_1_592' title='bbox 1126 4317 1269 4368; x_wconf 89' lang='lat' dir='ltr'>etaurea.</span> <span class='ocrx_word' id='word_1_593' title='bbox 1293 4313 1385 4366; x_wconf 83' lang='lat' dir='ltr'>AEnca</span> <span class='ocrx_word' id='word_1_594' title='bbox 1408 4307 1622 4376; x_wconf 84' lang='lat' dir='ltr'>fortitudinem,</span> <span class='ocrx_word' id='word_1_595' title='bbox 1645 4320 1691 4367; x_wconf 84' lang='lat' dir='ltr'>ar·</span> 
     </span>
    </p>
   </div>
   <div class='ocr_carea' id='block_1_6' title="bbox 57 4392 1689 5108">
    <p class='ocr_par' dir='ltr' id='par_1_7' title="bbox 57 4392 1689 5108">
     <span class='ocr_line' id='line_1_48' title="bbox 57 4392 1689 4476; baseline -0.008 -13"><span class='ocrx_word' id='word_1_596' title='bbox 57 4406 101 4464; x_wconf 85' lang='lat' dir='ltr'>ulo</span> <span class='ocrx_word' id='word_1_597' title='bbox 117 4409 315 4466; x_wconf 88' lang='lat' dir='ltr'>tribulationis</span> <span class='ocrx_word' id='word_1_598' title='bbox 334 4410 511 4466; x_wconf 88' lang='lat' dir='ltr'>adversitate</span> <span class='ocrx_word' id='word_1_599' title='bbox 535 4410 689 4466; x_wconf 80' lang='lat' dir='ltr'>feriuntur.</span> <span class='ocrx_word' id='word_1_600' title='bbox 717 4409 803 4476; x_wconf 83' lang='lat' dir='ltr'>Quod</span> <span class='ocrx_word' id='word_1_601' title='bbox 859 4408 966 4476; x_wconf 85' lang='lat' dir='ltr'>genten</span> <span class='ocrx_word' id='word_1_602' title='bbox 978 4419 1048 4460; x_wconf 89' lang='lat' dir='ltr'>oum</span> <span class='ocrx_word' id='word_1_603' title='bbox 1064 4400 1235 4458; x_wconf 81' lang='lat' dir='ltr'>tortitudine</span> <span class='ocrx_word' id='word_1_604' title='bbox 1250 4399 1424 4470; x_wconf 88' lang='lat' dir='ltr'>claritatem,</span> <span class='ocrx_word' id='word_1_605' title='bbox 1439 4412 1531 4454; x_wconf 91' lang='lat' dir='ltr'>aurea</span> <span class='ocrx_word' id='word_1_606' title='bbox 1545 4411 1617 4452; x_wconf 89' lang='lat' dir='ltr'>cum</span> <span class='ocrx_word' id='word_1_607' title='bbox 1629 4392 1689 4450; x_wconf 84' lang='lat' dir='ltr'>ior·</span> 
     </span>
     <span class='ocr_line' id='line_1_49' title="bbox 57 4482 1688 4572; baseline -0.007 -20"><span class='ocrx_word' id='word_1_608' title='bbox 57 4513 94 4566; x_wconf 87' lang='lat' dir='ltr'>rr,</span> <span class='ocrx_word' id='word_1_609' title='bbox 110 4499 225 4572; x_wconf 67' lang='lat' dir='ltr'>{equale</span> <span class='ocrx_word' id='word_1_610' title='bbox 240 4497 375 4554; x_wconf 86' lang='lat' dir='ltr'>efficitur.</span> <span class='ocrx_word' id='word_1_611' title='bbox 389 4498 510 4570; x_wconf 83' lang='lat' dir='ltr'>AEquale</span> <span class='ocrx_word' id='word_1_612' title='bbox 521 4515 582 4555; x_wconf 92' lang='lat' dir='ltr'>non</span> <span class='ocrx_word' id='word_1_613' title='bbox 599 4499 803 4568; x_wconf 81' lang='lat' dir='ltr'>elatnm,lreve</span> <span class='ocrx_word' id='word_1_614' title='bbox 859 4493 984 4551; x_wconf 91' lang='lat' dir='ltr'>titudine</span> <span class='ocrx_word' id='word_1_615' title='bbox 999 4496 1027 4549; x_wconf 89' lang='lat' dir='ltr'>at</span> <span class='ocrx_word' id='word_1_616' title='bbox 1054 4491 1186 4548; x_wconf 89' lang='lat' dir='ltr'>claritate</span> <span class='ocrx_word' id='word_1_617' title='bbox 1202 4490 1349 4561; x_wconf 84' lang='lat' dir='ltr'>fulgorem</span> <span class='ocrx_word' id='word_1_618' title='bbox 1372 4492 1460 4545; x_wconf 89' lang='lat' dir='ltr'>tenet.</span> <span class='ocrx_word' id='word_1_619' title='bbox 1484 4484 1635 4542; x_wconf 80' lang='lat' dir='ltr'>Fortitudo</span> <span class='ocrx_word' id='word_1_620' title='bbox 1656 4482 1688 4540; x_wconf 92' lang='lat' dir='ltr'>in</span> 
     </span>
     <span class='ocr_line' id='line_1_50' title="bbox 57 4570 1688 4662; baseline -0.01 -18"><span class='ocrx_word' id='word_1_621' title='bbox 57 4603 200 4662; x_wconf 76' lang='lat' dir='ltr'>asperum.</span> <span class='ocrx_word' id='word_1_622' title='bbox 218 4588 315 4644; x_wconf 92' lang='lat' dir='ltr'>Prima</span> <span class='ocrx_word' id='word_1_623' title='bbox 327 4586 416 4658; x_wconf 91' lang='lat' dir='ltr'>igitur</span> <span class='ocrx_word' id='word_1_624' title='bbox 429 4586 580 4654; x_wconf 91' lang='lat' dir='ltr'>columna,</span> <span class='ocrx_word' id='word_1_625' title='bbox 592 4587 622 4643; x_wconf 92' lang='lat' dir='ltr'>id</span> <span class='ocrx_word' id='word_1_626' title='bbox 638 4593 693 4653; x_wconf 87' lang='lat' dir='ltr'>est,</span> <span class='ocrx_word' id='word_1_627' title='bbox 708 4588 805 4645; x_wconf 89' lang='lat' dir='ltr'>humi·</span> <span class='ocrx_word' id='word_1_628' title='bbox 859 4600 949 4657; x_wconf 90' lang='lat' dir='ltr'>opere</span> <span class='ocrx_word' id='word_1_629' title='bbox 961 4582 1079 4639; x_wconf 93' lang='lat' dir='ltr'>claritas</span> <span class='ocrx_word' id='word_1_630' title='bbox 1093 4581 1124 4637; x_wconf 93' lang='lat' dir='ltr'>in</span> <span class='ocrx_word' id='word_1_631' title='bbox 1150 4594 1298 4649; x_wconf 88' lang='lat' dir='ltr'>sermone,</span> <span class='ocrx_word' id='word_1_632' title='bbox 1316 4577 1417 4649; x_wconf 51' lang='lat' dir='ltr'>¹fulgor</span> <span class='ocrx_word' id='word_1_633' title='bbox 1439 4577 1469 4632; x_wconf 90' lang='lat' dir='ltr'>in</span> <span class='ocrx_word' id='word_1_634' title='bbox 1492 4577 1602 4631; x_wconf 90' lang='lat' dir='ltr'>rneute.</span> <span class='ocrx_word' id='word_1_635' title='bbox 1632 4570 1688 4639; x_wconf 83' lang='lat' dir='ltr'>Qui</span> 
     </span>
     <span class='ocr_line' id='line_1_51' title="bbox 69 4662 1688 4752; baseline -0.01 -18"><span class='ocrx_word' id='word_1_636' title='bbox 69 4678 168 4735; x_wconf 86' lang='lat' dir='ltr'>cordis</span> <span class='ocrx_word' id='word_1_637' title='bbox 183 4677 303 4752; x_wconf 90' lang='lat' dir='ltr'>politur,</span> <span class='ocrx_word' id='word_1_638' title='bbox 318 4676 392 4732; x_wconf 89' lang='lat' dir='ltr'>dum</span> <span class='ocrx_word' id='word_1_639' title='bbox 401 4674 601 4748; x_wconf 65' lang='lat' dir='ltr'>[equalitatem</span> <span class='ocrx_word' id='word_1_640' title='bbox 612 4678 803 4746; x_wconf 85' lang='lat' dir='ltr'>serraldum,</span> <span class='ocrx_word' id='word_1_641' title='bbox 859 4674 889 4729; x_wconf 91' lang='lat' dir='ltr'>in</span> <span class='ocrx_word' id='word_1_642' title='bbox 903 4674 949 4728; x_wconf 89' lang='lat' dir='ltr'>his</span> <span class='ocrx_word' id='word_1_643' title='bbox 964 4672 1058 4729; x_wconf 90' lang='lat' dir='ltr'>tribus</span> <span class='ocrx_word' id='word_1_644' title='bbox 1072 4670 1246 4745; x_wconf 89' lang='lat' dir='ltr'>patientiam</span> <span class='ocrx_word' id='word_1_645' title='bbox 1261 4670 1338 4724; x_wconf 88' lang='lat' dir='ltr'>bene</span> <span class='ocrx_word' id='word_1_646' title='bbox 1363 4671 1471 4733; x_wconf 85' lang='lat' dir='ltr'>servat,</span> <span class='ocrx_word' id='word_1_647' title='bbox 1496 4664 1583 4737; x_wconf 90' lang='lat' dir='ltr'>quasi</span> <span class='ocrx_word' id='word_1_648' title='bbox 1606 4662 1688 4719; x_wconf 87' lang='lat' dir='ltr'>basis</span> 
     </span>
     <span class='ocr_line' id='line_1_52' title="bbox 57 4752 1688 4842; baseline -0.01 -19"><span class='ocrx_word' id='word_1_649' title='bbox 57 4772 245 4842; x_wconf 76' lang='lat' dir='ltr'>exasperatur</span> <span class='ocrx_word' id='word_1_650' title='bbox 258 4783 312 4841; x_wconf 91' lang='lat' dir='ltr'>per</span> <span class='ocrx_word' id='word_1_651' title='bbox 326 4765 415 4837; x_wconf 91' lang='lat' dir='ltr'>iram,</span> <span class='ocrx_word' id='word_1_652' title='bbox 430 4780 485 4821; x_wconf 90' lang='lat' dir='ltr'>neo</span> <span class='ocrx_word' id='word_1_653' title='bbox 506 4763 739 4836; x_wconf 80' lang='lat' dir='ltr'>inaequalitatem</span> <span class='ocrx_word' id='word_1_654' title='bbox 761 4781 805 4821; x_wconf 94' lang='lat' dir='ltr'>re·</span> <span class='ocrx_word' id='word_1_655' title='bbox 859 4778 952 4816; x_wconf 88' lang='lat' dir='ltr'>aurea</span> <span class='ocrx_word' id='word_1_656' title='bbox 964 4761 1108 4817; x_wconf 86' lang='lat' dir='ltr'>virtutum</span> <span class='ocrx_word' id='word_1_657' title='bbox 1121 4763 1300 4815; x_wconf 88' lang='lat' dir='ltr'>structuram</span> <span class='ocrx_word' id='word_1_658' title='bbox 1314 4756 1437 4812; x_wconf 86' lang='lat' dir='ltr'>firmiter</span> <span class='ocrx_word' id='word_1_659' title='bbox 1450 4758 1558 4826; x_wconf 87' lang='lat' dir='ltr'>portat.</span> <span class='ocrx_word' id='word_1_660' title='bbox 1575 4752 1624 4808; x_wconf 90' lang='lat' dir='ltr'>llis</span> <span class='ocrx_word' id='word_1_661' title='bbox 1637 4752 1688 4808; x_wconf 91' lang='lat' dir='ltr'>tri·</span> 
     </span>
     <span class='ocr_line' id='line_1_53' title="bbox 59 4841 1687 4930; baseline -0.01 -17"><span class='ocrx_word' id='word_1_662' title='bbox 59 4855 217 4930; x_wconf 70' lang='lat' dir='ltr'>superbiae,</span> <span class='ocrx_word' id='word_1_663' title='bbox 233 4873 301 4929; x_wconf 79' lang='lat' dir='ltr'>quoe</span> <span class='ocrx_word' id='word_1_664' title='bbox 321 4855 377 4911; x_wconf 86' lang='lat' dir='ltr'>sibi</span> <span class='ocrx_word' id='word_1_665' title='bbox 390 4855 507 4911; x_wconf 90' lang='lat' dir='ltr'>nullum</span> <span class='ocrx_word' id='word_1_666' title='bbox 529 4854 680 4910; x_wconf 86' lang='lat' dir='ltr'>existimat</span> <span class='ocrx_word' id='word_1_667' title='bbox 702 4870 804 4927; x_wconf 78' lang='lat' dir='ltr'>aequa·</span> <span class='ocrx_word' id='word_1_668' title='bbox 859 4850 916 4905; x_wconf 89' lang='lat' dir='ltr'>bus</span> <span class='ocrx_word' id='word_1_669' title='bbox 932 4865 1004 4903; x_wconf 88' lang='lat' dir='ltr'>usus</span> <span class='ocrx_word' id='word_1_670' title='bbox 1017 4852 1062 4903; x_wconf 89' lang='lat' dir='ltr'>est</span> <span class='ocrx_word' id='word_1_671' title='bbox 1074 4850 1187 4918; x_wconf 80' lang='lat' dir='ltr'>Moyses</span> <span class='ocrx_word' id='word_1_672' title='bbox 1208 4845 1239 4901; x_wconf 93' lang='lat' dir='ltr'>in</span> <span class='ocrx_word' id='word_1_673' title='bbox 1262 4843 1469 4900; x_wconf 91' lang='lat' dir='ltr'>constitutione</span> <span class='ocrx_word' id='word_1_674' title='bbox 1491 4841 1687 4912; x_wconf 87' lang='lat' dir='ltr'>tabernaculi,</span> 
     </span>
     <span class='ocr_line' id='line_1_54' title="bbox 60 4931 1687 5016; baseline -0.01 -15"><span class='ocrx_word' id='word_1_675' title='bbox 60 4945 114 5001; x_wconf 89' lang='lat' dir='ltr'>scd</span> <span class='ocrx_word' id='word_1_676' title='bbox 127 4944 253 5002; x_wconf 85' lang='lat' dir='ltr'>efficitur</span> <span class='ocrx_word' id='word_1_677' title='bbox 265 4961 316 5002; x_wconf 91' lang='lat' dir='ltr'>cor</span> <span class='ocrx_word' id='word_1_678' title='bbox 330 4948 390 5002; x_wconf 85' lang='lat' dir='ltr'>lleo</span> <span class='ocrx_word' id='word_1_679' title='bbox 403 4944 568 5011; x_wconf 88' lang='lat' dir='ltr'>subditum,</span> <span class='ocrx_word' id='word_1_680' title='bbox 582 4942 719 5016; x_wconf 86' lang='lat' dir='ltr'>proximo</span> <span class='ocrx_word' id='word_1_681' title='bbox 733 4941 806 4998; x_wconf 89' lang='lat' dir='ltr'>ami·</span> <span class='ocrx_word' id='word_1_682' title='bbox 861 4953 944 4992; x_wconf 69' lang='lat' dir='ltr'>asnaa</span> <span class='ocrx_word' id='word_1_683' title='bbox 967 4935 1088 5004; x_wconf 87' lang='lat' dir='ltr'>scilicet,</span> <span class='ocrx_word' id='word_1_684' title='bbox 1113 4937 1253 5003; x_wconf 85' lang='lat' dir='ltr'>argentea</span> <span class='ocrx_word' id='word_1_685' title='bbox 1277 4937 1305 4987; x_wconf 90' lang='lat' dir='ltr'>et</span> <span class='ocrx_word' id='word_1_686' title='bbox 1325 4947 1417 4988; x_wconf 88' lang='lat' dir='ltr'>aurea</span> <span class='ocrx_word' id='word_1_687' title='bbox 1444 4931 1553 5002; x_wconf 75' lang='lat' dir='ltr'>(duod.</span> <span class='ocrx_word' id='word_1_688' title='bbox 1580 4932 1687 5004; x_wconf 77' lang='lat' dir='ltr'>xxxta).</span> 
     </span>
     <span class='ocr_line' id='line_1_55' title="bbox 70 5017 1689 5108; baseline -0.011 -15"><span class='ocrx_word' id='word_1_689' title='bbox 70 5035 101 5092; x_wconf 90' lang='lat' dir='ltr'>in</span> <span class='ocrx_word' id='word_1_690' title='bbox 124 5050 155 5091; x_wconf 84' lang='lat' dir='ltr'>se</span> <span class='ocrx_word' id='word_1_691' title='bbox 176 5035 357 5091; x_wconf 89' lang='lat' dir='ltr'>modestum.</span> <span class='ocrx_word' id='word_1_692' title='bbox 379 5033 541 5108; x_wconf 83' lang='lat' dir='ltr'>AEqualilus</span> <span class='ocrx_word' id='word_1_693' title='bbox 563 5032 670 5089; x_wconf 89' lang='lat' dir='ltr'>mentis</span> <span class='ocrx_word' id='word_1_694' title='bbox 694 5031 818 5089; x_wconf 82' lang='lat' dir='ltr'>lincam</span> <span class='ocrx_word' id='word_1_695' title='bbox 859 5023 1023 5082; x_wconf 86' lang='lat' dir='ltr'>AEdilicarit</span> <span class='ocrx_word' id='word_1_696' title='bbox 1037 5024 1153 5093; x_wconf 87' lang='lat' dir='ltr'>lloyses</span> <span class='ocrx_word' id='word_1_697' title='bbox 1167 5017 1406 5088; x_wconf 85' lang='lat' dir='ltr'>tabernaculum,</span> <span class='ocrx_word' id='word_1_698' title='bbox 1427 5020 1510 5093; x_wconf 89' lang='lat' dir='ltr'>quod</span> <span class='ocrx_word' id='word_1_699' title='bbox 1537 5019 1689 5077; x_wconf 88' lang='lat' dir='ltr'>moraliter</span> 
     </span>
    </p>
   </div>
   <div class='ocr_carea' id='block_1_7' title="bbox 55 5106 1689 5287">
    <p class='ocr_par' dir='ltr' id='par_1_8' title="bbox 55 5106 1689 5287">
     <span class='ocr_line' id='line_1_56' title="bbox 57 5106 1689 5196; baseline -0.01 -17"><span class='ocrx_word' id='word_1_700' title='bbox 57 5129 71 5181; x_wconf 86' lang='lat' dir='ltr'>t</span> <span class='ocrx_word' id='word_1_701' title='bbox 93 5123 254 5196; x_wconf 87' lang='lat' dir='ltr'>religionis.</span> <span class='ocrx_word' id='word_1_702' title='bbox 283 5126 358 5182; x_wconf 88' lang='lat' dir='ltr'>Sunt</span> <span class='ocrx_word' id='word_1_703' title='bbox 384 5124 465 5181; x_wconf 91' lang='lat' dir='ltr'>enim</span> <span class='ocrx_word' id='word_1_704' title='bbox 488 5122 624 5196; x_wconf 87' lang='lat' dir='ltr'>quidam,</span> <span class='ocrx_word' id='word_1_705' title='bbox 650 5122 702 5195; x_wconf 91' lang='lat' dir='ltr'>qui</span> <span class='ocrx_word' id='word_1_706' title='bbox 725 5136 805 5176; x_wconf 86' lang='lat' dir='ltr'>rrunc</span> <span class='ocrx_word' id='word_1_707' title='bbox 859 5113 998 5184; x_wconf 88' lang='lat' dir='ltr'>designat</span> <span class='ocrx_word' id='word_1_708' title='bbox 1012 5111 1176 5166; x_wconf 82' lang='lat' dir='ltr'>claustrum</span> <span class='ocrx_word' id='word_1_709' title='bbox 1200 5107 1591 5183; x_wconf 72' lang='lat' dir='ltr'>animia.T1·iupossurnus</span> <span class='ocrx_word' id='word_1_710' title='bbox 1616 5106 1689 5163; x_wconf 88' lang='lat' dir='ltr'>assi·</span> 
     </span>
     <span class='ocr_line' id='line_1_57' title="bbox 55 5197 1689 5287; baseline -0.004 -28"><span class='ocrx_word' id='word_1_711' title='bbox 55 5215 133 5272; x_wconf 78' lang='lat' dir='ltr'>tione</span> <span class='ocrx_word' id='word_1_712' title='bbox 148 5214 246 5272; x_wconf 70' lang='lat' dir='ltr'>camis</span> <span class='ocrx_word' id='word_1_713' title='bbox 259 5219 462 5287; x_wconf 48' lang='lat' dir='ltr'>macerantur,</span> <span class='ocrx_word' id='word_1_714' title='bbox 482 5230 563 5270; x_wconf 72' lang='lat' dir='ltr'>flung</span> <span class='ocrx_word' id='word_1_715' title='bbox 588 5213 626 5269; x_wconf 76' lang='lat' dir='ltr'>gd</span> <span class='ocrx_word' id='word_1_716' title='bbox 641 5212 738 5269; x_wconf 73' lang='lat' dir='ltr'>carnis</span> <span class='ocrx_word' id='word_1_717' title='bbox 752 5227 804 5267; x_wconf 84' lang='lat' dir='ltr'>vo.</span> <span class='ocrx_word' id='word_1_718' title='bbox 860 5218 951 5274; x_wconf 70' lang='lat' dir='ltr'>gnate</span> <span class='ocrx_word' id='word_1_719' title='bbox 967 5198 1169 5265; x_wconf 68' lang='lat' dir='ltr'>tabernacula,</span> <span class='ocrx_word' id='word_1_720' title='bbox 1186 5197 1296 5255; x_wconf 66' lang='lat' dir='ltr'>Scilicet</span> <span class='ocrx_word' id='word_1_721' title='bbox 1309 5198 1472 5263; x_wconf 72' lang='grc' dir='ltr'>ΠΙᾶῙθΓῘὶῑῙΘ,</span> <span class='ocrx_word' id='word_1_722' title='bbox 1490 5197 1649 5270; x_wconf 78' lang='lat' dir='ltr'>mysticum</span> <span class='ocrx_word' id='word_1_723' title='bbox 1660 5197 1689 5252; x_wconf 69' lang='lat' dir='ltr'>et</span> 
     </span>
    </p>
   </div>
   <div class='ocr_carea' id='block_1_8' title="bbox 57 5284 1693 5733">
    <p class='ocr_par' dir='ltr' id='par_1_9' title="bbox 57 5284 1693 5733">
     <span class='ocr_line' id='line_1_58' title="bbox 58 5284 1689 5376; baseline -0.011 -16"><span class='ocrx_word' id='word_1_724' title='bbox 58 5307 118 5361; x_wconf 86' lang='lat' dir='ltr'>tem</span> <span class='ocrx_word' id='word_1_725' title='bbox 131 5308 331 5375; x_wconf 87' lang='lat' dir='ltr'>revertuntur,</span> <span class='ocrx_word' id='word_1_726' title='bbox 348 5319 427 5376; x_wconf 86' lang='lat' dir='ltr'>soepe</span> <span class='ocrx_word' id='word_1_727' title='bbox 442 5302 566 5373; x_wconf 88' lang='lat' dir='ltr'>vigilant</span> <span class='ocrx_word' id='word_1_728' title='bbox 578 5302 642 5358; x_wconf 91' lang='lat' dir='ltr'>aliis</span> <span class='ocrx_word' id='word_1_729' title='bbox 656 5300 805 5357; x_wconf 85' lang='lat' dir='ltr'>dorrnicn·</span> <span class='ocrx_word' id='word_1_730' title='bbox 858 5291 982 5360; x_wconf 88' lang='lat' dir='ltr'>morule,</span> <span class='ocrx_word' id='word_1_731' title='bbox 997 5291 1027 5346; x_wconf 91' lang='lat' dir='ltr'>id</span> <span class='ocrx_word' id='word_1_732' title='bbox 1042 5293 1087 5345; x_wconf 88' lang='lat' dir='ltr'>est</span> <span class='ocrx_word' id='word_1_733' title='bbox 1101 5287 1328 5346; x_wconf 90' lang='lat' dir='ltr'>tabernaculum</span> <span class='ocrx_word' id='word_1_734' title='bbox 1340 5288 1441 5360; x_wconf 82' lang='lat' dir='ltr'>lttoysi,</span> <span class='ocrx_word' id='word_1_735' title='bbox 1458 5284 1689 5344; x_wconf 84' lang='lat' dir='ltr'>tabernaculum</span> 
     </span>
     <span class='ocr_line' id='line_1_59' title="bbox 57 5372 1689 5465; baseline -0.012 -18"><span class='ocrx_word' id='word_1_736' title='bbox 57 5392 132 5456; x_wconf 87' lang='lat' dir='ltr'>,sed</span> <span class='ocrx_word' id='word_1_737' title='bbox 145 5392 256 5465; x_wconf 86' lang='lat' dir='ltr'>saepius</span> <span class='ocrx_word' id='word_1_738' title='bbox 266 5391 421 5448; x_wconf 91' lang='lat' dir='ltr'>dormiunt</span> <span class='ocrx_word' id='word_1_739' title='bbox 435 5390 500 5447; x_wconf 89' lang='lat' dir='ltr'>aliis</span> <span class='ocrx_word' id='word_1_740' title='bbox 512 5388 712 5461; x_wconf 83' lang='lat' dir='ltr'>vigliantibus.</span> <span class='ocrx_word' id='word_1_741' title='bbox 722 5392 804 5444; x_wconf 76' lang='lat' dir='ltr'>Nunc</span> <span class='ocrx_word' id='word_1_742' title='bbox 850 5381 976 5452; x_wconf 86' lang='lat' dir='ltr'>.Clu·isti,</span> <span class='ocrx_word' id='word_1_743' title='bbox 991 5378 1220 5437; x_wconf 89' lang='lat' dir='ltr'>tabernaculum</span> <span class='ocrx_word' id='word_1_744' title='bbox 1230 5376 1389 5450; x_wconf 75' lang='lat' dir='ltr'>quuslibet</span> <span class='ocrx_word' id='word_1_745' title='bbox 1399 5375 1481 5447; x_wconf 87' lang='lat' dir='ltr'>justi.</span> <span class='ocrx_word' id='word_1_746' title='bbox 1502 5372 1689 5432; x_wconf 88' lang='lat' dir='ltr'>Tabcruaou-</span> 
     </span>
     <span class='ocr_line' id='line_1_60' title="bbox 57 5460 1688 5550; baseline -0.013 -13"><span class='ocrx_word' id='word_1_747' title='bbox 57 5480 110 5540; x_wconf 85' lang='lat' dir='ltr'>dla.</span> <span class='ocrx_word' id='word_1_748' title='bbox 127 5496 206 5537; x_wconf 91' lang='lat' dir='ltr'>nunc</span> <span class='ocrx_word' id='word_1_749' title='bbox 218 5480 369 5549; x_wconf 90' lang='lat' dir='ltr'>sublimia,</span> <span class='ocrx_word' id='word_1_750' title='bbox 382 5496 462 5536; x_wconf 90' lang='lat' dir='ltr'>nuuc</span> <span class='ocrx_word' id='word_1_751' title='bbox 471 5478 594 5549; x_wconf 88' lang='lat' dir='ltr'>blanda,</span> <span class='ocrx_word' id='word_1_752' title='bbox 607 5493 686 5533; x_wconf 82' lang='lat' dir='ltr'>nrrnc</span> <span class='ocrx_word' id='word_1_753' title='bbox 697 5491 804 5550; x_wconf 86' lang='lat' dir='ltr'>aspera</span> <span class='ocrx_word' id='word_1_754' title='bbox 857 5472 921 5528; x_wconf 91' lang='lat' dir='ltr'>lum</span> <span class='ocrx_word' id='word_1_755' title='bbox 934 5471 1024 5544; x_wconf 81' lang='lat' dir='ltr'>Moysi</span> <span class='ocrx_word' id='word_1_756' title='bbox 1044 5470 1099 5528; x_wconf 87' lang='lat' dir='ltr'>luit</span> <span class='ocrx_word' id='word_1_757' title='bbox 1112 5487 1147 5527; x_wconf 89' lang='lat' dir='ltr'>ex</span> <span class='ocrx_word' id='word_1_758' title='bbox 1159 5468 1282 5526; x_wconf 90' lang='lat' dir='ltr'>diversis</span> <span class='ocrx_word' id='word_1_759' title='bbox 1297 5471 1509 5525; x_wconf 88' lang='lat' dir='ltr'>ornamentum</span> <span class='ocrx_word' id='word_1_760' title='bbox 1527 5460 1688 5533; x_wconf 82' lang='lat' dir='ltr'>generibus</span> 
     </span>
     <span class='ocr_line' id='line_1_61' title="bbox 57 5553 1690 5639; baseline -0.01 -13"><span class='ocrx_word' id='word_1_761' title='bbox 57 5573 150 5637; x_wconf 76' lang='lat' dir='ltr'>intur,</span> <span class='ocrx_word' id='word_1_762' title='bbox 173 5586 253 5627; x_wconf 89' lang='lat' dir='ltr'>nuno</span> <span class='ocrx_word' id='word_1_763' title='bbox 277 5570 313 5627; x_wconf 91' lang='lat' dir='ltr'>dc</span> <span class='ocrx_word' id='word_1_764' title='bbox 329 5570 481 5636; x_wconf 84' lang='lat' dir='ltr'>tratribus,</span> <span class='ocrx_word' id='word_1_765' title='bbox 509 5584 588 5623; x_wconf 89' lang='lat' dir='ltr'>nunc</span> <span class='ocrx_word' id='word_1_766' title='bbox 614 5566 651 5624; x_wconf 90' lang='lat' dir='ltr'>dc</span> <span class='ocrx_word' id='word_1_767' title='bbox 676 5564 804 5639; x_wconf 83' lang='lat' dir='ltr'>parcuti-</span> <span class='ocrx_word' id='word_1_768' title='bbox 857 5561 1037 5617; x_wconf 81' lang='lat' dir='ltr'>conveniens</span> <span class='ocrx_word' id='word_1_769' title='bbox 1062 5564 1218 5618; x_wconf 88' lang='lat' dir='ltr'>structura.</span> <span class='ocrx_word' id='word_1_770' title='bbox 1249 5553 1486 5615; x_wconf 86' lang='lat' dir='ltr'>Tabernaculurn</span> <span class='ocrx_word' id='word_1_771' title='bbox 1510 5553 1615 5612; x_wconf 85' lang='lat' dir='ltr'>Christi</span> <span class='ocrx_word' id='word_1_772' title='bbox 1637 5556 1690 5609; x_wconf 90' lang='lat' dir='ltr'>est.</span> 
     </span>
     <span class='ocr_line' id='line_1_62' title="bbox 57 5641 1693 5733; baseline -0.009 -16"><span class='ocrx_word' id='word_1_773' title='bbox 57 5658 232 5733; x_wconf 88' lang='lat' dir='ltr'>gloriantur,</span> <span class='ocrx_word' id='word_1_774' title='bbox 260 5677 341 5717; x_wconf 90' lang='lat' dir='ltr'>nunc</span> <span class='ocrx_word' id='word_1_775' title='bbox 366 5658 441 5717; x_wconf 82' lang='lat' dir='ltr'>uilril</span> <span class='ocrx_word' id='word_1_776' title='bbox 471 5656 527 5714; x_wconf 87' lang='lat' dir='ltr'>uisi</span> <span class='ocrx_word' id='word_1_777' title='bbox 554 5655 666 5714; x_wconf 90' lang='lat' dir='ltr'>ordinis</span> <span class='ocrx_word' id='word_1_778' title='bbox 694 5643 805 5713; x_wconf 81' lang='lat' dir='ltr'>statuta</span> <span class='ocrx_word' id='word_1_779' title='bbox 870 5648 1248 5710; x_wconf 81' lang='lat' dir='ltr'>Ecclesialaberuaculum</span> <span class='ocrx_word' id='word_1_780' title='bbox 1253 5647 1331 5720; x_wconf 86' lang='lat' dir='ltr'>justi</span> <span class='ocrx_word' id='word_1_781' title='bbox 1339 5641 1579 5718; x_wconf 82' lang='lat' dir='ltr'>quulibctsrdclis</span> <span class='ocrx_word' id='word_1_782' title='bbox 1590 5641 1693 5703; x_wconf 80' lang='lat' dir='ltr'>anime</span> 
     </span>
    </p>
   </div>
   <div class='ocr_carea' id='block_1_9' title="bbox 0 0 1878 6082">
    <p class='ocr_par' dir='ltr' id='par_1_10' title="bbox 0 0 1878 6082">
     <span class='ocr_line' id='line_1_63' title="bbox 0 0 1878 6082; baseline 0 0"><span class='ocrx_word' id='word_1_783' title='bbox 0 0 1878 6082; x_wconf 95' lang='lat' dir='ltr'> </span> 
     </span>
    </p>
   </div>
  </div>
 </body>
</html>
