3742 6082
82 252 139 313 tos
555 262 610 320 Dii
627 261 832 324 vermem
850 255 986 317 MUNDI
1014 257 1135 319 LIBER
1152 260 1314 322 PRIMUS.
1735 213 1790 325 iio

83 402 281 445 successurus
289 393 474 448 nasceretur.
482 392 572 450 Nunc
578 398 680 452 autem
687 395 909 470 qualiscunque
923 388 951 446 A
964 407 1026 448 una
1040 397 1143 450 tamen
1158 396 1302 452 omnibus
1314 401 1360 453 est
1373 399 1549 472 proficiendi
1564 400 1719 471 voluntas,
1730 401 1789 461 hoc

81 476 256 534 infelicitati
282 482 394 535 nostrae
416 482 583 540 consolatio
612 485 769 553 tribuitur,
787 484 910 558 quando
964 485 1066 538 autem
1081 484 1145 539 sive
1160 485 1257 541 otium
1272 487 1789 560 negotiosum,sivenegotiumotio

81 566 115 636 ii,
129 567 184 638 qui
207 567 372 623 morientes
392 569 515 625 retineri
541 586 603 627 non
617 577 757 645 possunt,
772 589 826 646 per
840 589 909 629 nas·
964 585 1032 625 sum
1046 571 1262 644 appellandum
1275 575 1325 645 sit,
1348 573 1466 632 cn'nctis
1491 577 1636 634 humanis
1661 578 1786 635 actioni·

81 657 185 711 centes
197 658 421 727 restaurantur,
431 661 466 713 ut
479 660 552 730 quia
566 676 685 733 semper
696 665 909 734 permanentes
962 659 1022 715 bus
1035 665 1089 716 tuo
1103 676 1224 734 quoque
1231 663 1346 734 judicio
1361 664 1583 736 praeferendum
1598 667 1789 737 existimo‚eo

82 743 194 799 habere
204 759 266 800 non
279 760 454 816 possumus,
464 747 573 803 saltem
583 764 702 821 semper
714 751 909 806 succedentes
963 748 1045 821 quod
1072 749 1150 805 nihil
1177 752 1408 821 transitorium,
1438 753 1515 808 nihil
1534 754 1707 825 caducum,
1735 755 1788 811 sed

80 830 241 887 habemus.
266 831 477 905 Suscipiamus
501 851 589 907 ergo,
613 838 676 893 imo
700 840 908 895 sustineamus
963 838 1045 909 quod
1059 842 1207 894 aeternum
1222 843 1268 895 est
1282 842 1439 912 sapientiae
1455 842 1556 911 decus,
1572 859 1626 915 per
1638 843 1670 898 id
1682 845 1788 901 menti·

80 919 295 993 qualecunque
305 921 363 977 hoc
371 922 484 979 doloris
493 926 589 981 nostri
597 927 836 997 remedium,sed
845 942 908 984 non
961 925 1021 980 bus
1047 926 1203 996 inseritur,
1232 930 1263 982 et
1277 928 1365 982 radix
1379 929 1444 1000 ejus
1461 930 1593 1001 amplius
1607 946 1669 986 non
1691 931 1787 986 eredi-

79 1008 113 1064 in
143 1023 178 1064 eo
205 1013 350 1080 putemus
373 1026 439 1066 esse
462 1012 617 1070 felicitatis
639 1015 905 1072 oblectamentum.
961 1013 1059 1070 canda
1072 1013 1239 1087 plantatur.
1250 1015 1286 1070 D.
1301 1015 1406 1086 Imago
1420 1018 1558 1073 veritatis
1572 1018 1651 1074 fallit
1666 1020 1787 1075 teNam

80 1096 259 1153 Laudamus
285 1099 451 1171 potionem,
480 1117 573 1173 quam
602 1103 726 1175 quidem
748 1119 809 1160 non
840 1105 907 1160 sinc
962 1106 992 1158 et
1005 1103 1066 1158 ista
1081 1107 1128 1159 est
1141 1104 1329 1159 consuetudo
1344 1104 1452 1159 mundi
1464 1105 1568 1176 hujus,
1593 1110 1628 1161 ut
1647 1106 1679 1162 id
1703 1107 1787 1179 quod

79 1185 503 1258 amaritudinebibimus,non
510 1191 576 1246 sine
582 1193 712 1248 tortione
722 1196 906 1263 eructamus,
960 1193 1061 1263 magis
1070 1192 1108 1248 ad
1123 1193 1243 1249 animos
1256 1193 1418 1250 hominum
1432 1194 1486 1250 illa
1500 1195 1656 1266 queandos
1670 1211 1785 1268 praepa·

79 1273 155 1346 quia
167 1274 313 1345 majorem
327 1280 356 1331 et
372 1277 587 1349 periculosiore
600 1295 655 1352 per
678 1296 745 1336 eam
761 1282 906 1338 amaritu-
960 1284 1019 1350 rat,
1033 1296 1070 1337 ne
1085 1282 1184 1336 caveri
1203 1285 1257 1337 aut
1268 1282 1362 1338 vitari
1374 1283 1472 1355 possit
1488 1282 1620 1354 quadam
1643 1282 1787 1340 similitu·

78 1361 184 1418 dinem
193 1363 383 1435 expellimus.
394 1364 425 1421 Si
436 1366 665 1423 consideramus
676 1368 907 1426 delectationem
961 1368 1032 1425 dine
1045 1369 1185 1425 veritatis
1198 1371 1326 1427 intexat.
1343 1372 1436 1427 Error
1450 1372 1532 1427 enim
1547 1370 1670 1442 qnando
1693 1373 1788 1429 mani·

78 1451 329 1521 concumbentis,
359 1454 585 1511 consideremus
613 1457 705 1512 etiam
731 1459 907 1530 augustiam
961 1457 1071 1513 festius
1083 1459 1270 1529 agnoscitur,
1295 1462 1383 1516 tanto
1406 1460 1497 1515 citius
1515 1461 1707 1532 reprobatur.
1733 1461 1788 1516 Oc-

78 1540 290 1611 parturientis.
305 1541 344 1597 Et
359 1547 392 1599 ut
405 1543 528 1601 interim
544 1548 699 1603 taceamus
711 1547 788 1603 alias
803 1547 908 1604 moles
961 1545 1063 1602 cultus
1079 1551 1182 1603 autem
1197 1547 1270 1603 dum
1286 1549 1362 1604 ioris
1376 1549 1505 1621 speciem
1520 1549 1660 1605 veritatis
1679 1551 1786 1620 erexit,

78 1626 141 1683 tias
155 1631 186 1683 et
205 1628 481 1702 incommoditates,
497 1649 567 1706 quae
590 1635 781 1708 voluptatem
805 1637 907 1693 carnis
960 1633 1046 1690 intus
1059 1649 1212 1691 venenum
1224 1635 1369 1692 falsitatis
1384 1636 1529 1692 infundit.
1547 1631 1634 1693 Talia
1648 1638 1788 1694 suntista

79 1719 262 1788 sequuntur,
277 1719 351 1789 quia
365 1720 433 1792 ipsa
447 1723 477 1776 et
492 1722 628 1793 vigorem
640 1723 811 1780 naturalem
822 1724 905 1780 fran·
921 1735 948 1795 Β
961 1737 1023 1778 non
1036 1723 1204 1795 sapientiae,
1214 1723 1268 1778 sed
1279 1723 1439 1780 dementias
1454 1725 1598 1781 humanae
1612 1725 1715 1781 studia
1724 1727 1788 1798 qui·

78 1803 136 1875 git,
151 1808 314 1862 etomnem
337 1808 485 1865 virtutem
500 1813 594 1882 atque
616 1809 753 1867 decorem
772 1814 909 1885 corporis
962 1811 1021 1867 bus
1034 1811 1244 1884 imprudentes
1259 1815 1289 1867 et
1303 1812 1392 1868 stulti
1406 1818 1470 1869 tarn
1484 1813 1588 1870 inutili
1609 1829 1703 1886 quam
1725 1830 1789 1887 per·

77 1896 145 1948 tam
168 1893 253 1950 intus
276 1909 371 1966 quarn
394 1899 482 1952 extra
504 1912 706 1954 emarcescere
729 1899 801 1956 facit
816 1917 822 1955 :
837 1901 909 1973 quis
963 1899 1056 1955 tinaci
1076 1899 1180 1955 labore
1203 1903 1331 1955 naturas
1359 1915 1459 1955 rerum
1481 1901 1656 1973 inquirunt,
1675 1902 1787 1958 Aucto·

79 1980 179 2037 dicere
190 1985 301 2055 potest,
311 1984 371 2040 nisi
381 1986 435 2057 qui
447 1990 591 2058 expertus
601 1990 657 2057 est,
665 1990 800 2060 quantus
809 1988 907 2058 labor,
962 2002 1025 2042 rem
1040 2002 1111 2043 vero
1127 2002 1230 2056 suum,
1243 1990 1274 2044 et
1285 1991 1466 2042 naturarum
1481 1988 1574 2043 simul
1586 1988 1724 2045 omnium
1739 1993 1787 2045 ar·

79 2072 199 2141 quanta
213 2070 354 2127 molestia
369 2074 409 2128 sit
432 2074 568 2131 infantes
582 2076 731 2148 excipere,
746 2080 777 2132 et
799 2080 909 2149 praeter
962 2075 1072 2131 tiiicem
1097 2076 1252 2146 ignorant,
1276 2079 1307 2130 et
1328 2078 1430 2130 tamen
1455 2085 1590 2147 quaerere
1613 2074 1785 2147 negligunt,

79 2161 206 2214 caeteras
224 2159 376 2230 miserias,
392 2178 462 2234 quas
485 2164 585 2234 magis
599 2165 734 2221 tacendae
749 2170 833 2237 sunt,
847 2166 907 2222 lac·
961 2165 1051 2235 quasi
1065 2165 1132 2220 sine
1146 2165 1211 2220 Deo
1222 2167 1277 2220 aut
1290 2164 1404 2220 veritas
1419 2163 1517 2235 possit
1526 2164 1660 2220 inveniri
1675 2168 1730 2220 aut
1744 2165 1787 2221 te·

79 2248 156 2316 tare,
167 2246 307 2319 educare,
316 2251 443 2320 nutrire,
450 2267 560 2323 pueros
571 2253 733 2324 instruere,
747 2254 908 2327 disciplina
960 2250 1062 2308 licitas
1076 2251 1234 2324 possideri.
1269 2251 1309 2306 Et
1335 2255 1370 2307 ut
1396 2252 1531 2323 apertius
1551 2251 1652 2307 adhuc
1677 2266 1784 2323 agnos

78 2334 195 2407 pariter
209 2339 239 2392 st
251 2337 379 2393 scientia
393 2339 570 2411 informare,
583 2345 614 2397 et
624 2341 663 2397 ad
672 2341 841 2413 legitimam
857 2359 906 2399 us·
961 2355 1013 2397 cas
1027 2356 1120 2413 quam
1132 2341 1335 2409 infructuosa,
1348 2339 1411 2395 imo
1422 2355 1516 2412 quam
1530 2339 1702 2411 perniciosa
1724 2341 1787 2397 siut

79 2438 140 2495 qus
154 2427 274 2480 aetatem
290 2425 470 2498 perducere?
484 2428 559 2494 Quis
571 2445 633 2486 non
645 2432 722 2487 satis
736 2446 804 2488 care
814 2431 907 2488 unius
962 2428 1064 2485 studia
1077 2429 1151 2498 haec,
1167 2429 1286 2485 animos
1301 2443 1363 2483 non
1376 2427 1476 2484 solum
1492 2427 1531 2483 ad
1545 2428 1787 2498 cognoscendam

77 2512 179 2568 noctis
202 2512 433 2572 delectationem
456 2517 564 2573 emisse
588 2534 621 2574 se
645 2518 736 2588 dicat,
753 2534 847 2593 quam
862 2523 908 2576 tot
960 2517 1120 2575 veritatem
1137 2516 1390 2585 ncnilluminant‚
1400 2515 1496 2572 sedne
1507 2517 1670 2573 veritatem
1682 2532 1788 2588 agnos·

78 2616 232 2658 annorum
246 2603 350 2660 labore
362 2609 393 2660 et
407 2621 480 2661 cura
493 2607 728 2679 recompensat?
740 2607 772 2664 Si
785 2608 842 2664 hoc
856 2625 908 2665 nu·
961 2622 1027 2663 cere
1041 2607 1170 2679 possint,
1186 2621 1312 2678 prorsus
1326 2608 1488 2661 excaecant.
1505 2605 1788 2678 Rapinntenimcor

78 2690 187 2747 bentes
210 2693 366 2749 attendere
388 2693 512 2765 vellent,
528 2700 609 2752 certe
622 2697 654 2752 in
676 2697 794 2769 nuptiis
807 2699 908 2768 magis
961 2696 1096 2753 hominis
1110 2699 1141 2751 et
1152 2695 1377 2768 quodammodo
1384 2699 1471 2751 extra
1483 2696 1681 2767 semetipsum
1691 2694 1787 2750 abdu-

78 2778 215 2836 flendum
231 2796 324 2853 quam
345 2782 505 2838 ridendum
520 2784 580 2839 sibi
602 2784 666 2839 fore
681 2789 905 2854 cognoscerent.
961 2789 1045 2855 cunt,
1060 2785 1180 2841 utdum
1195 2784 1234 2840 ad
1247 2784 1318 2854 alia,
1334 2799 1402 2856 quae
1415 2783 1454 2838 ad
1469 2798 1532 2838 rem
1545 2798 1607 2838 non
1620 2783 1785 2854 pertinent,

78 2867 827 2944 Nuncautemquasimodicaeisconcupiscentiae
840 2889 908 2930 esca
961 2872 1181 2928 consideranda
1196 2873 1339 2942 trahitur,
1352 2872 1391 2928 ad
1415 2872 1713 2944 circomspectionem
1737 2871 1786 2925 sui

78 2956 115 3012 iu
130 2956 221 3014 hamo
236 2960 434 3031 anteponitur
447 2963 483 3016 ut
498 2960 536 3015 ad
550 2959 649 3015 diram
658 2960 774 3017 laboris
784 2965 814 3018 et
825 2961 907 3018 dolo·
961 2961 1087 3016 minime
1101 2964 1279 3017 revertatur.
1296 2961 1345 3017 Sic
1358 2961 1455 3017 solent
1470 2976 1542 3016 aves
1565 2961 1643 3032 capi,
1670 2960 1786 3032 quibus

79 3045 125 3101 ris
148 3047 358 3103 necessitatem
388 3050 558 3121 capiantur.
584 3049 657 3105 Tale
679 3054 725 3105 est
748 3050 905 3121 gaudium,
926 3051 994 3134 cin
1009 3049 1142 3104 tenebris
1157 3053 1244 3105 terras
1259 3050 1358 3104 noctis
1372 3048 1444 3104 hinc
1456 3049 1539 3121 quod
1550 3049 1730 3105 intueantur
1743 3047 1789 3102 lu·

80 3134 164 3206 quod
177 3134 272 3192 vides.
290 3136 313 3192 I.
330 3137 416 3193 Nihil
430 3154 484 3210 per
497 3138 601 3193 omnia
615 3138 782 3194 contradici
793 3143 904 3212 potest,
962 3153 1032 3193 men
1046 3137 1227 3207 ostenditur,
1243 3138 1388 3209 hincque
1402 3138 1564 3210 capiantur
1577 3137 1787 3209 laquenspraa·

79 3221 190 3278 validm
202 3229 276 3280 sunt
288 3226 423 3281 rationes
437 3230 508 3282 tuae.
525 3226 655 3291 1).de
670 3242 741 3297 ergo
752 3227 809 3283 tibi
823 3227 905 3284 vide·
960 3230 1097 3299 paratur.
1116 3225 1197 3292 Quid
1208 3242 1279 3297 ergo
1293 3225 1417 3298 prodest
1428 3225 1557 3294 homini,
1574 3226 1600 3280 si
1616 3240 1717 3280 rerum
1728 3240 1789 3279 om·

78 3314 141 3380 tur,
156 3311 246 3383 quale
260 3316 307 3370 cst
322 3314 379 3370 hoc
394 3330 471 3386 opus
482 3312 665 3370 hominum?
679 3315 704 3370 1.
717 3315 846 3372 Vanitas
860 3320 907 3372 est
961 3317 1046 3370 nium
1061 3319 1205 3370 naturam
1224 3314 1412 3370 subtibiliter
1433 3314 1607 3384 investiget,
1630 3312 1789 3369 efficaciter

77 3398 137 3454 hoc
150 3415 281 3472 quoque,
294 3407 324 3457 et
337 3402 458 3457 vanitas
473 3403 656 3458 vanitatum.
961 3403 1216 3477 comprehendat3
1231 3404 1298 3476 ipse
1312 3407 1414 3459 autem
1426 3402 1507 3458 unde
1519 3403 1648 3469 venerit,
1662 3406 1716 3457 aut
1727 3417 1788 3475 quo

114 3488 151 3544 D.
167 3489 317 3547 Converte
328 3491 429 3547 adhuc
443 3495 472 3546 te
487 3491 526 3547 ad
540 3491 624 3547 aliud
638 3496 668 3548 ct
689 3490 807 3548 videll
827 3492 904 3549 Con·
960 3497 1030 3566 post
1044 3493 1124 3549 hauc
1137 3492 1235 3548 vitam
1254 3492 1356 3548 iturus
1378 3493 1420 3546 sit
1443 3507 1505 3548 non
1526 3491 1706 3560 consideret,
1733 3506 1789 3547 nec

74 3591 183 3633 versus
197 3593 277 3648 sum,
292 3582 323 3634 et
334 3579 431 3635 video.
448 3580 485 3636 D.
500 3579 580 3645 Quid
595 3579 704 3637 vides?
723 3581 748 3637 1.
762 3581 905 3637 Scholam
960 3580 1136 3651 intelligat?
1147 3580 1227 3645 Quid
1243 3580 1324 3634 enim
1341 3581 1387 3633 est
1400 3579 1462 3634 ista
1473 3579 1539 3633 vita
1552 3579 1701 3647 mortalis,
1726 3578 1788 3634 nisi

74 3664 258 3722 discentium
272 3667 369 3724 video.
386 3668 500 3739 Magna
514 3671 561 3723 est
574 3669 752 3739 multitudo,
767 3670 905 3726 diversas
959 3671 1011 3727 via
1021 3668 1161 3741 quadam
1176 3668 1382 3722 Transeuntes
1396 3667 1478 3721 enim
1492 3681 1609 3735 sumus,
1626 3669 1655 3722 et
1667 3681 1703 3721 ea
1717 3682 1786 3738 qnae

75 3754 121 3809 ibi
135 3758 240 3811 aetates
254 3756 415 3812 hominurn
435 3757 615 3828 censpiano,
642 3773 762 3829 pueros,
788 3757 905 3815 adoles·
960 3755 1177 3814 inhocmundo
1184 3758 1257 3810 sunt
1265 3754 1353 3827 quasi
1366 3769 1385 3807 a
1397 3753 1491 3809 latere
1504 3754 1691 3809 transeundo
1699 3769 1785 3810 cons·

77 3845 191 3912 centes,
204 3844 342 3915 juvenes,
364 3859 473 3913 senes,
499 3845 622 3900 diversa
643 3860 766 3917 quoque
789 3846 902 3903 studia.
959 3848 1100 3919 picimus.
1117 3843 1197 3910 Quid
1211 3859 1294 3915 ergo,
1310 3845 1335 3898 si
1351 3859 1431 3899 nova
1449 3843 1553 3915 aliqua
1569 3847 1599 3898 et
1612 3843 1718 3912 ignota
1732 3857 1785 3897 no·

77 3930 140 3986 Alii
154 3931 193 3987 ad
206 3932 338 3988 formata
349 3949 430 3989 nova
440 3932 589 3990 elementa
604 3938 696 4005 atque
711 3950 800 3990 voces
821 3935 904 3990 inso·
959 3936 1008 3991 bis
1022 3936 1217 3990 transeuntes
1230 3933 1392 4000 cernimus,
1409 3931 1550 4004 nunquid
1557 3931 1595 3986 ad
1603 3930 1787 4003 inquirenda

76 4019 149 4076 litas
163 4020 297 4077 edendas
311 4022 418 4077 rudem
433 4022 678 4093 adhuclinguam
686 4023 837 4079 inflectere
847 4024 906 4080 dis
959 4038 994 4079 ea
1008 4025 1062 4079 aut
1077 4022 1253 4090 subsistere,
1268 4023 1322 4077 aut
1333 4021 1372 4075 ab
1386 4020 1495 4076 itinere
1510 4022 1615 4076 nostro
1636 4019 1787 4075 declinare

79 4112 161 4164 cunt.
176 4110 240 4165 Alii
253 4110 415 4166 verborum
425 4111 616 4180 inflexiones,
630 4113 864 4184 compositiones
874 4116 905 4168 et
959 4109 1128 4169 dehemus?
1142 4111 1207 4166 Hoc
1230 4110 1349 4165 faciunt
1375 4109 1427 4163 isti
1449 4124 1527 4180 quos
1551 4111 1584 4162 tu
1609 4108 1705 4176 vides,
1731 4108 1786 4178 qui

77 4197 430 4270 derivasiones‚primum
446 4192 904 4272 audiendoeognoscere,deinde
959 4201 1048 4275 quasi
1062 4200 1150 4256 stulti
1163 4200 1306 4266 viatores,
1322 4197 1502 4269 propositivi
1511 4195 1598 4250 obliti
1610 4198 1693 4264 sunt,
1709 4194 1787 4253 etad

76 4286 259 4343 conferendo
272 4287 553 4361 adinvicem,atque
567 4289 732 4345 identidem
740 4290 904 4362 repetendo
958 4288 1142 4363 inquirenda
1174 4287 1249 4354 haec,
1270 4301 1339 4356 quae
1372 4283 1477 4339 vident
1497 4284 1613 4353 ignota,
1639 4283 1728 4354 quasi
1752 4284 1786 4338 in

76 4375 231 4431 memoriae
247 4377 458 4432 commendare
473 4380 629 4449 satagunt.
646 4377 707 4433 Alii
723 4393 806 4433 ceras
821 4378 901 4449 stylo
917 4404 945 4460 D
958 4381 1009 4434 via
1024 4376 1236 4434 consederunt.
1251 4374 1268 4429 J
1272 4388 1448 4445 amqueusu
1459 4376 1488 4427 et
1501 4371 1681 4428 assiduitate
1691 4371 1785 4444 hujus

77 4467 214 4519 exarant.
231 4463 293 4519 Alii
306 4465 421 4535 figuras
436 4466 530 4521 variis
545 4466 680 4522 modiset
692 4466 903 4523 diversiscolo·
956 4467 1105 4526 vanitatis
1119 4464 1195 4520 adeo
1209 4479 1227 4517 a
1242 4461 1414 4533 semetipsis
1438 4460 1592 4530 exsulant,
1616 4464 1652 4516 ut
1672 4475 1728 4517 nec
1750 4461 1784 4515 in

77 4551 163 4607 ribus
175 4551 209 4606 in
218 4553 405 4608 membranis
417 4553 608 4609 doctamanu
615 4552 765 4610 calamum
774 4554 903 4610 ducente
955 4559 1007 4613 via
1019 4571 1051 4611 se
1066 4568 1131 4609 esse
1143 4550 1349 4619 meminerint,
1364 4565 1419 4605 nec
1432 4550 1564 4621 patriam
1577 4551 1744 4621 requirant.
1758 4548 1781 4603 l.

78 4638 249 4710 designant.
267 4640 326 4695 Alii
344 4645 447 4696 autem
462 4642 572 4697 acriori
582 4645 612 4697 et
626 4642 802 4698 ferventiori
827 4657 901 4714 quo·
957 4646 989 4701 Si
1003 4644 1047 4700 sic
1059 4646 1114 4710 est,
1130 4644 1166 4696 ut
1180 4641 1266 4708 dicis,
1282 4639 1505 4694 omnibusaliis
1527 4639 1603 4693 istos
1625 4637 1782 4693 miserabi-

78 4727 150 4784 dam
164 4727 267 4784 studio
281 4729 318 4784 de
332 4730 453 4801 magnis
479 4730 527 4800 (ut
549 4729 680 4798 videtur,
690 4730 821 4801 negotiis
842 4730 901 4786 dis·
956 4735 1047 4791 liores
1057 4729 1170 4802 judico,
1184 4743 1314 4799 quorum
1325 4727 1390 4782 vita
1397 4729 1484 4781 tanto
1496 4724 1781 4795 erroreinvolvitur,

78 4816 267 4888 captationes
279 4817 428 4889 quasdam
444 4816 627 4873 adinvicem
643 4821 792 4887 exercent,
817 4823 848 4874 et
872 4833 904 4874 ae
958 4826 1069 4878 utnon
1085 4816 1184 4873 solum
1199 4815 1263 4885 alii,
1276 4829 1383 4870 verum
1394 4814 1485 4869 etiam
1494 4814 1553 4885 ipsi
1567 4814 1600 4869 in
1616 4816 1719 4872 studio
1726 4831 1782 4872 suo

80 4904 266 4976 quibusdam
299 4905 461 4962 verborum
497 4905 694 4962 inexionibus
712 4909 743 4961 et
776 4907 904 4979 gryphis
958 4907 1159 4978 decipiantur.
1178 4903 1215 4958 D.
1232 4903 1361 4958 Prorsus
1380 4902 1423 4956 sic
1446 4915 1512 4957 esse
1536 4905 1567 4957 et
1592 4905 1783 4960 conversatio

79 4993 215 5050 vicissim
242 4993 346 5051 fallere
368 4995 566 5052 contendunt.
594 4994 788 5051 Calculantes
811 4996 904 5073 etiam
958 5009 1063 5051 sorum
1078 4992 1198 5064 probat,
1223 4995 1253 5046 et
1272 4990 1344 5045 finis
1361 4989 1561 5046 demonstrat.
1586 4990 1784 5048 Conversatio

79 5081 231 5153 quosdam
246 5083 290 5138 ibi
303 5083 402 5140 video.
419 5084 480 5140 Alii
495 5088 618 5141 tansum
630 5084 662 5139 in
677 5083 762 5155 ligno
777 5097 905 5140 nervum
958 5082 1093 5156 quidem,
1108 5095 1170 5152 qua
1184 5078 1263 5135 nihil
1277 5079 1409 5150 turpius,
1427 5079 1498 5135 finis
1512 5095 1595 5148 vero,
1620 5095 1681 5152 quo
1706 5078 1784 5135 nihil

78 5171 286 5243 percutientes
297 5173 488 5229 diversorum
504 5189 660 5242 sonorum,
679 5171 827 5228 melodias
841 5188 906 5244 pro
958 5170 1113 5228 infelicius
1128 5183 1193 5224 esse
1207 5171 1319 5240 potest,
1335 5171 1371 5223 ut
1382 5169 1546 5224 morientes
1565 5182 1649 5239 spem
1675 5166 1784 5222 salutis

79 5258 195 5316 ferunt.
208 5260 270 5317 Alii
284 5277 357 5317 vero
370 5262 519 5334 quasdam
535 5261 764 5333 descriptiones,
771 5266 802 5318 et
821 5276 905 5317 men·
959 5276 1021 5317 non
1035 5260 1180 5328 habeant,
1196 5259 1250 5330 qui
1265 5259 1403 5314 viventes
1419 5273 1473 5331 per
1488 5258 1546 5313 iter
1565 5255 1690 5312 virtutis
1704 5254 1783 5310 ince-

80 5363 225 5404 surarum
240 5350 355 5405 formas
366 5349 529 5422 explicant.
545 5348 607 5404 Alii
622 5364 729 5405 cursus
741 5354 771 5406 st
785 5351 908 5424 positio·
959 5351 1030 5407 dere
1043 5347 1198 5404 nolebant.
1216 5347 1239 5402 1.
1256 5347 1332 5402 Vere
1347 5347 1445 5402 fateor
1457 5344 1539 5417 quod
1554 5343 1680 5399 omnino
1700 5344 1784 5415 inep-

80 5452 136 5493 nes
150 5437 329 5507 siderum,et
343 5437 410 5493 coeli
418 5437 647 5493 conversionem
656 5438 907 5509 quibusdamins·
960 5443 1027 5497 tum
1043 5442 1089 5494 est
1103 5436 1191 5492 illurn
1206 5436 1375 5509 sapientem
1388 5435 1496 5503 dicere,
1508 5430 1785 5504 quiquamlibetab

80 5526 247 5582 trumentis
260 5526 422 5581 manifeste
449 5525 635 5582 describunt.
658 5526 720 5581 Alii
738 5525 775 5581 de
796 5529 908 5582 natura
960 5527 1022 5583 alia
1037 5526 1159 5583 oculum
1176 5525 1288 5580 habeat
1302 5527 1453 5595 apertum,
1467 5536 1558 5577 suum
1583 5523 1685 5574 tamen
1706 5520 1784 5576 inte·

80 5614 259 5683 herbarum,
275 5615 311 5670 de
326 5614 599 5670 constitutionibus
610 5613 821 5681 hominum,de
837 5630 909 5686 qua·
960 5617 1055 5672 ritum
1071 5619 1125 5670 ant
1139 5613 1305 5688 praevidere
1317 5614 1458 5683 nequeat,
1474 5605 1529 5665 aut
1544 5622 1649 5664 cavere
1670 5607 1785 5685 detrec-

80 5703 171 5760 litete
184 5718 287 5758 rerum
302 5704 440 5759 omniurn
455 5707 486 5760 et
491 5704 605 5759 virtute
612 5702 848 5775 pertractant.ln
858 5702 907 5759 his
961 5707 1014 5760 tet.
1029 5702 1117 5768 Quod
1128 5706 1231 5757 autem
1243 5696 1398 5773 ejusmodi
1411 5696 1552 5753 homines
1565 5711 1621 5752 nec
1633 5697 1791 5754 cautelam

83 5795 189 5850 autem
203 5791 347 5849 omuibus
360 5791 580 5851 lieetnonuna
593 5790 794 5862 sitdiscsndi,
809 5791 908 5849 forma
961 5791 1168 5861 instantium,
1196 5803 1257 5846 nec
1282 5784 1523 5860 providentiam
1547 5784 1705 5839 nunant.
1719 5780 1815 5830 sma-
