3742 6082
87 214 157 271 {088
551 215 723 272 APPENDIX
741 214 788 271 AD
806 211 960 272 Boeotus
980 215 1095 274 ornat
1113 217 1326 278 poenitui.

85 334 239 396 immundi
260 350 369 406 nugas.
385 335 466 394 lieni
492 351 587 410 quam
608 353 688 412 saepe
703 337 832 395 occurrit
845 335 956 395 mihil
977 341 1126 398 extollitur
1142 357 1232 415 super
1253 355 1342 397 omne
1366 338 1449 412 quod
1473 336 1598 393 eollitur.
1621 335 1693 393 Prot

88 424 206 485 merula
217 425 397 496 tentationis,
416 428 446 484 et
458 429 521 483 tarn
536 426 640 485 tardus
661 443 748 485 curro
761 425 801 483 ad
814 442 920 500 vepres
976 435 1022 488 est
1034 431 1214 507 desperatio,
1236 432 1275 488 de
1289 446 1351 504 qua
1369 428 1477 485 dieitur
1492 445 1499 484 :
1515 429 1672 498 Peccator,

90 520 119 576 et
131 514 242 573 urticas
262 513 470 588 correptionis.
495 517 599 575 «Cum
615 520 716 573 autem
733 515 920 573 beatumlte-
975 522 1163 591 profundum
1189 522 1302 578 uenerit
1328 520 1488 587 mutorum,
1516 518 1679 573 contemnit

88 605 255 677 nedictum,
263 609 297 663 ut
311 604 351 664 ait
365 607 395 663 B.
405 604 574 677 Gregorius,
590 609 710 677 urgeret
722 604 844 663 tentatio
854 620 920 661 ear·
974 610 1066 681 xvru).
1083 610 1219 668 latitudo
1233 610 1264 666 in
1279 607 1462 673 carnalibus,
1478 605 1531 680 qui
1545 605 1640 664 latam
1654 610 1685 663 et

88 694 340 768 nis,conspieiens
354 695 519 753 urticarum
534 699 563 753 et
576 696 714 769 veprium
724 696 810 767 juxta
824 693 921 751 densa
975 714 1040 755 sam
1053 698 1135 756 riam
1157 702 1335 772 sequuntur.
1357 694 1523 765 longitudo
1544 710 1617 751 vero
1631 700 1693 767 pert

91 799 278 842 succrescere
293 783 438 854 fruticeta,
454 784 573 842 nudum
590 801 622 841 se
635 783 668 841 in
688 783 746 842 illis
762 782 920 858 spinarum
942 794 950 819 ·
976 791 1007 842 ln
1023 803 1110 844 eruce
1123 803 1195 845 vero
1206 787 1280 860 justi
1294 786 1480 860 protundum
1502 789 1547 840 est
1560 784 1693 841 humiliis

89 872 202 932 aculeis
219 877 248 933 et
261 873 426 932 urticarum
440 873 587 932 incendiis
599 874 734 947 projecit,
750 877 779 931 et
790 888 844 948 per
856 873 921 929 vul·
976 875 1080 946 gitudo
1096 876 1257 934 assiduitas
1271 874 1403 942 laboris3
1420 872 1544 930 altitudo
1569 878 1693 946 contem,

89 979 163 1022 nera
177 963 253 1021 cutis
268 963 371 1021 eduxit
387 964 498 1021 vulnus
517 964 722 1038 mentis,quia
735 964 921 1038 voluptatem
975 964 1101 1023 latitudo
1130 966 1225 1023 oratio
1248 982 1316 1039 quse
1337 979 1399 1022 non
1423 968 1541 1021 tantum
1567 963 1693 1020 latitudis

89 1053 220 1112 traxitin
233 1053 379 1111 dolorem.
389 1075 405 1106 a
417 1053 494 1112 Talis
505 1055 545 1111 ad
555 1055 648 1112 altare
661 1054 920 1129 potestaeeedere‚
976 1054 1183 1128 complectitur
1206 1054 1349 1122 amicum,
1364 1052 1522 1111 sedetiam
1541 1052 1693 1108 inimieun

91 1143 140 1200 eui
154 1159 224 1199 eum
239 1143 401 1200 occurrerit
411 1143 528 1202 merula
539 1144 712 1218 voluptatis,
721 1142 813 1200 currit
824 1142 922 1199 humi·
977 1148 1080 1200 autem
1093 1144 1200 1202 Christi
1211 1144 1303 1201 habet
1326 1142 1512 1216 profundum
1527 1142 1654 1210 timoris,
1682 1158 1693 1199 s

89 1231 373 1304 lisadasperitatem
381 1232 922 1307 correptionisEgoautemquomodo
975 1247 1046 1289 nem
1061 1230 1693 1307 spei,latitudinemeharitatis,tongitudiur

91 1320 260 1379 accedam?
274 1321 328 1395 qui
341 1327 429 1396 porto
441 1323 578 1398 plumam
593 1322 767 1380 struthionis
776 1321 807 1379 iu
816 1322 923 1379 habitu
978 1322 1163 1379 severantia.
1179 1325 1211 1378 ln
1221 1321 1321 1395 prima
1335 1336 1422 1377 eruce
1436 1319 1561 1386 crucior,
1585 1319 1626 1376 ad
1641 1335 1693 1377 seo

90 1409 254 1480 religionis,
269 1415 303 1470 ut
315 1411 454 1484 placeam
468 1428 530 1470 non
544 1412 692 1480 moribus,
708 1411 763 1469 sed
776 1411 920 1469 vestibus.
976 1411 1138 1485 tendo,pro
1147 1410 1233 1468 tertia
1245 1411 1373 1484 suspiro.
1390 1410 1518 1467 Primam
1529 1409 1632 1478 timeo,
1641 1426 1693 1467 sec

91 1499 183 1565 Quasi
205 1499 285 1558 enim
310 1501 437 1559 struthio
458 1502 592 1560 volatum
608 1501 728 1572 simule,
744 1500 798 1558 sod
822 1504 922 1558 tamen
975 1516 1089 1574 quaero,
1105 1500 1221 1557 tertiam
1233 1500 1381 1556 desidero.
1402 1503 1434 1555 ln
1448 1498 1547 1573 prima
1560 1514 1655 1573 poeua
1679 1502 1693 1555 t

90 1588 219 1662 pedihus
232 1593 343 1647 terram
358 1595 466 1664 tango:
494 1591 586 1649 volito
605 1590 721 1660 habitu,
738 1589 792 1647 sed
812 1593 923 1648 terram
976 1589 1007 1646 iu
1030 1589 1164 1646 secunda
1179 1605 1270 1662 poena
1284 1605 1354 1646 cum
1368 1587 1466 1657 venia,
1480 1588 1512 1644 in
1534 1587 1620 1644 tertia
1644 1587 1693 1659 glo

90 1680 183 1748 tango
207 1678 326 1736 affeetu.
341 1682 443 1737 Penne
458 1679 607 1754 siquidem
622 1680 884 1754 contemplationis
905 1697 956 1755 ap
976 1694 1097 1735 erucem
1112 1677 1233 1735 malitiae
1254 1677 1382 1751 pertinet
1394 1692 1497 1751 poena,
1519 1676 1559 1734 ad
1574 1692 1693 1734 erucem

90 1767 231 1825 terrrenis
245 1784 307 1825 non
323 1768 430 1839 elevat,
439 1785 533 1843 quam
542 1769 729 1843 corpulentia
738 1784 854 1827 caruere
865 1770 922 1826 tra·
976 1767 1075 1825 mutire
1082 1767 1210 1842 pertinet
1216 1766 1356 1835 venia‚ad
1369 1782 1490 1823 erucem
1496 1781 1566 1823 vero
1572 1766 1693 1838 justitia

91 1856 211 1927 gilitatis
225 1856 360 1930 pondere
373 1873 428 1915 suo
441 1863 555 1929 gravat.
573 1859 655 1916 Unde
669 1861 699 1915 B.
714 1859 770 1916 lob
786 1860 921 1930 :Panum
975 1859 1077 1915 Timeo
1090 1857 1180 1928 igitur
1194 1873 1328 1931 poenem,
1337 1872 1440 1930 quaero
1455 1855 1585 1923 veniam,
1594 1854 1693 1912 deside

89 1944 197 2018 inquit,
211 1948 389 2006 struthionis
403 1949 509 2006 similis
524 1954 567 2006 est
577 1949 686 2020 pennis
696 1949 824 2006 Heraclii
833 1955 860 2006 et
870 1965 922 2007 uc-
976 1948 1063 2006 riam.
1082 1948 1138 2007 Sed
1162 1948 1286 2006 forsitan
1301 1947 1421 2021 quaeris,
1438 1951 1538 2003 uuum
1555 1946 1688 2021 reperire

91 2036 208 2106 eipitrr's
218 2036 285 2108 (lob
294 2039 527 2108 xxxix).lticitur
541 2054 607 2096 esse
616 2038 719 2096 similis
733 2054 834 2112 penna
849 2043 922 2096 stru-
975 2052 1134 2094 mensuras
1149 2037 1304 2111 utriusque
1320 2036 1437 2092 erucis?
1453 2034 1616 2092 llominiere
1629 2051 1693 2092 cru(

90 2123 202 2181 thionis
216 2139 325 2197 pennae
340 2125 462 2183 Herodii
484 2130 513 2183 et
536 2126 694 2200 accipitris,
717 2142 788 2183 cum
811 2125 921 2199 aliquis
975 2125 1104 2182 fundum
1114 2124 1693 2193 habetheatuslob,altitudiuemDavid

89 2211 197 2270 habitu
211 2213 335 2271 simulat
345 2215 430 2288 quod
450 2215 544 2272 vitam
558 2214 686 2287 alicujus
700 2215 816 2289 antiqui
828 2215 921 2289 patris
976 2215 1079 2273 dinem
1093 2219 1206 2287 Petrus,
1226 2215 1444 2286 longitudinem
1456 2214 1582 2271 Naboth.
1597 2217 1639 2270 De
1654 2230 1693 2289 pr

90 2300 211 2357 habeat.
234 2304 266 2357 ln
279 2302 387 2374 pennis
397 2302 489 2373 igitur
503 2303 614 2360 similes
631 2308 711 2374 sunt,
728 2303 783 2361 sed
796 2320 921 2377 corpore
977 2305 1092 2363 timoris
1107 2305 1232 2363 dieitur:
1255 2306 1333 2362 Brut
1354 2306 1402 2362 uir
1416 2311 1523 2372 rectus,
1541 2310 1568 2361 et
1590 2306 1693 2363 timent

90 2386 242 2456 differunt,
255 2388 328 2460 quia
341 2389 468 2445 struthio
478 2405 603 2462 corpore
613 2392 774 2461 maiorest,
783 2388 888 2449 etideo
904 2409 922 2450 a
976 2395 1041 2467 (Job
1051 2396 1083 2467 r).
1093 2397 1133 2451 lle
1143 2394 1300 2452 altitudine
1311 2394 1375 2466 spei
1384 2394 1456 2451 dicit
1466 2392 1570 2449 David:
1581 2394 1621 2449 Iu
1631 2395 1693 2463 tet

89 2477 168 2532 terra
182 2490 245 2533 non
254 2479 353 2549 potest
362 2477 482 2535 elevari.
499 2478 554 2545 Qui
564 2478 646 2536 enim
659 2482 776 2537 terrena
787 2479 918 2553 sapiunt,
975 2485 1104 2554 sperum,
1121 2500 1181 2541 nou
1206 2484 1379 2555 confundar
1397 2485 1428 2541 in
1448 2489 1591 2540 atemum
1608 2482 1693 2555 (Psoi

90 2568 120 2622 et
131 2566 254 2623 terrenis
268 2565 395 2636 inhiant,
419 2569 517 2624 earnis
536 2569 685 2626 desiderio
701 2569 799 2627 solent
811 2585 920 2641 aggra-
974 2577 1077 2630 Petrus
1100 2588 1172 2631 vero
1196 2573 1326 2631 ostendit
1338 2574 1426 2631 nohis
1447 2572 1636 2630 latitudinem
1654 2573 1693 2631 ch

88 2654 164 2712 vari.
181 2655 264 2713 Unde
275 2660 305 2713 et
318 2657 429 2715 Veritas
443 2657 523 2715 dicit:
538 2660 581 2715 Hi
595 2665 677 2732 suut,
683 2661 737 2732 qui
749 2661 922 2718 veniuntud
974 2663 1098 2719 dieens:
1123 2662 1203 2720 Ante
1215 2665 1316 2721 meniu
1329 2669 1465 2721 mutuum
1480 2663 1512 2718 iu
1531 2663 1612 2719 uotis
1626 2664 1693 2721 cios

88 2759 140 2802 uos
160 2745 193 2802 iu
217 2746 397 2804 vestimentis
412 2748 521 2817 ouium,
537 2749 717 2806 intrinsecus
736 2755 836 2808 cutem
850 2756 919 2807 suut
975 2755 1147 2810 continuum
1160 2753 1310 2825 iubentes,
1324 2754 1395 2826 quio
1410 2753 1543 2810 charitas
1562 2754 1657 2823 operit
1671 2770 1693 2809 u

90 2833 158 2904 tupi
167 2848 293 2904 rapaces
306 2834 427 2907 (Metti.
439 2840 502 2905 ru).
518 2836 651 2893 liuterius
663 2843 764 2895 autem
778 2843 922 2909 contegor
974 2844 1074 2900 dinem
1096 2848 1285 2913 peecatorum
1302 2843 1331 2915 (I
1339 2844 1422 2899 Petr.
1438 2841 1486 2914 iv).
1510 2842 1604 2898 Audis
1616 2841 1693 2899 latita

89 2921 154 2981 ovis
168 2922 287 2992 vellere,
303 2923 384 2981 intus
405 2930 506 2983 autem
522 2925 609 2982 sterio
625 2927 796 3000 cupiditate.
812 2929 920 2984 Coram
975 2947 1045 2987 eum
1059 2930 1149 2988 dicit:
1166 2932 1261 3001 opem
1281 2931 1503 2988 multitudinem
1523 2936 1693 3000 peccaturus

88 3010 217 3069 Domino
229 3013 359 3071 consisto
372 3014 413 3071 ad
427 3014 519 3072 altare
532 3015 820 3074 extensis'manibus
834 3017 921 3091 quasi
935 3061 955 3118 C
974 3023 1019 3076 est
1033 3018 1124 3075 etiam
1137 3019 1233 3076 latum
1250 3018 1439 3084 mandatum,
1456 3021 1489 3074 ut
1509 3019 1562 3090 qui
1579 3019 1682 3090 ditiori

87 3102 382 3172 crucifixus,erueem
393 3105 550 3176 simulans,
558 3110 587 3163 et
600 3111 702 3164 tamen
711 3123 774 3165 non
785 3112 919 3181 portans.
974 3108 1084 3179 ditiqut
1102 3114 1130 3166 et
1141 3100 1271 3179 sru'trem
1283 3124 1370 3165 suum
1387 3108 1486 3179 (Prou.
1500 3112 1541 3172 x).
1557 3110 1597 3163 lle
1618 3106 1693 3179 long

89 3190 180 3261 Cujus
192 3193 336 3249 erucem?
350 3191 475 3251 forsitan
487 3193 623 3263 latronis,
634 3196 687 3252 sed
699 3195 816 3253 utinam
828 3196 919 3265 illius,
972 3212 1045 3254 vero
1061 3197 1275 3271 scriptumest.
1297 3199 1371 3256 Cum
1390 3196 1493 3254 Achab
1506 3213 1559 3252 rex
1581 3195 1693 3254 israela

88 3277 135 3331 eui
142 3276 255 3334 dictum
268 3283 326 3335 est:
338 3281 557 3339 Hodiemeeum
567 3285 626 3340 eris
637 3284 670 3341 in
678 3285 918 3358 paradisothue.
973 3287 1091 3343 Naboth
1099 3291 1211 3343 vertere
1224 3287 1349 3344 velletin
1359 3287 1481 3343 hortum
1493 3287 1553 3358 (ΙΙΙ
1562 3287 1693 3357 Repu}

87 3363 178 3434 nur).
194 3366 263 3421 Tres
278 3370 348 3424 sunt
369 3367 521 3441 siquidem
534 3386 655 3428 cruces:
681 3373 781 3447 prima
795 3373 920 3431 latronis
972 3374 1021 3431 ille
1035 3375 1187 3433 moraliter
1209 3375 1375 3445 intelligens
1390 3375 1467 3432 mori
1489 3375 1595 3432 maltrit
1617 3391 1693 3449 quar

87 3451 285 3526 desperantis,
298 3456 432 3514 secrmde
446 3459 559 3515 orantis
573 3464 602 3517 et
612 3461 756 3519 dicentis:
772 3464 919 3521 Memento
973 3463 1090 3531 sentire,
1106 3470 1140 3520 ut
1165 3464 1253 3521 labor
1274 3464 1444 3521 excolendae
1466 3465 1565 3522 earnis
1585 3469 1693 3522 vertere

88 3545 304 3614 meibomius,
320 3561 388 3604 eum
400 3549 515 3605 veneris
530 3550 561 3606 in
575 3565 701 3621 reanum
714 3557 799 3609 tuum
813 3553 919 3624 (trid),
971 3553 1091 3610 hortum
1107 3552 1279 3627 voluptatis,
1288 3554 1382 3611 voluit
1396 3571 1461 3610 esse
1475 3554 1598 3611 inbono
1611 3570 1693 3628 perse

86 3632 172 3691 tertia
187 3639 288 3693 autem
305 3635 422 3693 Christi.
447 3637 563 3695 Primus
585 3639 693 3696 meruit
718 3655 848 3709 erucem,
866 3645 919 3700 sed
972 3641 1407 3713 tiaemensuramlongitudinis
1415 3642 1576 3700 terminum
1587 3643 1693 3700 mortis

86 3737 148 3780 non
163 3724 274 3797 profuit
285 3724 311 3782 ei
326 3726 366 3784 ad
381 3726 520 3785 sulutem.
538 3729 693 3786 Secundus
707 3746 780 3788 rere
797 3734 917 3802 meruit,
972 3731 1158 3805 profundum
1172 3731 1262 3802 igitur
1276 3731 1391 3789 timoris
1406 3731 1530 3789 altitudo
1545 3733 1609 3805 spei
1624 3731 1693 3790 loca

87 3812 254 3871 sedamen
268 3815 308 3871 ad
323 3815 579 3890 salutemprofuit.
597 3819 709 3876 Tertius
723 3836 786 3880 non
798 3823 917 3892 meruit,
971 3821 1170 3894 pertimerem
1180 3821 1221 3877 ad
1229 3820 1472 3898 desperationem
1479 3821 1600 3879 animus
1608 3821 1693 3895 perde

85 3901 216 3972 portarit
227 3917 295 3959 eam
310 3906 422 3972 tamen,
440 3906 494 3962 sed
512 3907 601 3964 nobis
616 3909 735 3982 profuit.
760 3910 809 3969 llis
823 3913 918 3970 trihus
970 3914 1039 3969 Post
1053 3927 1139 3985 spem
1154 3911 1294 3979 charitas,
1309 3915 1377 3985 post
1389 3911 1564 3968 charitatem
1578 3926 1693 3984 persen

85 3987 245 4045 assimilari
258 3997 386 4063 possunt
399 3998 458 4050 tres
470 3995 583 4069 species
602 3997 773 4068 hominum,
785 4017 917 4075 quorum
969 4001 1099 4075 ponitur,
1116 4006 1149 4058 ut
1172 4001 1225 4075 qui
1253 4006 1353 4074 sperat
1366 4006 1456 4074 amet,
1480 4001 1512 4057 in
1534 4001 1593 4057 hoe
1607 4000 1693 4075 quod

85 4075 219 4150 hiprimi
242 4083 321 4150 snut,
346 4081 400 4154 qui
420 4087 542 4156 portant
563 4100 683 4142 erucem
706 4089 916 4151 mortificando
968 4095 1147 4165 perseveret.
1161 4091 1266 4148 Primae
1290 4091 1379 4163 igitur
1397 4096 1427 4148 et
1448 4090 1588 4147 seeundoe
1603 4090 1693 4149 erucis

84 4180 218 4238 carnem,
232 4171 376 4226 ettamen
389 4185 452 4228 non
462 4171 585 4244 prodest
595 4173 648 4243 eis,
662 4175 809 4248 quianon
822 4181 917 4254 poeui-
970 4196 1057 4237 suras
1071 4179 1200 4250 diligens
1209 4181 1302 4239 lector
1311 4181 1464 4251 assignare
1473 4184 1652 4254 potestcum
1661 4196 1693 4239 rt

83 4258 155 4313 tent.
173 4258 247 4315 Sunt
261 4260 535 4335 autemetulii,qui
549 4263 732 4323 mortificant
742 4282 875 4337 earnem,
887 4274 916 4327 et
969 4273 1028 4327 Nos
1049 4274 1151 4328 autem
1172 4275 1357 4328 revertamur
1378 4271 1417 4328 ad
1440 4287 1486 4339 ea,
1502 4287 1571 4345 quae
1592 4269 1693 4344 corpiu

82 4345 206 4420 prodest
219 4349 262 4404 eis
276 4349 316 4407 ad
331 4350 470 4423 salutem,
484 4357 571 4410 orant
582 4360 612 4411 et
630 4356 843 4431 exaudiuntur,
859 4375 913 4416 au·
969 4358 1149 4416 sacrificium
1157 4358 1285 4430 dignum
1293 4361 1467 4418 lteootlerre
1477 4360 1643 4417 valeamus.
1652 4362 1693 4418 nr

82 4433 170 4489 diunt
190 4436 281 4533 etiam
296 4438 379 4509 quod
398 4438 521 4497 dieitur:
544 4443 642 4499 Hodie
663 4459 778 4502 meeum
800 4450 860 4504 erra
882 4451 914 4505 iu
929 4416 953 4472 Β
968 4453 1069 4506 autem
1083 4448 1221 4506 sacrificii
1236 4465 1356 4521 genera.
1373 4453 1472 4508 Unum
1491 4449 1638 4507 Dominici
1652 4466 1693 4508 ca

77 4522 236 4622 paradeo.
246 4525 373 4587 Quando
384 4530 486 4582 autem
500 4528 559 4584 hoc
574 4530 717 4588 audiunt?
730 4535 805 4592 Cum
820 4534 914 4594 liviu-
968 4537 1096 4596 alterum
1110 4538 1226 4597 conhiti
1240 4539 1351 4610 cordis,
1363 4539 1482 4597 tertium
1490 4539 1693 4597 mortificatae«

81 4609 194 4683 gehum
215 4610 347 4684 legentes
368 4613 493 4672 dicunt:
519 4618 609 4676 Beati
627 4635 778 4703 pauperes
791 4627 913 4699 spiritu,
968 4631 1089 4703 Oportet
1110 4629 1201 4701 igitur
1223 4629 1392 4703 precedere
1416 4629 1598 4687 sacrificium
1621 4629 1693 4687 hum

81 4703 368 4774 manumissorum
384 4711 426 4763 est
440 4721 566 4779 monum
581 4712 724 4771 certorum
739 4715 859 4783 (Metti.
871 4721 911 4791 v).
966 4719 997 4777 in
1012 4723 1123 4787 mente,
1136 4717 1305 4775 afflictionis
1315 4719 1346 4776 in
1359 4735 1460 4791 earne,
1468 4724 1502 4776 ut
1515 4719 1693 4777 habeaturd

81 4792 157 4892 Sunt
175 4793 265 4850 edam
289 4793 339 4851 alii
352 4794 472 4855 liberis
489 4813 582 4872 poena
605 4804 732 4875 peccati,
748 4805 838 4863 nullis
859 4809 913 4865 eri-
964 4808 997 4865 in
1020 4807 1167 4866 Dominici
1193 4809 1328 4882 corporis
1356 4807 1589 4865 consecratione.
1614 4810 1692 4865 Cum

79 4879 212 4938 mlfflb¹¹⁸
237 4883 390 4957 implicati,
419 4885 628 4947 subtrahentes
659 4909 691 4949 se
722 4911 741 4952 a
770 4910 911 4968 perverso
964 4898 1046 4956 iisset
1059 4896 1213 4954 Abraham
1223 4898 1405 4955 sacrificium
1418 4897 1545 4955 Domino
1560 4901 1630 4970 post
1638 4897 1693 4955 vict

78 4984 179 5044 opere,
195 4971 234 5028 ab
258 4973 357 5032 oh‘oso
381 4992 530 5052 sermone,
556 4981 596 5037 ab
620 4981 780 5042 immunda
796 4986 910 5057 cogita-
963 4987 1097 5062 quinque
1122 5002 1229 5057 regum
1270 5003 1396 5044 vaccam
1425 4986 1584 5054 triennem,
1609 4991 1638 5043 et
1671 5003 1693 5044 u

77 5059 168 5131 tione,
181 5060 213 5118 in
224 5079 354 5136 quorum
368 5067 511 5125 manibus
523 5069 610 5128 labor
618 5075 664 5130 est
676 5074 830 5145 assiduus,
844 5092 910 5134 ora·
962 5079 1120 5147 triennem,
1131 5081 1160 5133 et
1172 5077 1297 5134 arietem
1312 5078 1469 5145 triennem,
1481 5076 1657 5133 columbam
1673 5092 1693 5151 q

76 5150 116 5207 tio
130 5150 162 5207 in
176 5151 291 5224 lingua,
316 5155 431 5228 puritas
456 5157 488 5215 in
509 5164 619 5230 mente,
635 5167 788 5235 portantes
810 5165 909 5223 aliena
962 5171 991 5225 et
1004 5171 1159 5237 turturem,
1175 5167 1353 5224 animalium
1369 5181 1497 5241 corpora
1511 5165 1621 5236 divisit,
1637 5181 1693 5224 are

74 5245 200 5313 peccata
224 5244 315 5317 quasi
333 5261 390 5301 sua
413 5245 445 5302 hi
464 5253 543 5318 sunt,
562 5250 617 5324 qui
634 5257 756 5324 portant
773 5270 904 5324 erucem,
961 5256 1107 5314 indivisas
1129 5254 1252 5314 dimisit.
1283 5255 1512 5314 Descendehant
1532 5259 1635 5312 autem
1658 5270 1693 5313 ve

74 5343 137 5386 uon
151 5345 206 5403 pro
222 5332 293 5399 suis,
304 5333 422 5407 sedpro
436 5337 568 5410 peccatis
582 5337 698 5395 alienis.
710 5340 808 5399 Prima
817 5342 907 5414 igitur
961 5360 1052 5420 super
1069 5361 1196 5420 corpora
1215 5345 1324 5418 divise,
1341 5346 1395 5403 sed
1415 5345 1569 5403 Abraham
1584 5344 1693 5417 abigal

74 5434 148 5474 crux
163 5418 287 5490 diaboli,
303 5423 436 5481 seermda
450 5425 612 5498 cujuslibet
627 5426 710 5497 iusti,
726 5429 812 5488 tertia
833 5448 905 5491 vero
959 5436 1043 5509 (Gen.
1064 5437 1125 5508 xv).
1146 5437 1222 5493 Aves
1248 5440 1317 5492 sunt
1339 5434 1518 5509 spirituales,
1541 5434 1690 5494 animalia

74 5507 189 5567 Christi
218 5510 316 5567 Prima
341 5512 473 5583 malitiae,
487 5514 621 5571 secunda
641 5517 832 5589 penitentiae,
847 5526 904 5579 ter·
959 5525 1256 5582 carnalia.ndversus
1267 5541 1298 5582 se
1308 5525 1438 5581 invicem
1451 5524 1597 5581 animalia
1605 5524 1691 5582 divid

73 5595 113 5696 tia
123 5596 253 5666 justitiae.
278 5603 310 5656 ln
334 5616 519 5676 unaquaque
544 5606 675 5677 quatuor
698 5613 769 5665 sunt
788 5608 904 5667 dimeu-
957 5612 1032 5669 dum
1046 5628 1188 5687 perversa
1211 5613 1359 5671 desideria
1373 5614 1594 5670 distrahuntur.
1618 5616 1693 5672 Pom

72 5697 182 5743 aiones.
198 5690 231 5742 ln
244 5703 334 5747 cruce
344 5690 456 5749 etenim
483 5691 597 5753 diaboli
610 5699 655 5755 est
678 5695 815 5771 altitudo,
838 5716 901 5773 qua
956 5701 1093 5760 indivisae
1113 5706 1271 5763 remanent
1283 5703 1357 5778 quia
1371 5702 1519 5776 spiritales
1532 5717 1693 5778 sempera
