3742 6082
457 217 505 275 DE
524 214 718 275 reuertens
736 217 863 276 canals
881 220 925 278 ΕΤ
943 221 1108 281 SPIRITUS.
1568 225 1638 280 1006

49 345 120 401 sest
134 358 171 399 ex
184 341 323 415 benignae
338 341 448 401 mentis
478 341 636 400 dulcedine
665 341 799 413 gratielt
818 345 916 401 cordis
936 346 1103 404 secundum
1125 350 1266 404 naturam
1291 347 1449 418 singularis
1473 352 1501 404 et
1526 348 1642 416 unicus,

49 450 73 489 rs
85 430 256 489 auxiliatrix
271 431 399 489 allectio.
817 434 985 492 secundum
1000 437 1149 493 actionem
1168 440 1269 493 autem
1285 435 1399 493 divisus
1422 453 1492 494 cum
1507 455 1538 493 se
1563 438 1644 495 inor-

49 520 163 578 uetudo
178 525 285 594 cstper
299 538 394 594 quem
408 521 559 577 mansueti
571 520 619 578 vel
634 519 762 576 modesti
817 522 917 580 dinete
930 530 1041 592 movet,
1054 525 1086 581 id
1100 529 1144 581 est
1156 524 1196 582 ad
1206 540 1241 583 ea
1252 540 1320 599 quer
1340 541 1402 582 non
1416 525 1514 597 debet,
1528 525 1644 600 cupidi·

49 611 119 669 lites
149 611 254 681 enimi,
284 610 395 668 nullius
418 610 610 684 improbitate
637 610 761 668 limitem
817 615 863 668 tes
878 612 985 670 dicitur
1000 632 1007 670 ε
1020 630 1171 671 eumvero
1186 614 1342 672 ordinatus
1357 619 1410 682 est,
1432 615 1561 672 charitas
1589 631 1645 689 ap·

50 700 115 758 iotis
128 700 253 757 excedit.
816 701 952 776 pelletur.
969 706 1106 774 Magnam
1125 719 1188 760 rem
1201 703 1415 760 commendere
1438 703 1589 774 volumus,
1619 704 1645 761 si

49 789 138 847 alites
153 795 197 846 est
211 804 265 862 per
277 805 371 862 quam
396 788 472 846 liber
486 789 607 846 animus
622 790 654 847 in
672 789 762 860 largi·
816 798 917 849 temen
927 793 1063 849 velemus
1081 793 1165 866 quod
1180 793 1330 850 volumus.
1344 794 1539 868 Omnipotens
1567 797 1643 850 Deus

49 894 240 935 osscssorum
255 877 337 935 nulle
350 879 506 936 tenacitate
522 883 698 935 coarctetur.
815 879 965 952 quinullo
980 880 1102 951 indiget,
1117 881 1268 954 quieipse
1297 897 1453 938 summum
1485 885 1514 939 et
1537 897 1644 939 verum

49 968 165 1025 icordie
181 973 226 1024 est
236 967 368 1024 clemens
396 972 424 1025 et
455 967 580 1041 aequalis
604 969 634 1024 in
656 984 762 1025 omnes
815 969 933 1025 bonum
945 974 998 1039 est,
1013 971 1065 1043 qui
1080 975 1134 1037 est,
1164 971 1294 1044 quince
1321 971 1358 1027 de
1385 971 1484 1028 alieno
1509 970 1644 1044 accipere

50 1073 75 1128 n,
91 1056 163 1113 etin
178 1055 305 1114 afflictos
319 1056 543 1130 compassibilis
563 1056 657 1114 animi
676 1056 761 1113 incli·
815 1063 915 1132 potest
926 1076 988 1133 quo
1002 1065 1125 1130 crescat,
1140 1059 1288 1134 quoniam
1303 1075 1339 1116 ex
1353 1060 1419 1134 ipso
1434 1064 1503 1117 sunt
1528 1059 1643 1129 omnia,

815 1166 870 1207 neo
885 1150 923 1207 de
938 1166 992 1206 suo
1007 1149 1141 1207 amittere
1156 1165 1218 1223 quo
1232 1148 1362 1220 decidat,
1375 1152 1522 1223 quoniam
1535 1149 1644 1222 inipso

50 1234 356 1307 gentieestremissio
369 1240 469 1291 reatus
481 1236 570 1293 alieni
582 1253 619 1292 ex
632 1235 677 1291 sui
688 1251 760 1292 con·
815 1239 1040 1297 immutabiliter
1050 1239 1217 1297 consistunt
1243 1240 1394 1310 universe,
1419 1240 1486 1314 ipsc
1513 1240 1644 1298 rationa-

50 1340 110 1382 ‚one
125 1323 322 1380 descendens.
815 1328 875 1384 lem
891 1329 1028 1402 spiritum
1048 1330 1157 1386 crearit
1172 1330 1236 1388 sole
1251 1329 1403 1399 charitate,
1435 1329 1518 1387 nulle
1544 1346 1644 1387 neces·

50 1413 140 1486 ¹sessio
160 1415 204 1468 est
213 1427 267 1484 per
280 1428 374 1486 quem
388 1428 424 1468 ex
434 1412 564 1486 proximi
574 1412 676 1470 dolore
691 1427 762 1469 con·
817 1418 913 1486 sitate,
930 1422 1039 1475 etcum
1051 1435 1112 1475 suae
1127 1419 1320 1475 beatitudinis
1334 1419 1511 1493 participem
1523 1419 1642 1476 feceret.

58 1502 161 1560 animo
171 1500 312 1574 quedem
327 1500 448 1558 afflietio
461 1507 630 1572 generetur.
815 1509 905 1562 Porro
919 1511 952 1563 ut
963 1507 1042 1563 idem
1059 1512 1148 1580 aptus
1159 1512 1239 1564 esset
1268 1512 1352 1566 tenta
1371 1507 1553 1566 beatitudine
1576 1522 1643 1581 per·

50 1592 136 1664 mites
151 1594 197 1649 est
212 1592 431 1665 cumquodeus
452 1591 612 1666 splendide
640 1608 760 1650 morum
815 1593 884 1664 irui,
898 1593 967 1651 iecit
983 1595 1015 1650 in
1038 1610 1074 1651 co
1098 1595 1298 1652 dilectionem.
1327 1595 1483 1669 spirituale
1508 1595 1644 1668 palatum

50 1686 77 1738 tc
91 1680 241 1750 diligentis
256 1679 349 1737 enimi
364 1681 476 1738 fervide
489 1681 670 1756 conspectio.
777 1682 1043 1757 gquodammodo
1072 1699 1126 1757 per
1148 1684 1228 1740 hene
1256 1684 1432 1741 sensificans
1459 1682 1499 1740 ed
1520 1686 1645 1754 gustum

51 1768 137 1826 ordia
151 1773 196 1824 cst
206 1768 416 1826 convenientia
430 1770 462 1826 in
486 1775 567 1827 recto
591 1770 761 1828 animorum
815 1772 983 1830 dulcedinis
994 1773 1129 1841 internae,
1140 1778 1290 1847 quatenus
1304 1790 1358 1848 per
1384 1773 1484 1846 ipsam
1510 1770 1647 1828 videlicet

50 1863 85 1916 te
98 1857 241 1931 quaedem
255 1862 284 1914 et
296 1858 381 1916 unite
395 1859 573 1932 complexio.
816 1862 1005 1919 dilectionem
1018 1879 1080 1918 suas
1106 1862 1253 1919 felicitatis
1274 1862 1494 1934 jucunditatem
1517 1862 1644 1935 saperet,

50 1949 106 2005 illl.
120 1949 164 2004 Dc
177 1947 346 2019 dilectione,
357 1955 384 2004 ct
397 1951 461 2018 ejus
476 1950 594 2005 ratione
608 1949 734 2019 duplici.
817 1952 904 2024 cique
922 1950 1099 2020 infatigabili
1112 1949 1260 2007 desiderio
1280 1951 1446 2007 inhaereret.
1476 1952 1529 2006 Per
1554 1949 1644 2005 dilec-

50 2035 180 2093 .dianum
222 2036 260 2092 de
288 2036 445 2094 dilectione
485 2052 655 2094 sermonem
690 2036 761 2094 seri·
816 2041 928 2099 tionem
944 2055 1017 2110 ergo
1032 2039 1187 2114 copulavit
1200 2039 1257 2096 sibi
1270 2042 1528 2096 Deusereaturem
1556 2038 1645 2094 ratio·

50 2124 163 2182 ritorto
197 2125 335 2182 scintillet
360 2126 392 2182 in
413 2125 555 2183 cordibus
585 2126 704 2198 nostris,
734 2130 763 2183 et
815 2129 927 2198 nalem,
943 2129 1144 2201 uteisemper
1158 2128 1344 2197 inherendo,
1359 2128 1535 2202 ipsumque
1550 2126 1645 2185 beati·

50 2218 105 2272 icat
119 2214 198 2285 ignis
211 2215 369 2271 flammam
383 2215 506 2287 taciens,
518 2221 570 2273 eut
581 2220 676 2273 totum
689 2232 762 2272 con·
815 2221 937 2277 licenda
950 2224 1022 2288 crat,
1036 2218 1162 2286 bonum,
1174 2223 1203 2274 et
1218 2233 1255 2275 ex
1268 2218 1335 2291 ipso
1349 2217 1578 2292 quodammodo
1591 2231 1646 2290 per

50 2322 66 2373 t,
96 2309 148 2361 eut
176 2319 311 2378 purgans
335 2309 439 2361 totum.
456 2308 497 2361 Ex
520 2322 556 2362 eo
570 2321 703 2379 nemque
718 2311 763 2363 to·
816 2308 957 2366 effectum
972 2310 1100 2377 sugeret,
1115 2306 1195 2363 etde
1211 2306 1346 2381 ipseper
1361 2305 1543 2363 desiderium
1563 2304 1647 2363 bibe-

50 2394 152 2466 tquod
163 2394 280 2449 bouum
293 2398 346 2465 est,
373 2399 401 2450 et
430 2397 526 2451 totum
549 2395 633 2469 quod
647 2396 762 2452 melum
815 2400 870 2466 ret,
886 2400 914 2452 et
928 2395 1029 2469 ipsum
1041 2410 1094 2469 per
1109 2394 1256 2464 gaudium
1279 2393 1454 2468 possideret.
1483 2393 1574 2464 igitur
1591 2408 1646 2466 pcr

54 2498 90 2540 eo
104 2488 158 2540 est.
171 2485 252 2540 Unus
264 2482 332 2538 fons
355 2482 523 2539 dilectionis
549 2484 629 2540 intus
652 2484 762 2541 saliens
817 2499 954 2541 amorem
966 2483 1080 2540 sociata
1098 2487 1143 2538 cst
1158 2481 1273 2539 Factori
1286 2497 1341 2539 suo
1354 2487 1492 2539 creatura
1513 2481 1646 2539 ratione-

51 2587 105 2628 vos
119 2571 258 2629 intendit.
272 2572 350 2629 Alter
365 2577 411 2629 cst
424 2588 510 2628 amor
537 2573 656 2645 mundi,
682 2575 764 2648 cupi·
815 2571 852 2627 lis
867 2571 977 2643 solum,
992 2573 1045 2646 qui
1055 2576 1100 2629 est
1111 2572 1278 2629 dilectionis
1295 2571 1460 2641 vinculum,
1475 2570 1560 2644 quod
1574 2569 1647 2642 ligat

51 2659 172 2718 alterest
185 2677 271 2719 amor
286 2661 347 2728 Dei,
359 2661 497 2719 charites.
511 2662 640 2720 ltedium
650 2663 763 2737 quippe
817 2667 960 2735 utrosque
974 2662 1005 2718 in
1015 2663 1126 2737 ipsum,
1146 2667 1175 2719 et
1190 2666 1272 2719 tanto
1298 2661 1413 2718 felicius
1442 2665 1557 2733 quanto
1585 2658 1646 2716 ior·

57 2749 200 2816 bominis,
230 2750 299 2807 inde
326 2749 394 2808 lons
427 2751 540 2808 amoris
568 2753 707 2826 erumpit.
731 2756 764 2809 Et
817 2751 885 2808 tius.
899 2750 1116 2823 propterquod
1131 2750 1221 2807 etiem
1240 2754 1273 2806 ut
1297 2748 1426 2806 indivise
1450 2747 1588 2819 societas,
1618 2751 1648 2804 et

51 2855 73 2895 rr
84 2839 251 2912 appetitum
265 2839 304 2896 ed
319 2841 465 2896 exteriore
479 2840 617 2910 decurrit,
648 2841 764 2914 eupidi-
817 2838 980 2896 concordia
994 2838 1127 2912 perfecte
1141 2839 1300 2911 utrobique
1314 2837 1486 2906 baberetur,
1512 2835 1647 2908 gemine-

51 2933 108 2997 tur,
122 2944 192 2985 cum
207 2945 279 2985 vero
291 2928 475 2985 desiderium
492 2946 580 2985 suum
596 2930 763 2987 adintcrio·
817 2932 865 2985 tus
879 2931 925 2984 est
939 2944 1034 2984 nexus
1048 2927 1079 2983 in
1094 2927 1237 2984 charitate
1267 2928 1317 2983 Dei
1343 2931 1371 2983 ct
1385 2925 1525 3000 proximi,
1536 2928 1569 2981 ut
1592 2938 1647 2996 per

51 3016 93 3088 git,
108 3017 236 3074 charites
251 3017 434 3074 nominatur.
452 3021 528 3088 Ergo
539 3018 601 3074 duo
616 3023 685 3075 sunt
697 3019 763 3091 rivi,
779 3060 799 3117 C
818 3018 994 3075 charitatem
1009 3017 1060 3073 Dei
1074 3032 1180 3073 omnes
1194 3015 1247 3072 uni
1262 3016 1453 3082 cohererent,
1469 3030 1523 3088 per
1549 3012 1646 3070 cbari-

54 3105 135 3165 tonte
154 3106 319 3163 dilectionis
348 3111 515 3164 emanent:
549 3108 707 3181 cupiditas,
736 3112 765 3164 et
817 3112 877 3165 tem
890 3105 1137 3181 proximiomnes
1151 3104 1192 3161 ed
1211 3103 1340 3161 invicem
1366 3118 1461 3159 unum
1488 3102 1580 3171 ficret,
1615 3105 1648 3158 ut

52 3212 78 3253 s.
93 3198 128 3252 Et
145 3196 284 3253 omnium
312 3195 464 3253 melorum
490 3195 576 3253 radix
604 3196 762 3270 cupiditas,
817 3195 900 3270 quod
914 3195 952 3251 dc
967 3194 1017 3250 illo
1032 3209 1104 3263 uno,
1120 3193 1169 3249 cui
1183 3208 1288 3249 omncs
1303 3191 1499 3263 inherebant,
1518 3205 1647 3265 quisque

51 3283 115 3343 ium
132 3284 286 3343 bonorum
313 3285 401 3342 radix
426 3284 566 3341 charitas.
593 3285 764 3343 invenimus
817 3286 849 3342 in
860 3284 1020 3358 semetipso
1033 3299 1096 3340 non
1111 3287 1240 3356 caperet,
1255 3280 1373 3356 plenius
1387 3286 1477 3354 etque
1489 3279 1647 3355 perfectius

57 3373 141 3442 illud,
157 3374 240 3447 quod
268 3379 371 3431 nostre
397 3374 544 3433 desideria
573 3375 614 3432 sic
636 3376 766 3435 multise·
818 3392 871 3451 per
885 3375 1060 3431 charitatem
1075 3371 1204 3446 proximi
1229 3371 1260 3429 in
1290 3372 1383 3428 altero
1408 3370 1597 3446 possideret;
1620 3374 1648 3426 et

51 3462 155 3531 lividit,
185 3467 213 3520 et
234 3479 287 3520 cor
311 3478 407 3520 unum
434 3463 465 3519 in
489 3462 608 3521 diverm
633 3464 763 3533 deducit,
817 3462 1085 3522 bonumomnium
1095 3461 1179 3519 fieret
1194 3465 1289 3519 totum
1305 3460 1504 3533 singulorum.

51 3567 95 3609 en
108 3567 175 3610 esse
185 3557 292 3626 preter
303 3568 449 3611 amorem.
462 3552 517 3620 Qui
532 3569 602 3612 cum
615 3554 653 3612 sit
666 3559 765 3611 motus
