3742 6082
21 289 29 297 “
80 204 136 262 sos
413 168 416 175 ’
590 204 645 263 aa
661 203 948 264 sacnsumms.
969 204 1078 265 amar
1095 207 1125 264 11
1143 207 1244 266 anns
1261 209 1286 266 1.
1732 220 1787 287 ως

82 331 220 398 rabatur,
235 333 265 385 et
281 329 435 387 voluntati
462 329 563 387 Patris
586 333 735 404 superiori
761 349 815 405 per
837 334 905 389 olac-
920 330 948 387 A
961 334 1118 392 adducunt
1141 336 1249 393 deinde
1274 336 1481 396 definitionem
1509 355 1656 414 personae,
1671 346 1783 403 siouta

80 419 228 474 dientiam
244 419 465 490 subjiciebatur
477 419 601 475 dicens:
618 423 690 477 Non
706 437 779 477 mea
794 425 907 476 volun-
961 424 1146 494 quihusdam
1159 425 1241 480 facta
1252 429 1297 481 est
1312 430 1341 481 et
1357 428 1497 499 probata,
1513 431 1587 501 quia
1597 447 1727 502 persona
1737 439 1783 492 est

80 512 271 564 toeaedtua
285 509 347 578 fiat
376 509 463 579 (luc.
492 514 583 578 xxrr).
605 509 651 563 lta
675 525 747 580 ergo
766 510 907 565 Christus
960 512 1153 568 individuum
1167 515 1327 570 rationalis
1341 516 1533 574 substantiae.
1551 519 1626 574 Ecce
1643 520 1782 580 dicamus

78 596 162 669 quod
177 596 301 666 dicitur,
312 596 477 668 aliqnando
503 597 670 653 secundum
692 613 852 670 personam
867 597 908 653 di·
960 601 1128 656 secundum
1141 617 1196 658 nos
1211 603 1293 674 quod
1303 618 1433 675 persona
1445 605 1501 661 hoc
1516 610 1570 661 est.
1585 607 1667 663 Bene
1679 608 1785 680 diffini-

78 686 169 754 citur,
185 684 351 756 aliquando
367 685 533 740 secundum
549 686 580 740 id
604 685 687 757 quod
701 686 762 740 fuit
785 687 817 740 in
846 701 908 757 per·
962 691 1027 743 tum
1040 691 1257 746 estsscundum
1267 708 1322 747 nos
1333 693 1782 765 quidaitpcrsona.Secundum

78 789 155 831 sona
170 789 179 842 3
195 776 225 828 et
240 773 381 829 similiter
395 773 478 844 quod
494 773 661 829 secundum
685 775 840 830 hominem
862 775 906 830 di·
962 777 1784 854 nositadicamus.Namquodsupranosest‚diciomni·

77 863 169 933 citur,
182 862 349 936 aliquando
365 863 532 918 secundum
544 863 646 935 ipsum
668 863 824 919 hominem
838 863 908 919 dici·
961 881 1001 920 no
1017 881 1077 922 non
1088 870 1197 937 potest.
1212 867 1369 924 Indicihile
1384 874 1440 939 est,
1464 872 1538 942 quia
1556 873 1783 947 incomprehen-

79 956 141 1023 tur,
154 952 321 1024 aliquando
334 950 500 1007 secundum
514 952 616 1023 ipsum
629 951 712 1023 quod
728 952 789 1008 fuit
810 953 843 1009 in
857 953 907 1008 ho
959 953 1047 1009 sibile
1061 958 1116 1009 est.
1130 954 1304 1011 Secundum
1316 972 1372 1012 nos
1386 973 1457 1028 ergo
1470 959 1626 1018 dicamus:
1648 963 1782 1022 Persona

78 1044 173 1098 mine.
191 1042 228 1098 In
244 1044 469 1096 naturaautem
493 1040 665 1096 divinitatis
686 1042 741 1096 ubi
763 1040 907 1113 multipli-
961 1045 1007 1098 est
1031 1042 1227 1098 individuum
1254 1045 1414 1101 rationalis
1435 1047 1625 1106 substantiae.
1649 1050 1722 1118 Quae
1737 1058 1784 1110 est

80 1133 169 1200 citas,
186 1133 240 1185 aut
254 1130 416 1186 diversitas
431 1128 517 1184 nulla
531 1131 586 1199 est,
595 1134 769 1201 persona‚et
781 1129 814 1185 id
824 1129 907 1201 quod
960 1131 1119 1186 rationalis
1146 1131 1320 1187 substantia
1341 1134 1401 1189 nisi
1431 1136 1560 1206 spiritus
1588 1140 1748 1197 rationalis
1769 1139 1784 1196 i

80 1225 128 1276 eat
138 1220 172 1275 in
187 1233 317 1291 persona
329 1218 484 1274 diversum
496 1232 562 1273 esse
577 1232 640 1273 non
654 1221 765 1289 potest.
781 1217 817 1273 Iu
841 1217 907 1273 sola
960 1219 1033 1275 Haec
1047 1224 1094 1274 est
1107 1220 1189 1276 enim
1204 1221 1325 1293 proprie
1336 1222 1496 1279 rationalis
1511 1224 1695 1296 substantia,
1722 1230 1781 1302 spi·

79 1307 275 1363 humanitate
287 1305 341 1360 ubi
356 1305 569 1377 multiplicitas
582 1305 739 1359 invenitur
753 1304 907 1373 3atiudto·
959 1308 1081 1364 ritualia
1096 1309 1272 1365 substantia
1294 1326 1361 1381 quae
1376 1310 1441 1366 sola
1462 1312 1590 1369 rationis
1604 1329 1701 1388 capax
1715 1321 1781 1386 est3

79 1399 158 1464 tum,
168 1399 198 1451 et
208 1393 292 1450 aliud
303 1409 375 1466 pars
389 1407 454 1449 esse
468 1392 649 1450 ostenditur.
674 1393 786 1450 Totum
808 1408 907 1465 perso
961 1398 1034 1468 quia
1047 1398 1081 1453 in
1095 1413 1131 1454 ea
1146 1398 1212 1453 sola
1232 1400 1311 1454 ratio
1326 1414 1392 1455 esse
1406 1403 1516 1471 potest.
1540 1402 1620 1466 Nam
1643 1406 1670 1460 si
1690 1405 1782 1462 homo

79 1499 120 1539 na
135 1486 193 1553 est,
205 1483 317 1556 parsin
326 1497 464 1554 persona.
479 1482 591 1537 Totum
604 1487 650 1537 est
664 1482 805 1537 animast
819 1496 904 1550 car03
959 1486 1119 1542 rationalis
1133 1487 1308 1543 substantia
1320 1503 1386 1544 esse
1398 1489 1520 1560 dicitur,
1531 1506 1593 1547 non
1602 1496 1725 1565 propter
1739 1497 1784 1551 to·

77 1587 153 1645 pars
167 1571 270 1628 anima
285 1570 360 1640 sola,
376 1575 430 1626 aut
444 1570 510 1626 sola
519 1570 796 1626 care.Dicitautem
805 1569 904 1642 Scrip-
959 1577 1026 1629 tum
1039 1574 1159 1643 dicitur,
1177 1575 1229 1630 sed
1243 1579 1366 1647 propter
1378 1577 1513 1633 animam
1526 1578 1622 1635 solam
1638 1596 1706 1652 quae
1714 1598 1781 1654 pro-

77 1665 149 1716 tura
166 1678 172 1715 :
187 1682 201 1710 ι
216 1660 301 1716 Sicut
314 1659 418 1715 anima
432 1658 591 1714 rationalis
620 1663 650 1714 θῖ
678 1674 747 1715 caro
759 1674 841 1714 unus
855 1659 904 1714 ho
919 1663 944 1718 B
958 1663 1024 1734 pris
1037 1662 1196 1718 rationalis
1212 1663 1387 1720 substantia
1399 1664 1521 1721 dicitur.
1536 1667 1636 1724 Homo
1651 1671 1779 1726 enimse

77 1765 139 1818 mo,
154 1750 200 1805 ita
212 1747 296 1805 Deus
310 1748 445 1803 ethome
460 1763 541 1802 unus
554 1751 601 1802 est
616 1747 766 1803 Christus.
783 1769 793 1797 ι
815 1747 904 1803 Vide·
959 1751 1093 1806 cundum
1106 1753 1241 1806 animam
1256 1757 1378 1808 tantum
1395 1753 1553 1810 rationalis
1567 1760 1613 1812 est
1623 1772 1632 1826 3
1642 1757 1717 1829 quia
1736 1759 1781 1831 ip·

77 1842 107 1894 tc
121 1836 366 1894 similitudinem.
382 1836 464 1891 Bene
476 1836 542 1892 dico
557 1837 662 1891 anima
674 1840 704 1891 θῖ
715 1851 784 1891 caro
800 1836 906 1891 estne
959 1855 991 1895 se
1006 1841 1141 1896 animam
1156 1840 1336 1896 rationalem
1361 1841 1462 1898 habet.
1485 1842 1598 1900 Anima
1621 1849 1722 1902 autem
1737 1861 1781 1903 se·

76 1942 128 1982 mo
143 1942 153 1996 3
166 1929 197 1981 et
210 1926 322 1981 iterum
344 1925 499 1980 benedico
523 1925 615 1981 homo
642 1928 688 1980 est
710 1940 849 1997 persona.
866 1925 906 1981 Et
958 1928 1093 1984 cundum
1107 1944 1139 1984 se
1154 1928 1314 1984 rationalis
1328 1934 1374 1984 est
1383 1945 1392 1998 3
1407 1931 1481 2001 quia
1494 1930 1562 2003 ipsa
1582 1934 1616 1988 in
1639 1950 1671 1990 se
1695 1937 1783 1992 ratio

77 2030 203 2070 rursum
216 2015 294 2069 bene
308 2013 491 2082 dico,anima
505 2016 535 2068 et
550 2016 677 2070 caroest
690 2028 903 2085 unapersona.
959 2033 1027 2073 nem
1040 2016 1089 2073 vel
1104 2017 1353 2085 rationalitatem,
1366 2017 1398 2073 id
1412 2022 1459 2073 est
1488 2021 1617 2076 rationis
1637 2025 1785 2096 capacita·

77 2105 148 2160 Non
162 2107 265 2159 autem
287 2103 428 2158 similiter
441 2102 538 2158 dicere
558 2118 696 2174 possum,
723 2102 788 2158 sola
802 2103 906 2158 anima
958 2108 1020 2161 tem
1034 2105 1136 2160 habet.
1154 2104 1203 2160 Sic
1216 2105 1322 2176 itaque
1336 2105 1496 2161 rationalis
1523 2107 1696 2165 substantia
1717 2127 1784 2184 pro

79 2198 127 2249 est
141 2193 233 2248 homo
245 2196 299 2248 aut
312 2191 377 2247 sola
391 2207 460 2246 caro
486 2195 532 2247 est
545 2191 646 2247 homo,
664 2191 703 2246 Et
730 2191 841 2248 idcirco
865 2191 907 2246 di·
958 2194 1023 2267 prie
1035 2197 1064 2249 et
1078 2193 1246 2249 secundum
1265 2209 1297 2249 se
1312 2210 1373 2250 non
1391 2198 1447 2265 est,
1472 2196 1533 2252 nisi
1546 2198 1673 2269 spiritus
1696 2201 1786 2257 ratio·

78 2297 146 2337 cere
161 2296 223 2336 non
234 2295 371 2353 possum,
388 2279 453 2335 sola
467 2280 571 2335 anima
582 2283 628 2335 est
640 2294 781 2351 persona,
797 2284 851 2335 aut
862 2295 906 2335 so·
958 2282 1038 2338 nelis
1051 2280 1066 2336 i
1080 2283 1133 2353 qui
1147 2281 1342 2337 individuum
1355 2298 1424 2338 vere
1440 2287 1495 2352 est,
1518 2289 1549 2340 et
1573 2286 1606 2340 in
1632 2292 1785 2359 quantum

77 2369 110 2425 la
134 2385 205 2426 caro
230 2373 277 2426 est
301 2384 440 2441 persona.
468 2368 505 2424 In
532 2368 654 2424 Christo
680 2373 783 2424 autem
807 2368 905 2424 dicere
958 2375 1070 2426 natura
1080 2369 1210 2442 simplex
1220 2374 1266 2425 est
1282 2386 1288 2424 :
1305 2370 1554 2442 compositionem
1569 2374 1704 2445 partium
1720 2391 1783 2433 non

77 2473 207 2531 possum
221 2457 305 2514 Deus
319 2461 349 2513 et
362 2457 453 2512 homo
462 2462 509 2512 est
522 2456 675 2527 Christus,
687 2461 717 2512 et
726 2457 824 2514 dicere
832 2473 903 2529 pos·
955 2460 1086 2529 phebeus,
1100 2462 1130 2514 et
1142 2462 1261 2514 naturae
1274 2458 1421 2530 simplicis
1440 2463 1487 2515 est
1499 2460 1636 2532 ejusdem
1651 2465 1782 2538 proprie

79 2562 150 2603 sum
165 2546 315 2615 similiter,
331 2545 414 2601 Deus
429 2548 474 2601 est
484 2545 635 2615 Christus,
646 2548 676 2601 et
686 2546 798 2601 iterum
813 2545 904 2602 homo
957 2547 1031 2604 tatis
1044 2547 1133 2619 plura
1147 2561 1209 2602 non
1222 2547 1391 2602 continens,
1408 2548 1467 2603 Hic
1480 2547 1584 2620 itaque
1598 2551 1726 2623 spiritus
1740 2567 1785 2609 ra·

78 2640 126 2692 cst
140 2634 294 2691 Christus.
310 2634 349 2689 Et
360 2650 484 2690 rursum
499 2634 598 2689 dicere
611 2649 749 2706 possum,
764 2635 847 2690 Deus
873 2638 905 2690 et
957 2635 1082 2692 tionalis
1096 2635 1217 2707 proprie
1232 2649 1362 2705 persona
1384 2635 1506 2704 dicitur,
1523 2640 1553 2692 et
1572 2650 1700 2695 numero
1725 2639 1785 2697 dis·

77 2725 171 2781 horno
185 2739 249 2779 una
263 2726 308 2780 est
323 2727 499 2795 persona,et
513 2724 587 2779 item
601 2723 685 2780 Deus
702 2728 748 2779 est
762 2738 903 2796 persona,
957 2729 1068 2793 cretus,
1084 2727 1114 2779 et
1126 2723 1245 2778 ratione
1259 2722 1443 2778 discernens.
1466 2722 1515 2779 Sic
1543 2726 1625 2781 enim
1653 2728 1780 2799 quidam

77 2817 109 2870 θῖ
123 2814 215 2871 homo
228 2815 424 2884 estparsona.
446 2811 551 2878 Qualis
567 2827 638 2883 ergo
665 2818 711 2868 est
734 2811 904 2868 similitudo
956 2828 1118 2886 personam
1140 2812 1253 2868 dictam
1272 2826 1338 2866 esse
1358 2810 1532 2881 voluerunt,
1553 2815 1642 2884 quasi
1668 2831 1722 2887 per
1749 2832 1781 2872 se

76 2902 144 2958 haec
171 2917 241 2958 cum
263 2900 375 2957 dicitur
404 2917 409 2954 :
437 2899 552 2956 «Siout
581 2901 685 2956 anima
698 2900 859 2956 rationalis
874 2904 904 2955 et
957 2906 1128 2971 sonantem,
1142 2904 1172 2956 et
1186 2901 1276 2972 quasi
1291 2899 1488 2970 singulariter
1502 2900 1733 2973 discernentem,
1745 2908 1781 2960 ut

77 3004 150 3046 caro
175 3005 258 3046 unus
285 2992 331 3045 est
358 2989 460 3058 home,
484 2990 529 3045 ita
556 2988 639 3044 Deus
666 2989 802 3045 ethome
821 3005 903 3045 unus
922 2999 945 3057 c
959 2991 1154 3063 inquantum
1169 3003 1297 3044 numero
1311 2987 1442 3043 discrete
1455 2990 1501 3043 est
1513 3004 1568 3060 per
1584 3005 1626 3059 se,
1641 2991 1781 3064 inquan-

77 3082 109 3135 et
133 3078 277 3135 Christus
302 3076 317 3132 i
347 3100 358 3129 ι
386 3077 418 3134 Si
444 3079 527 3134 enim
556 3077 733 3134 omnimoda
759 3078 904 3134 similitu·
958 3084 1025 3135 tum
1040 3078 1158 3134 ratione
1173 3076 1318 3131 discernit
1332 3080 1503 3145 sonantem,
1519 3077 1567 3133 vel
1580 3081 1782 3151 pronuntiau-

77 3166 195 3235 deest,
226 3181 320 3238 quare
350 3167 429 3222 sicut
456 3167 488 3222 in
514 3166 636 3223 Christo
669 3167 783 3223 dicitur
810 3167 903 3237 Deus,
959 3172 1031 3237 tem,
1045 3167 1094 3223 vel
1104 3166 1295 3238 judicantem
1317 3180 1349 3220 se
1376 3164 1597 3237 intelligamus.
1614 3167 1690 3225 Ecce
1710 3185 1782 3242 ergo

77 3260 110 3311 et
132 3256 225 3313 homo
247 3255 408 3312 Christus:
439 3256 576 3313 ethome
599 3254 741 3312 Christus
768 3261 798 3312 et
822 3257 905 3312 Deus
959 3256 1127 3313 secundum
1149 3255 1228 3311 hano
1252 3253 1465 3311 diffinitionem
1495 3256 1615 3328 proprie
1641 3257 1783 3331 dicimus,

79 3344 209 3402 Chistus
236 3361 245 3414 3
277 3360 338 3402 non
374 3346 419 3401 ita
445 3346 538 3401 etiam
567 3346 600 3401 in
631 3346 754 3402 homine
781 3346 903 3416 dicitur,
958 3345 1180 3420 quodspiritus
1195 3344 1356 3400 rationalis
1370 3360 1501 3416 persona
1524 3349 1580 3415 est,
1604 3362 1658 3419 per
1684 3349 1785 3406 sedis

79 3433 162 3490 sicut
176 3449 245 3489 caro
260 3437 290 3489 et
301 3434 405 3489 anima
419 3433 512 3489 simul
533 3434 635 3504 homo,
650 3435 695 3489 ita
720 3435 813 3490 etiam
841 3434 906 3489 sola
958 3451 1084 3492 cernens
1109 3451 1150 3491 se.
1178 3434 1248 3490 Non
1277 3437 1324 3491 est
1350 3433 1398 3488 hic
1414 3449 1527 3504 magna
1541 3437 1784 3512 quaestioneque

80 3537 152 3578 caro
165 3537 260 3594 perse
272 3522 373 3591 homo,
389 3525 443 3577 aut
464 3522 529 3577 sola
552 3523 656 3578 anima
673 3538 727 3594 per
741 3538 772 3578 se
787 3523 878 3579 homo
893 3540 905 3590 ‚·
959 3524 1146 3595 ambiguitas
1160 3520 1508 3593 intelligendi‚ubiquod
1520 3527 1567 3579 est
1579 3527 1783 3583 totumunum

79 3610 129 3666 vel
145 3610 516 3666 sicutinhomineanima
534 3611 657 3683 quidem
672 3616 703 3668 et
717 3627 788 3668 caro
813 3611 906 3667 simul
958 3616 1014 3669 est.
1031 3612 1069 3668 In
1083 3611 1206 3666 homine
1219 3614 1321 3665 autem
1343 3624 1404 3665 non
1430 3608 1534 3664 eadem
1548 3612 1628 3666 ratio
1642 3614 1784 3684 occurrit,
1826 3622 1832 3627 ’

78 3699 173 3755 homo
182 3699 362 3769 dicitur‚nec
375 3701 479 3755 anima
490 3715 544 3772 per
556 3715 587 3755 se
600 3700 665 3756 sola
676 3700 767 3756 homo
782 3700 903 3771 dicitur,
958 3700 1012 3755 ubi
1027 3699 1087 3755 duo
1098 3697 1221 3770 quidem
1232 3699 1316 3765 sunt,
1332 3700 1362 3751 et
1377 3699 1479 3752 tamen
1493 3711 1631 3768 personae
1646 3698 1783 3757 duaenon

77 3802 134 3843 nec
144 3803 216 3844 caro
230 3803 284 3859 per
298 3803 330 3844 se
347 3788 438 3844 homo
453 3788 575 3857 dicitur,
584 3789 628 3844 sic
642 3789 675 3843 in
685 3788 807 3845 Christo
821 3787 905 3845 Deus
959 3791 1042 3856 sunt,
1055 3786 1109 3842 sed
1122 3801 1185 3841 una
1198 3799 1328 3857 persona
1338 3798 1407 3839 caro
1422 3787 1452 3839 et
1466 3784 1579 3841 anima.
1595 3786 1654 3843 Hic
1679 3792 1783 3846 autem

77 3875 204 3949 quidem
217 3879 248 3932 et
261 3877 352 3933 homo
365 3877 457 3933 simul
466 3877 609 3933 Christus
617 3877 739 3946 dicitur,
747 3877 792 3932 ita
802 3880 905 3933 tamen
959 3875 1084 3948 quidam
1097 3878 1161 3930 tam
1172 3871 1382 3944 multipliciter
1397 3871 1542 3929 delirasse
1569 3874 1781 3949 inveniuntur,

77 3968 114 4020 ut
129 3980 186 4020 nee
195 3964 287 4021 homo
306 3965 391 4021 solus
408 3981 463 4037 per
477 3981 519 4035 se,
533 3982 588 4022 nec
602 3966 686 4022 Deus
698 3965 782 4022 solus
797 3981 851 4038 per
873 3980 905 4022 se
959 3963 1032 4020 solis
1049 3963 1148 4018 verbis
1163 3961 1363 4029 adhaerentes,
1382 3963 1417 4015 ut
1432 3976 1494 4016 non
1506 3961 1595 4018 facile
1619 3963 1784 4023 verborum

76 4051 221 4109 Christus
234 4054 354 4110 dicatur
367 4051 382 4108 i
395 4054 511 4125 Magna
536 4054 686 4111 involutio
714 4054 834 4110 dicendi
859 4056 906 4109 est
958 4051 1117 4109 involucra
1126 4049 1258 4123 judicari
1271 4048 1454 4121 potuissent,
1475 4049 1536 4105 nisi
1564 4050 1673 4108 iatine
1700 4068 1784 4111 error

75 4142 156 4197 circa
171 4140 237 4197 haec
251 4157 260 4210 3
274 4146 304 4197 θῖ
312 4141 432 4199 laborat
445 4143 536 4198 homo
551 4144 661 4211 inane,
673 4143 726 4215 qui
738 4158 815 4215 pene
827 4141 907 4198 nihil
958 4156 991 4198 se
1005 4141 1188 4196 manifestus
1197 4137 1378 4195 ostenderet.
1386 4137 1501 4194 Dicunt
1516 4138 1670 4196 hominem
1686 4145 1784 4200 totum

76 4228 249 4300 intelligere
264 4230 360 4299 novit,
376 4231 435 4286 nisi
450 4230 507 4286 hoc
521 4233 552 4286 et
565 4231 733 4287 secundum
748 4231 806 4288 hoc
822 4229 904 4303 quod
959 4229 1114 4303 quoddam
1126 4242 1192 4284 esse
1207 4225 1409 4297 compositum
1424 4241 1462 4281 ex
1477 4227 1582 4282 anima
1603 4231 1633 4282 et
1647 4243 1782 4302 corpora,

77 4317 178 4374 dicere
191 4318 286 4373 novit.
303 4316 451 4382 Quaerunt
465 4319 497 4374 hi
513 4319 650 4391 quotidie
665 4318 805 4375 homines
828 4318 903 4390 quid
917 4341 945 4396 D
959 4317 1043 4373 aliud
1057 4316 1183 4373 omnino
1192 4317 1223 4370 et
1234 4313 1388 4370 diversum
1414 4312 1453 4367 ah
1475 4312 1579 4368 anima
1594 4316 1625 4369 et
1647 4330 1782 4388 corpore,

75 4404 241 4461 dicendum
254 4405 305 4475 ait,
317 4406 430 4478 etquid
455 4406 639 4463 credendum
663 4422 742 4464 raro.
757 4407 905 4474 Quaerunt
959 4406 1004 4462 ita
1018 4409 1054 4460 ut
1068 4400 1520 4470 hoctotumnecanimasit‚uec
1533 4403 1784 4475 corpusit,necsi·

75 4493 242 4550 anlocutio
263 4492 317 4549 illa
330 4494 412 4549 bona
426 4499 482 4564 est,
510 4499 540 4551 st
562 4511 603 4551 an
626 4495 739 4553 locutio
765 4494 820 4551 illa
834 4495 905 4550 reci·
959 4493 1181 4550 militeranima
1193 4494 1223 4546 θῖ
1236 4490 1519 4562 corpus3nonenim
1528 4493 1781 4567 totumistaess03

75 4581 190 4653 pianda
211 4584 267 4650 est,
288 4585 319 4637 et
342 4597 382 4637 an
402 4582 561 4654 probanda
587 4586 634 4639 est
650 4583 764 4640 locutio
787 4581 850 4638 illa.
869 4582 905 4638 In
959 4581 1209 4638 sedenistisesse
1222 4578 1407 4634 dicuntfloc
1420 4577 1782 4648 igiturtotumhominem

75 4672 201 4725 moneta
212 4671 375 4726 verborum
389 4671 482 4742 positi
496 4675 579 4740 sunt,
590 4676 620 4727 et
634 4671 787 4727 concurrit
801 4671 904 4727 multi·
959 4666 1784 4741 esseputant‚etipsumhominemquihoetotumestra·

75 4757 152 4815 tudo
162 4773 277 4830 magna
289 4764 507 4829 sermonum,et
521 4759 801 4832 intinitapcrplexio
811 4775 820 4828 3
832 4760 905 4830 quia
959 4757 1104 4815 tionalem
1118 4770 1193 4824 esse,
1208 4754 1417 4811 rationalitate
1436 4770 1506 4826 quaa
1519 4754 1632 4829 inipso
1646 4761 1712 4816 toto
1725 4764 1782 4831 est,

71 4846 225 4917 judicium
238 4847 511 4920 spiritus-alittera
525 4847 773 4917 treberensium,
788 4848 904 4918 nonju·
958 4846 1080 4902 diversa
1090 4861 1108 4898 a
1122 4843 1250 4911 ratione,
1265 4842 1356 4897 sivea
1371 4842 1580 4900 rationalitate
1591 4847 1689 4918 partis
1699 4848 1784 4906 idest

75 4933 191 4990 dicium
205 4935 317 5012 litterae
329 4951 348 4991 a
358 4936 479 5009 spiritu.
494 4936 642 4993 Nesciunt
654 4936 736 4993 enim
755 4936 829 5008 quia
844 4935 903 5008 spi·
959 4935 1080 5001 animm,
1096 4932 1176 4988 sicut
1186 4931 1289 5003 ipsum
1303 4932 1404 4986 totum
1418 4930 1573 4988 diversum
1589 4937 1636 4990 est
1652 4950 1671 4991 a
1684 4941 1781 5009 parte.

75 5023 157 5078 ritus
170 5022 306 5080 litteram
327 5025 465 5096 judicare
488 5025 588 5095 debet,
618 5041 680 5081 non
704 5023 807 5080 littera
821 5024 905 5096 spiri·
958 5023 1116 5079 Postremo
1127 5019 1231 5076 omnia
1244 5034 1313 5090 quae
1335 5019 1370 5074 in
1400 5022 1464 5074 ῖοῖο
1478 5023 1551 5075 sunt
1573 5021 1693 5080 diversa
1718 5041 1783 5081 esse

74 5113 153 5166 tum.
165 5111 407 5184 Sicutscriptum
420 5116 466 5168 est
480 5115 903 5182 :Spiritualisjudicatom-
959 5110 1084 5167 omnino
1100 5108 1138 5163 ah
1163 5108 1212 5163 his
1241 5123 1310 5179 quaa
1334 5106 1367 5162 in
1382 5107 1524 5179 partibus
1536 5115 1688 5181 constant,
1704 5113 1783 5168 sicut

75 5201 148 5265 aia,
164 5201 275 5268 etipse
290 5215 311 5256 a
327 5203 458 5256 nemine
467 5203 647 5268 judicatur
663 5200 903 5272 (lGor.11).La·
958 5199 1060 5271 ipsum
1076 5201 1176 5253 totum
1191 5195 1333 5268 partibus
1344 5195 1498 5252 diversum
1512 5201 1569 5253 est.
1586 5198 1692 5270 Itaque
1705 5200 1784 5255 sicut

73 5285 190 5342 borant
198 5303 271 5358 ergo
284 5288 441 5360 injudicio
454 5289 584 5359 dicendi,
600 5291 674 5362 quia
688 5291 830 5362 spiritum
842 5305 904 5345 non
958 5285 1151 5343 rationalitas
1166 5283 1301 5340 hominis
1316 5283 1376 5339 alia
1400 5288 1446 5340 est
1470 5301 1563 5356 quam
1590 5285 1782 5343 rationalitas

73 5375 193 5431 habent
206 5376 407 5448 intelligendi.
424 5378 539 5434 Volunt
562 5379 674 5434 hahere
699 5379 859 5450 judicium,
875 5381 904 5433 θῖ
958 5376 1070 5431 animae
1089 5389 1097 5443 3
1113 5373 1187 5445 quia
1200 5387 1263 5426 una
1277 5372 1373 5428 totius
1386 5374 1442 5440 est,
1458 5375 1488 5427 et
1502 5373 1534 5427 in
1554 5376 1617 5429 toto
1632 5375 1699 5441 est3
1714 5373 1783 5430 alte
1842 5424 1850 5435 ,

76 5464 222 5537 spiritum
239 5465 352 5522 habere
367 5467 487 5536 nolunt,
504 5468 646 5539 sineque
668 5471 747 5523 recte
768 5466 904 5538 judicare
959 5463 1103 5535 repertis
1117 5461 1210 5517 estin
1224 5463 1311 5532 parte
1326 5463 1371 5515 est
1384 5476 1393 5530 3
1407 5460 1494 5514 itaet
1508 5460 1781 5517 bonitatemtotius

74 5567 140 5608 non
153 5556 296 5625 possunt.
317 5554 482 5627 Propterea
503 5554 648 5610 laborant
666 5555 699 5610 in
721 5554 858 5624 dicendo,
874 5558 904 5609 et
959 5566 1028 5623 quse
1042 5550 1075 5606 in
1088 5552 1152 5605 toto
1167 5552 1224 5617 est,
1239 5547 1333 5603 aliam
1347 5561 1412 5602 esse
1423 5546 1540 5615 dicunt,
1563 5550 1592 5601 et
1614 5547 1782 5605 bonitatem

72 5639 207 5699 veniunt
219 5641 281 5698 alia
293 5645 324 5699 et
339 5642 399 5699 alia
412 5642 541 5699 dicenda
550 5642 587 5699 de
596 5641 649 5698 illo
659 5640 742 5714 quod
753 5657 850 5701 unum
862 5641 905 5697 in·
958 5639 1056 5710 partis
1071 5637 1174 5706 aliam,
1190 5635 1265 5708 quia
1279 5634 1377 5707 partis
1392 5636 1438 5688 est
1450 5636 1481 5689 et
1494 5633 1527 5688 in
1547 5638 1635 5705 parte
1649 5639 1780 5696 tantum.

73 5728 280 5806 teldgendum
291 5745 372 5791 eum.
387 5731 537 5800 Quarunt
556 5729 632 5804 quid
651 5731 693 5790 sit
706 5745 846 5805 persona,
874 5733 905 5790 et
959 5725 1108 5788 Similiter
1122 5728 1153 5782 et
1166 5722 1319 5782 malitiam
1331 5718 1467 5779 hominis
1480 5719 1687 5796 eliamque
1702 5726 1804 5779 mas
