3742 6082
72 124 137 205 aei„
383 118 561 181 nuceriis
577 118 632 178 nn
649 118 681 177 S.
699 116 871 193 moroan
887 115 973 175 OPP.
993 115 1094 177 PARS
1111 115 1153 175 H.
1172 145 1208 161 -
1224 113 1470 175 DOCMATICA.
1724 112 1784 188 232

75 249 238 308 lectionem
250 246 411 305 imminuis
417 261 426 317 ;
440 246 466 302 si
476 248 587 303 cuncta
596 245 711 319 pariter
717 242 898 309 constituas,
913 239 941 296 A
949 244 1092 312 possunt,
1107 241 1255 313 quoniam
1269 240 1418 296 sciuntur.
1433 238 1507 304 Quae
1518 251 1592 294 vero
1605 239 1714 294 contra
1729 253 1778 292 ra·

73 336 154 396 nihil
168 337 272 394 deesse
290 335 454 393 confiteris.
479 334 537 391 His
562 349 633 404 ergo
656 336 685 388 et
710 333 775 404 ipse
797 343 899 385 rerum
954 327 1067 403 tionem
1082 331 1155 385 sunt
1165 327 1251 384 nulla
1266 328 1406 383 similiter
1415 326 1532 382 rationo
1548 324 1782 398 credipossunt,

72 425 212 483 conditor
226 440 319 497 opera
332 440 389 480 sua
402 423 539 497 perfecit,
553 424 583 477 et
597 422 717 476 constat
743 418 809 490 ipse
831 432 897 488 per·
955 416 1101 488 quoniam
1115 432 1176 473 non
1187 416 1360 489 suscipiunt
1375 414 1469 470 ullam
1487 414 1649 483 rationem,
1665 429 1720 469 nec
1734 428 1783 469 ac-

77 515 187 584 isclus,
201 513 348 586 quoniam
364 513 396 568 in
411 513 478 584 ipso
493 509 624 582 perlecta
638 510 710 562 sunt
725 518 902 578 quaenequs
955 504 1085 576 quiescit
1098 505 1148 560 his
1163 505 1241 560 ratio
1263 503 1438 576 aliquando.
1464 503 1555 572 Ergo,
1583 516 1652 573 quae
1681 515 1787 556 secun·

77 603 111 659 in
126 605 212 675 parte
226 601 331 672 augeri
341 602 481 672 possunt,
498 597 571 669 quia
582 595 753 668 plenasunt
767 610 777 664 3
803 608 902 664 neque
956 591 1029 647 dum
1045 593 1196 648 rationem
1209 595 1283 648 sunt
1298 596 1327 647 et
1340 607 1407 664 quae
1426 594 1499 646 sunt
1512 605 1607 661 supra
1620 589 1786 659 rationem,

76 689 109 745 in
125 692 189 746 toto
203 687 420 753 consummari,
448 685 522 755 quia
538 683 670 755 perlecta
694 685 766 737 sunt
783 696 903 753 3neque
957 681 1170 738 tantummodo
1186 682 1357 753 suscipiunt
1371 679 1472 735 fldem.
1486 679 1525 733 Et
1545 679 1578 733 in
1594 678 1693 749 primo
1717 678 1786 750 qui-

79 779 112 834 in
129 778 246 833 unitate
259 775 365 841 dividi,
379 772 452 844 quia
477 787 573 827 unum
589 774 671 826 sunt.
959 771 1027 826 dem
1044 770 1246 840 generandos
1257 770 1375 825 ratione
1400 768 1565 839 adjuvatur
1584 769 1613 820 et
1628 765 1708 821 ratio
1727 765 1787 821 fide

151 865 223 920 Car.
240 862 350 917 XXIX.
365 863 503 921 Quodis
519 862 569 915 lais
584 861 688 914 tribua
708 860 830 914 omnio.
959 857 1126 930 perficitur,
1137 858 1283 929 quoniam
1293 856 1459 912 secundum
1475 854 1624 910 rationem
1634 857 1707 909 sunt
1717 868 1787 926 quae

117 953 156 1007 nt
171 964 360 1023 quaecunque
368 949 405 1004 de
420 949 677 1016 Deodicuntur,et
685 947 850 1003 creduntur
859 960 907 1000 ve
960 947 1134 1002 creduntur,
1151 946 1286 1012 Quorum
1298 945 1459 1001 veritatem
1479 943 1598 998 stratio
1621 957 1684 999 non
1710 957 1790 997 com·

83 1040 192 1096 raciter
205 1039 323 1094 iuDeo:
341 1038 380 1092 ad
397 1038 460 1092 haec
475 1037 536 1092 tria
548 1037 722 1091 referuntur
743 1039 772 1091 et
787 1036 907 1091 constat
960 1034 1132 1108 prehendit,
1147 1035 1217 1090 fidei
1232 1038 1334 1090 tamen
1358 1034 1481 1089 illorum
1510 1047 1571 1087 non
1591 1031 1786 1088 contradicit.

81 1127 291 1182 inhistribus
316 1125 350 1180 in
378 1126 456 1197 ipso,
483 1125 606 1195 quibus,
625 1123 789 1179 utdictum
806 1126 862 1192 θεῖ,
880 1123 907 1178 si
961 1122 998 1180 In
1008 1123 1047 1178 iis
1061 1138 1130 1195 quae
1145 1138 1239 1194 supra
1250 1123 1399 1178 rationem
1415 1125 1498 1189 sunt,
1528 1135 1590 1175 non
1621 1119 1790 1193 adjuvatur

83 1214 159 1288 quid
171 1215 261 1271 tollas
273 1211 647 1286 perfectumaonestquod
662 1211 866 1283 relinquitur3
881 1211 908 1266 si
961 1212 1036 1268 fides
1051 1212 1168 1267 ratione
1192 1210 1253 1266 ulla
1266 1227 1275 1280 3
1296 1210 1442 1282 quoniam
1467 1223 1529 1264 non
1549 1208 1631 1280 capit
1659 1222 1693 1264 ea
1709 1207 1791 1264 ratio

84 1303 160 1376 quid
174 1302 304 1375 adjicere
318 1302 447 1371 coneris,
463 1301 565 1372 majus
578 1315 639 1357 non
655 1303 701 1356 θεῖ
715 1299 798 1372 quod
812 1299 908 1372 expli·
963 1316 1032 1374 quse
1047 1300 1122 1355 tides
1136 1299 1243 1369 credit,
1263 1303 1293 1355 et
1308 1303 1410 1354 tamen
1423 1301 1470 1353 θεῖ
1484 1296 1607 1370 aliquid·
1622 1311 1683 1368 quo
1706 1296 1787 1352 ratio

84 1394 182 1447 catur.
196 1390 228 1446 Si
242 1390 323 1446 enim
338 1389 448 1446 fortem
463 1389 539 1445 dicis
552 1392 582 1445 et
599 1389 811 1460 incorruptum
826 1392 855 1444 et
867 1388 911 1443 in·
963 1389 1145 1445 admonetur
1174 1388 1313 1444 venerari
1337 1387 1427 1443 fidem
1455 1402 1549 1458 quam
1569 1400 1631 1442 non
1658 1399 1791 1457 compre

85 1478 333 1536 commutabilem
346 1482 376 1534 et
390 1476 599 1533 invincibilem
614 1479 645 1532 θῖ
660 1479 767 1532 caetera
790 1492 858 1548 quae
870 1476 909 1531 si·
964 1478 1081 1534 hendit.
1098 1476 1171 1542 Quae
1187 1476 1268 1532 dicta
1282 1478 1355 1531 sunt
1369 1490 1450 1546 ergo,
1474 1479 1504 1530 et
1518 1473 1685 1530 secundum
1698 1473 1791 1528 ratio·

85 1566 172 1622 milia
185 1569 267 1636 sunt,
284 1567 334 1623 hio
350 1569 449 1622 totum
461 1566 519 1622 hoc
532 1566 677 1638 potentiae
691 1569 737 1621 est
751 1580 760 1635 3
774 1565 908 1637 siprovi·
925 1574 950 1632 Β
965 1582 1045 1636 nem,
1068 1566 1194 1621 fuerunt
1208 1564 1381 1637 probabilia
1407 1563 1531 1628 rationi,
1560 1565 1590 1617 et
1607 1564 1715 1634 sponte
1744 1576 1792 1617 ac·

86 1654 170 1723 dum,
185 1655 211 1710 si
225 1655 439 1728 inspectorem,
463 1653 489 1709 si
518 1656 704 1709 scrutantem
733 1652 861 1723 occulta,
882 1656 912 1709 et
966 1654 1083 1727 quievit
1097 1654 1150 1710 eis.
1167 1653 1240 1719 Quae
1255 1669 1327 1710 vero
1340 1667 1434 1724 supra
1446 1650 1595 1706 rationem
1614 1650 1742 1705 inerunt
1755 1663 1794 1704 ex

88 1741 321 1813 intelligentem,
337 1742 395 1798 hoc
409 1744 508 1798 totum
523 1742 681 1814 sapientiae
691 1743 738 1797 eet
747 1757 755 1810 3
772 1742 799 1797 si
813 1742 911 1814 pium,
966 1743 1072 1799 divina
1086 1741 1271 1798 revelatione
1285 1741 1407 1813 prodita
1423 1742 1517 1808 sunt3
1533 1740 1564 1793 et
1588 1753 1651 1793 non
1666 1739 1795 1810 operata

89 1831 116 1886 si
129 1834 337 1900 mansuetum,
354 1831 380 1885 si
392 1830 628 1899 misericordem,
645 1831 671 1885 si
682 1830 858 1903 patientem,
872 1833 914 1885 to
967 1834 1013 1888 est
1026 1831 1059 1885 in
1075 1831 1118 1885 eis
1133 1830 1222 1899 ratio,
1244 1829 1296 1885 sed
1311 1828 1462 1900 castigata
1486 1829 1589 1881 tamen
1613 1838 1651 1880 ne
1679 1823 1718 1880 ad
1739 1823 1795 1880 illa

90 1923 157 1976 tum
171 1919 229 1976 hoc
243 1920 392 1975 bonitatis
404 1922 459 1974 θεῖ.
480 1919 520 1973 Εῖ
535 1933 596 1974 non
607 1921 708 1990 potest
720 1917 769 1973 his
784 1917 913 1989 adjicere
967 1919 1171 1977 contenderet.
1196 1919 1287 1975 Nunc
1310 1934 1381 1993 ergo
1409 1916 1548 1989 sequitur
1582 1915 1795 1971 demonstrare

89 2008 204 2064 veritas
217 2007 398 2080 quidquam.
415 2007 489 2079 quia
503 2009 601 2063 toturn
617 2007 650 2061 in
664 2006 714 2062 his
739 2007 914 2062 continetur
968 2012 1119 2082 quantum
1134 2008 1183 2064 his
1198 2023 1266 2081 qnae
1275 2008 1309 2063 in
1323 2005 1533 2063 ratiocinando
1541 2004 1698 2077 proposita
1707 2006 1794 2075 sunt,

89 2095 172 2167 quod
185 2095 353 2168 perfeetum
365 2098 412 2151 est
426 2099 456 2150 et
467 2109 574 2149 verum
592 2110 598 2148 τ
614 2093 682 2149 ideo
710 2093 770 2149 tria
789 2093 853 2149 haec
868 2107 916 2148 ve·
968 2103 998 2154 θῖ
1012 2098 1162 2156 conducta
1174 2096 1374 2170 probabiliter
1393 2094 1537 2151 revelatio
1560 2093 1665 2148 divina
1677 2092 1793 2162 adjece-

89 2183 211 2239 ritatem
230 2186 480 2239 monstraverunt
493 2182 526 2237 in
550 2181 713 2237 simulacro
738 2182 871 2255 perfeeto
886 2184 916 2237 et
969 2189 1019 2257 rit,
1035 2190 1066 2243 et
1088 2202 1157 2258 quae
1187 2201 1240 2259 per
1267 2185 1501 2257 inspirationem
1529 2181 1739 2250 manifestata,
1764 2182 1795 2235 et

88 2275 309 2345 persuaserunt
324 2271 402 2327 nihil
416 2270 620 2342 adjiciendum
633 2270 734 2326 tribus
748 2286 757 2339 3
772 2270 916 2342 quiahoc
969 2290 1038 2348 quae
1050 2290 1103 2346 per
1118 2274 1288 2329 doctrinam
1303 2276 1420 2328 asserta
1436 2274 1508 2327 eunt
1524 2273 1575 2340 3et
1590 2285 1658 2341 quae
1673 2283 1727 2340 per
1742 2266 1796 2322 mi·

89 2359 256 2432 perlectum
272 2362 328 2428 est,
357 2362 388 2414 et
402 2358 479 2414 nihil
507 2358 675 2415 tollendum
701 2359 849 2430 quoniam
872 2359 917 2416 sic
969 2361 1265 2434 raculaapprobata,
1291 2375 1329 2415 ex
1348 2360 1397 2415 his
1418 2360 1568 2432 quantum
1596 2355 1753 2412 videbitur
1765 2357 1796 2410 ct

91 2449 212 2502 constat
225 2450 471 2502 consummatum
488 2464 494 2501 z
511 2450 541 2502 et
556 2448 616 2503 tria
630 2447 694 2503 haec
707 2447 740 2502 in
753 2447 816 2503 Deo
829 2451 918 2504 erant
970 2449 1116 2525 possibile
1131 2450 1198 2504 erit.

92 2550 190 2590 unum
203 2551 212 2604 3
226 2538 257 2591 θῖ
270 2534 334 2591 Deo
346 2550 443 2590 unum
458 2538 555 2605 erant,
565 2536 618 2591 sed
632 2535 778 2591 distincta
790 2535 917 2591 inventa
971 2539 1044 2595 Car.
1059 2537 1171 2593 XXXI.
1186 2537 1300 2592 Brevis
1314 2550 1446 2591 summa
1468 2549 1580 2590 eorum
1595 2548 1668 2604 quoe
1678 2545 1796 2601 cupro·

95 2626 169 2679 sunt
183 2622 232 2679 hic
244 2623 298 2679 ubi
313 2639 374 2678 non
390 2626 477 2678 erant
491 2638 608 2692 uuum3
624 2626 654 2678 ot
678 2626 839 2696 propterea
851 2624 917 2680 Tri·
1025 2629 1114 2683 dicto
1128 2630 1209 2681 suat
1223 2640 1295 2681 cura
1310 2625 1492 2692 adjectione
1506 2623 1738 2693 quorumdam.

94 2711 203 2768 nitatis
217 2712 408 2784 imagoiacta
423 2714 505 2767 sunt.
521 2713 561 2767 Et
576 2715 680 2767 secuta
694 2716 741 2767 est
752 2712 920 2768 considera·
1007 2715 1087 2771 Ante
1099 2728 1221 2771 ornnem
1230 2716 1401 2769 creaturam
1417 2711 1542 2767 Creator
1557 2714 1622 2767 erat
1634 2709 1718 2764 solus
1732 2706 1799 2780 qui·

93 2800 136 2857 tio
149 2800 365 2874 proprietatem
378 2801 537 2856 inventam
567 2800 617 2856 hic
636 2815 734 2873 usque
761 2801 799 2856 ad
814 2802 918 2858 inefla-
973 2803 1235 2874 dem,sedta1nen
1254 2817 1316 2857 non
1342 2800 1508 2870 solitarius,
1533 2799 1607 2872 quia
1631 2813 1701 2853 cum
1729 2796 1798 2869 ipso

95 2888 187 2945 bilem
201 2888 383 2945 Trinitatem
393 2905 403 2958 3
416 2893 443 2944 et
460 2888 603 2944 distinxit
612 2889 656 2943 ibi
667 2889 825 2961 proprium
836 2891 920 2963 quod
937 2912 960 2967 c
975 2897 1041 2950 erat
1060 2891 1212 2965 sapientia
1225 2905 1282 2945 sua
1295 2890 1328 2944 in
1343 2904 1405 2961 qua
1419 2888 1524 2944 omnia
1538 2888 1577 2942 ab
1606 2889 1719 2942 aeterno
1743 2898 1800 2956 per

97 2978 254 3049 proprium
267 2978 317 3033 hic
333 2982 398 3033 erat
412 2981 542 3047 tentum,
560 2980 590 3033 et
603 2977 745 3034 differens
757 2978 920 3036 inventum
975 2980 1198 3055 providentiam
1224 2978 1349 3034 luerunt
1372 2993 1440 3050 quae
1462 2977 1501 3032 ab
1523 2976 1590 3049 ipso
1616 2975 1801 3047 intempore

98 3067 145 3120 θεῖ
158 3080 167 3133 ;
182 3065 226 3121 ibi
240 3069 344 3121 autem
355 3067 388 3121 in
402 3082 466 3122 uno
476 3068 541 3121 erat
548 3068 646 3120 totum
662 3070 691 3121 θῖ
705 3071 919 3125 unumtotum.
975 3086 1029 3143 per
1042 3069 1205 3125 essentiam
1221 3068 1302 3123 iacta
1320 3068 1402 3121 sunt.
1423 3064 1513 3120 Solus
1535 3064 1595 3119 fuit
1607 3062 1731 3135 quando
1756 3058 1802 3114 ni·

152 3149 329 3208 Cnn.XXX.
344 3156 866 3224 Recepitalatiosupradictorum.
976 3158 1020 3214 bil
1035 3161 1145 3230 praeter
1158 3150 1260 3229 ipsum
1275 3155 1356 3223 fuit3
1372 3157 1402 3208 ct
1426 3158 1528 3209 tamen
1556 3150 1712 3208 solitarius
1737 3164 1801 3204 non

135 3237 224 3294 Nunc
250 3254 320 3309 ergo
348 3240 484 3295 diximus
503 3241 656 3312 quomodo
681 3243 759 3299 ratio
786 3243 923 3299 hnmana
976 3247 1046 3315 fuit,
1060 3246 1134 3319 quia
1148 3244 1248 3299 aliena
1265 3243 1409 3298 societate
1423 3256 1485 3297 non
1500 3241 1585 3312 eguit
1599 3239 1653 3311 qui
1668 3237 1728 3294 sibi
1741 3234 1802 3291 sui·

100 3325 234 3399 primum
250 3330 280 3382 et
292 3327 325 3381 in
347 3343 379 3383 se
394 3328 493 3383 Deum
507 3344 572 3382 esse
598 3329 707 3399 reperit
733 3333 763 3385 et
777 3334 863 3385 extra
892 3345 923 3387 se
977 3333 1152 3389 ficiensiuit
1166 3348 1175 3402 3
1187 3332 1236 3387 cui
1252 3330 1330 3386 nihil
1347 3330 1454 3399 defuit,
1472 3328 1555 3402 quia,
1582 3327 1661 3382 sicui
1684 3325 1801 3381 dictum

101 3412 284 3486 approbavit
299 3416 328 3469 θῖ
351 3414 502 3486 quomodo
522 3414 711 3486 adjudicavit
720 3430 729 3483 3
745 3416 827 3488 qnod
841 3432 924 3473 unus
977 3426 1033 3491 est,
1054 3424 1152 3476 totum
1167 3421 1199 3474 in
1228 3419 1295 3491 ipso
1318 3434 1372 3491 per
1385 3416 1607 3490 providentiam
1619 3414 1702 3483 init,
1718 3411 1803 3486 quod

100 3503 148 3557 est
159 3500 253 3570 Deus,
267 3504 297 3557 et
311 3501 441 3575 simplex
453 3505 565 3557 natura
577 3518 586 3570 3
600 3505 630 3557 θῖ
644 3502 814 3558 immensus
839 3509 869 3560 et
885 3520 922 3562 εθ-
979 3510 1017 3564 ab
1032 3498 1098 3580 ipso
1113 3523 1166 3579 per
1177 3506 1341 3562 essentiam
1357 3505 1530 3561 iaciendum
1545 3504 1615 3559 iuit.
1642 3502 1716 3557 Haec
1730 3514 1803 3571 ergo

101 3591 217 3645 ternus.
234 3588 367 3661 Magnus
392 3594 422 3646 et
442 3606 504 3646 non
530 3591 725 3662 quantitatc3
743 3591 883 3665 simplex,
895 3596 925 3649 et
979 3597 1039 3653 duo
1054 3596 1216 3667 diligenter
1230 3599 1260 3651 et
1273 3596 1354 3650 inter
1374 3610 1405 3650 se
1431 3591 1647 3664 distinguenda
1675 3592 1749 3646 sunt
1773 3591 1804 3644 θῖ

102 3691 165 3733 non
178 3677 339 3750 parvitate.
356 3679 395 3734 Et
408 3677 491 3752 quod
504 3679 604 3734 trinus
624 3680 749 3736 estsine
774 3681 925 3737 divisione
978 3685 1011 3740 in
1025 3700 1057 3740 se
1072 3683 1293 3740 consideranda
1305 3700 1314 3753 3
1327 3682 1452 3739 Creator
1465 3682 1580 3739 scilicet
1599 3684 1629 3736 et
1643 3682 1803 3746 creatura3

102 3765 253 3836 unitatis3
268 3770 299 3823 θῖ
313 3783 394 3824 unus
410 3767 476 3823 sine
497 3768 675 3825 confusione
699 3769 870 3825 Trinitatis.
886 3769 927 3825 Et
979 3772 1080 3829 nevel
1095 3776 1235 3827 creatura
1246 3773 1361 3826 aeterna
1373 3768 1581 3840 credatur,vel
1592 3768 1717 3824 Creator
1730 3767 1805 3821 tem·

102 3854 256 3925 quomodo
272 3855 409 3911 Trinitas
423 3871 545 3912 summa
569 3857 695 3912 inventa
723 3861 770 3913 θεῖ
781 3873 835 3929 per
857 3873 924 3913 earn
980 3860 1104 3934 poralis.
1119 3859 1156 3915 ln
1167 3859 1216 3915 his
1227 3858 1308 3914 enim
1323 3858 1443 3914 duobus
1458 3857 1557 3913 omnis
1572 3853 1705 3926 cognitio
1719 3866 1805 3908 cons

103 3945 250 4012 quaerat
262 3942 461 4013 imagoillius
475 3945 508 3999 in
523 3945 634 4012 nobis3
663 3947 692 3999 θῖ
717 3946 869 4016 quomodo
884 3961 928 4001 ar·
980 3953 1026 4005 tat
1040 3948 1188 4005 veritatis.
1217 3948 1353 4003 Primum
1375 3961 1446 4017 ergo
1468 3944 1660 4001 considerare
1684 3941 1806 4013 oportet

104 4027 171 4099 guit
181 4041 243 4083 non
256 4041 321 4084 θεεθ
334 4044 491 4102 personas,
509 4032 568 4086 tria
581 4032 613 4085 in
635 4032 725 4086 nobis
739 4048 747 4100 3
764 4036 794 4087 θῖ
811 4033 845 4087 in
858 4033 922 4090 Deo
981 4054 1050 4112 quae
1060 4038 1097 4093 de
1111 4037 1252 4093 Creatore
1265 4035 1393 4092 dicenda
1405 4038 1478 4091 sunt
1491 4034 1540 4091 vel
1554 4031 1712 4090 credenda.

104 4114 165 4170 iria
174 4130 240 4173 θεεθ
249 4131 405 4201 personas,
421 4118 495 4189 quia
509 4118 592 4174 Deus
607 4122 689 4174 sunt.
704 4120 742 4174 Et
774 4120 927 4191 quomodo
1016 4125 1188 4182 Creatorem
1203 4125 1298 4196 igitur
1312 4124 1450 4181 omnium
1473 4137 1574 4178 rerum
1601 4134 1698 4176 unum
1713 4116 1805 4175 cond·

105 4202 206 4260 tribus
220 4203 301 4261 nihil
311 4204 402 4279 adjici
411 4207 513 4277 potest
524 4206 598 4278 quia
611 4206 746 4279 perfecta
761 4212 833 4264 suut
847 4223 857 4278 3
873 4223 928 4265 nec
941 4241 970 4299 D
982 4219 1083 4271 temur
1105 4216 1135 4268 et
1149 4213 1277 4282 trinum,
1302 4228 1399 4269 unum
1422 4212 1454 4267 in
1475 4209 1618 4279 essentia,
1641 4208 1759 4264 trinum
1774 4205 1808 4261 in

107 4289 187 4348 demi
213 4291 342 4366 aliquid,
364 4294 439 4367 quia
457 4293 589 4351 discreta
616 4298 697 4350 sunt.
714 4295 754 4350 Et
776 4296 929 4368 quomodo
982 4301 1120 4375 personis
1135 4317 1144 4370 3
1160 4301 1234 4373 quia
1248 4300 1381 4356 essentia
1390 4299 1513 4356 deitatis
1525 4313 1589 4353 una
1600 4300 1657 4366 est,
1673 4297 1702 4351 et
1716 4294 1750 4349 in
1761 4308 1807 4348 es·

105 4378 252 4438 distincta
264 4385 338 4439 sunt
352 4398 421 4455 quae
448 4384 482 4438 in
496 4382 561 4440 Deo
575 4386 693 4440 suntet
707 4384 874 4440 secundum
894 4400 929 4441 ea
983 4391 1083 4446 sentia
1101 4390 1224 4446 deitatis
1245 4405 1307 4446 una
1319 4392 1375 4459 θεῖ,
1391 4392 1421 4444 θῖ
1447 4389 1480 4445 in
1502 4386 1635 4443 essentia
1663 4397 1726 4438 una
1745 4384 1808 4437 tres

106 4482 176 4540 quae
204 4468 336 4526 disorma
361 4471 492 4526 suntin
508 4471 624 4540 uobis3
654 4472 801 4543 quoniam
826 4473 929 4545 imago
983 4493 1119 4552 personae
1134 4494 1140 4532 :
1156 4477 1257 4547 Pater,
1278 4481 1308 4534 et
1329 4477 1437 4546 Filius,
1459 4479 1490 4532 et
1511 4473 1643 4547 Spiritus
1669 4471 1806 4527 sanctus.

107 4553 235 4611 suntad
246 4553 299 4612 ilia
312 4558 343 4611 et
356 4554 644 4614 demonstraverunt
669 4559 851 4615 Trinitatem
866 4576 875 4629 3
900 4563 931 4617 et
982 4566 1098 4623 Patara
1113 4565 1197 4621 nullo
1210 4569 1266 4635 est,
1282 4565 1407 4621 Fibusa
1420 4562 1510 4619 Patre
1525 4561 1589 4618 solo
1604 4562 1660 4629 est,
1671 4557 1808 4631 Spiritus

107 4640 173 4698 hmo
185 4641 309 4714 quidem
323 4643 491 4701 secundum
512 4646 641 4701 rationis
652 4646 802 4717 iudicium
831 4649 930 4721 conje·
983 4658 1108 4711 sanctus
1123 4669 1142 4708 a
1153 4654 1243 4710 Patre
1266 4657 1296 4709 et
1306 4653 1383 4709 Filio
1402 4654 1449 4708 est
1464 4646 1746 4715 :Quemadmodum
1773 4644 1808 4700 in

108 4728 206 4784 cimus
219 4729 254 4786 in
267 4745 375 4802 unum,
391 4733 536 4804 quoniam
548 4733 594 4790 ita
604 4735 764 4791 veritatem
782 4737 930 4809 approba·
984 4758 1047 4799 una
1070 4742 1174 4798 anima
1194 4756 1281 4797 mens
1306 4744 1336 4796 θῖ
1358 4739 1531 4796 intellectus
1546 4740 1576 4794 et
1591 4734 1738 4809 gaudium
1755 4749 1764 4803 3
1778 4734 1808 4788 et

108 4815 165 4871 vii.
179 4815 336 4889 Siquidem
360 4818 499 4878 additum
513 4825 608 4879 estex
622 4822 671 4879 his
683 4839 752 4895 quae
768 4824 931 4896 superemi-
984 4845 1071 4887 mens
1085 4830 1208 4902 quidem
1224 4843 1286 4884 ase
1300 4830 1346 4884 est
1359 4844 1368 4897 3
1384 4827 1557 4883 intellectus
1583 4839 1654 4879 vero
1680 4820 1718 4877 de
1743 4819 1810 4876 sola

110 4907 185 4961 nent
198 4905 311 4962 rationi
324 4910 354 4963 θῖ
368 4923 431 4965 non
443 4911 571 4984 contigit
584 4910 623 4966 ad
638 4927 672 4967 ea
687 4911 835 4982 sufficere,
861 4927 934 4985 quo·
985 4921 1086 4975 mente
1110 4920 1179 4986 est3
1199 4916 1236 4971 de
1259 4918 1359 4972 mente
1379 4918 1482 4971 autern
1505 4917 1535 4971 et
1558 4910 1714 4969 intellectu
1738 4922 1810 4979 gau·

110 4991 195 5075 niam
208 4993 375 5051 secundum
390 4999 539 5054 rationem
569 5000 750 5057 formantur.
767 5001 837 5056 Alia
851 5001 933 5057 enim
986 5007 1072 5063 dium
1090 5005 1212 5062 :ethaeo
1229 5006 1287 5060 tria
1305 5005 1344 5060 ad
1366 5004 1573 5069 substantiam
1597 4998 1721 5074 quidem
1746 5008 1812 5051 una

111 5084 233 5137 suntor
243 5082 372 5154 ratione,
388 5085 449 5140 alia
464 5087 630 5145 secundum
643 5090 803 5160 rationem,
817 5089 934 5146 aliaeu·
987 5097 1059 5150 sunt
1075 5094 1187 5149 anima.
1204 5094 1251 5150 Ita
1269 5093 1302 5148 in
1316 5108 1441 5165 corpore
1456 5089 1686 5162 uno,ets1gura
1701 5087 1759 5154 est,
1782 5085 1813 5139 et

111 5184 168 5242 pra
181 5169 330 5227 rationem
343 5187 350 5226 :
363 5175 392 5228 θῖ
402 5177 512 5246 preater
523 5175 588 5232 haec
603 5181 756 5250 quaesunt
770 5181 877 5234 contra
891 5194 935 5234 ra·
986 5184 1086 5239 forma
1098 5185 1129 5237 et
1141 5182 1337 5254 pulchritudo
1352 5183 1411 5237 tria
1423 5182 1497 5237 haec.
1514 5180 1553 5235 Et
1567 5176 1689 5233 videtur
1712 5173 1814 5244 figura

113 5258 238 5315 tionem.
251 5257 298 5314 Ex
309 5260 429 5316 ratione
448 5267 521 5319 sunt
530 5265 881 5336 necessaria,secundum
892 5282 936 5321 ra·
987 5254 1086 5343 prima
1099 5284 1164 5325 θεεθ
1176 5270 1215 5326 ad
1229 5270 1445 5338 substantiam,
1461 5267 1570 5324 deinde
1584 5265 1694 5331 forma,
1719 5264 1750 5316 θῖ
1776 5274 1815 5315 ex

112 5347 228 5404 tionem
236 5351 310 5404 sunt
325 5347 506 5421 probabilia,
532 5366 626 5423 supra
646 5353 796 5409 rationem
810 5354 934 5409 mirabi·
988 5361 1119 5430 utroque
1130 5357 1325 5430 pulchritudo
1342 5375 1348 5413 :
1363 5360 1393 5413 et
1406 5355 1471 5412 hac
1487 5355 1545 5410 tria
1559 5354 1592 5410 in
1607 5365 1670 5407 uno
1688 5362 1815 5422 corpore

113 5434 166 5506 lia,
182 5439 287 5492 contra
299 5438 448 5494 rationem
461 5438 660 5496 incredibilia.
678 5442 717 5496 Et
733 5441 795 5498 duo
810 5442 934 5514 quidem
989 5449 1018 5502 et
1040 5461 1137 5502 unum
1162 5462 1282 5519 corpus,
1298 5451 1332 5501 ut
1359 5447 1391 5501 in
1413 5449 1543 5516 utraque
1571 5444 1684 5496 natura
1710 5438 1815 5507 irnago

115 5528 251 5581 extrema
264 5525 389 5582 omnino
414 5526 505 5583 fidem
520 5543 582 5583 non
608 5527 742 5601 capiunt.
766 5529 839 5596 Quae
854 5530 936 5586 enim
989 5534 1140 5590 Creatoris
1152 5534 1277 5591 eluceat.
1288 5534 1324 5589 ln
1337 5535 1437 5606 prima
1447 5532 1571 5605 quidem
1584 5529 1622 5584 ad
1638 5522 1812 5582 similitudi·

116 5615 190 5667 sunt
203 5627 241 5669 ex
254 5615 372 5672 ratione
395 5616 520 5673 omnino
543 5619 618 5673 nota
632 5621 706 5674 sunt
722 5622 752 5675 et
771 5618 852 5676 credi
871 5634 933 5676 non
990 5636 1059 5679 nem
1075 5623 1131 5693 3in
1143 5623 1277 5680 secunda
1292 5626 1396 5679 autem
1410 5621 1450 5678 ad
1474 5615 1687 5677 similitudinis
1709 5611 1812 5670 imita·
