3742 6082
108 160 163 222 688
410 159 591 221 rinconis
609 162 664 223 Dii
680 163 710 222 S.
731 163 903 224 moreau
920 164 1006 225 OPP.
1026 165 1127 225 PARS
1144 166 1184 225 11.
1203 196 1238 210 -
1257 165 1502 226 DOGMATIOE.
1762 166 1815 227 ddi

109 301 208 362 usque
222 287 261 345 ad
273 288 402 346 alterum
412 290 533 348 duabus
541 291 630 351 lineis
636 295 787 365 protensis
797 293 933 367 ejusdem
946 293 974 349 A
988 297 1067 351 tates
1082 297 1148 369 ejus
1157 294 1283 368 depietae
1301 296 1373 367 sint,
1389 296 1454 352 haec
1468 299 1514 352 est
1528 295 1617 353 ratio.

107 374 282 433 latitudinis
297 379 431 450 spatium
447 380 544 451 signo.
559 380 606 436 lta
621 384 655 435 nt
676 381 708 436 hi
730 381 791 438 duo
808 383 934 454 cinguli,
989 383 1062 439 Car.
1080 383 1120 439 ΙΙ.
1139 385 1179 440 lie
1194 387 1354 440 columnae
1368 386 1404 439 in
1426 399 1512 440 arcae
1525 386 1760 441 medioerectoe
1774 384 1814 438 si·

113 479 244 536 quorum
253 466 329 522 alter
343 483 396 539 per
405 468 535 522 mediam
548 467 782 540 longitudinem,
795 470 872 527 alter
883 487 937 543 per
1024 473 1237 544 pacificatione
1251 475 1444 541 masticata
1458 475 1623 543 lignorum
1635 487 1735 542 saper
1745 486 1816 527 eam

112 552 245 610 mediam
256 554 448 610 latitudinem
461 556 663 626 protenditur,
677 558 859 616 altrinsecus
870 576 936 617 esse
1025 562 1195 630 erectione,
1217 562 1257 616 de
1279 562 1506 616 mansionibus
1533 563 1621 616 inter
1635 563 1817 630 quadrata·

111 639 314 697 intersecante
327 643 359 696 in
373 642 497 697 modum
510 638 612 700 erucis
632 646 689 701 sub
714 647 813 704 medio
832 649 936 705 cubito
1025 664 1082 704 ras
1099 651 1198 719 lignis
1226 651 1350 722 infimas
1374 652 1567 720 desipueris,
1595 653 1634 705 de
1658 651 1818 705 columna

113 730 306 797 conveniant,
333 734 362 784 et
387 731 524 787 interiori
549 731 672 789 latitndi
695 736 792 807 ipsius
818 752 938 809 respon·
1025 740 1225 805 supradictae
1234 739 1407 807 positione,
1424 741 1508 793 etde
1535 740 1684 793 omnium
1701 738 1816 792 bosam

113 815 214 884 deant,
229 815 323 872 limbo
352 817 417 890 ejus
432 822 645 878 tantummodo
660 823 731 879 hinc
753 825 825 880 inde
852 841 936 881 exce·
1025 827 1190 893 masserio.
1679 877 1685 888 .

112 902 303 960 dantur.lloc
316 905 361 961 ita
375 911 611 982 peracto,spatia
626 927 694 984 quae
708 913 936 969 intermedium
1026 911 1179 968 Culumua
1190 913 1261 984 ista,
1275 930 1343 985 quae
1355 915 1388 970 in
1404 914 1504 970 medio
1520 929 1596 970 arcae
1611 913 1753 985 erigitur,
1780 913 1816 968 si·

111 992 260 1060 centrum,
286 992 335 1048 vel
354 997 456 1066 potius
471 998 606 1055 medium
621 1001 770 1071 cubitum,
786 1005 816 1057 et
837 1003 942 1073 singu·
990 1001 1116 1071 gnificat
1128 1000 1248 1072 lignum
1263 1002 1344 1071 vitae,
1360 1001 1626 1074 quodplautatum
1641 1004 1688 1058 est
1707 1001 1742 1057 in
1763 1016 1820 1056 me·

111 1076 158 1133 los
172 1080 302 1149 angulos
316 1096 393 1140 arca
421 1085 611 1158 interjacent,
640 1090 883 1163 unumquodque
904 1092 937 1147 in
991 1088 1041 1144 dio
1055 1089 1200 1160 paradisi,
1216 1090 1249 1145 id
1268 1093 1326 1145 est*
1339 1090 1506 1147 Dominum
1530 1091 1635 1146 Jesum
1661 1089 1818 1146 Christum

111 1165 172 1220 tria
183 1168 315 1239 aequalia
330 1172 439 1243 positis
454 1176 576 1246 punctis
602 1177 715 1247 divido,
742 1181 773 1235 et
797 1180 938 1252 apposita
991 1176 1159 1233 secundum
1175 1177 1305 1234 formam
1321 1178 1525 1234 humanitatis
1541 1181 1690 1251 suscepta
1714 1178 1748 1233 in
1764 1192 1820 1233 me

111 1255 218 1324 regula
240 1257 322 1313 binis
350 1262 472 1331 punctis
497 1263 745 1337 coadjacentibus
770 1267 936 1324 secundum
991 1265 1041 1320 dio
1057 1264 1197 1321 Ecclesiae
1210 1266 1452 1339 plantatum,qui
1465 1266 1607 1323 Christus
1622 1266 1708 1322 Deus
1723 1269 1754 1321 et
1770 1264 1819 1322 ho

110 1339 347 1415 longitudinem,
363 1353 393 1403 et
406 1348 601 1407 latitudinem
624 1352 661 1408 de
684 1358 798 1426 puncto
819 1371 938 1429 semper
990 1368 1041 1409 mo
1057 1358 1112 1409 est.
1125 1355 1163 1410 Et
1180 1354 1248 1410 ideo
1261 1353 1344 1411 latus
1355 1355 1514 1425 columma,
1530 1355 1612 1426 quod
1638 1354 1677 1410 ad
1707 1353 1820 1426 aquilo

112 1430 151 1485 ad
165 1436 313 1504 punctum
326 1436 564 1511 circumquaque
585 1439 698 1497 lineam
714 1443 817 1513 trah03
842 1447 872 1499 et
893 1445 938 1500 ita
990 1457 1060 1498 nem
1075 1442 1207 1515 respicit,
1223 1442 1447 1499 humanitatem
1462 1444 1527 1516 ejus
1543 1443 1707 1515 significat,
1722 1457 1815 1516 quam

112 1516 191 1574 duas
205 1519 282 1576 alias
296 1524 464 1594 quadratas
485 1529 584 1585 sexies
603 1531 744 1587 similiter
770 1533 878 1604 longas
899 1533 938 1590 ad
990 1547 1046 1604 pro
1058 1532 1269 1604 peccatoribus
1280 1533 1472 1603 assumpsit;
1497 1530 1574 1588 illud
1597 1534 1712 1601 autem,
1739 1530 1819 1602 quod

111 1604 305 1665 latitudinem
321 1626 408 1668 suam
424 1615 529 1686 efficio,
544 1633 614 1688 quae
628 1619 681 1674 tali
704 1622 900 1693 proportione
920 1638 938 1677 a
953 1614 978 1670 B
992 1620 1032 1674 ad
1046 1624 1184 1676 austrum
1201 1623 1330 1692 spectat,
1347 1621 1539 1676 divinitatem
1552 1621 1619 1693 ejus
1630 1620 1819 1692 figurabam

114 1708 146 1750 se
160 1694 287 1767 distant,
311 1702 347 1754 ut
367 1707 518 1772 quantum
545 1707 643 1778 prima
668 1709 766 1765 vincit
792 1710 936 1781 mediam,
990 1711 1108 1764 mentes
1121 1707 1258 1764 lidelium
1273 1709 1381 1782 pascit.
1401 1708 1441 1764 Et
1460 1708 1525 1764 haec
1546 1712 1592 1764 est
1606 1723 1711 1777 causa,
1724 1721 1819 1779 quare

114 1784 237 1840 tantum
250 1786 350 1843 media
365 1789 469 1847 vincat
482 1794 615 1850 tertiam.
639 1796 722 1852 Inter
747 1814 824 1870 quas
846 1800 938 1855 tertia
989 1797 1022 1852 in
1037 1796 1130 1869 plano
1145 1797 1194 1852 bis
1220 1796 1414 1853 altitudinem
1441 1796 1647 1869 depinximus,
1672 1795 1819 1868 quoniam

115 1872 315 1945 quadratura,
331 1892 400 1949 quae
414 1880 542 1937 minima
557 1886 613 1953 est,
629 1888 660 1940 et
673 1886 840 1942 secuudum
856 1888 937 1960 posi·
991 1885 1150 1957 oportebat
1160 1885 1322 1958 utriusque
1331 1884 1435 1941 lateris
1448 1885 1637 1957 superficiem
1653 1898 1817 1955 repraesen-

113 1958 226 2017 tionem
239 1962 324 2035 plani
338 1965 419 2022 inira
435 1968 511 2026 alias
526 1970 689 2044 clauditur,
700 1975 835 2031 medium
851 1977 937 2033 cubi·
992 1975 1117 2045 sentari,
1131 1975 1213 2047 quod
1228 1975 1288 2031 nisi
1303 1976 1459 2046 geminata
1484 1975 1583 2045 figura
1599 1973 1667 2030 lieri
1690 1988 1755 2030 non
1768 1988 1818 2046 po·

113 2051 180 2103 tum
195 2050 303 2122 ambit,
319 2057 348 2109 et
362 2054 439 2113 duos
450 2059 641 2131 supradictos
654 2063 937 2138 cingulos‚quorum
990 2064 1059 2120 tuit.
1076 2063 1199 2120 Statuta
1210 2064 1306 2136 igitur
1318 2064 1460 2120 columna
1474 2064 1507 2119 iu
1521 2062 1621 2119 medio
1647 2076 1736 2131 arca,
1762 2061 1814 2118 eri·

113 2135 191 2191 alter
202 2137 437 2214 longitudinem,
455 2146 533 2202 alter
547 2147 742 2207 latitudinem
763 2169 840 2210 arca
855 2155 939 2210 meti·
991 2156 1104 2224 gantur
1118 2169 1136 2208 a
1149 2152 1279 2224 singulis
1292 2153 1414 2224 angulis
1428 2153 1515 2224 tigna
1530 2167 1627 2225 usque
1642 2151 1681 2206 ad
1696 2150 1818 2206 summi·

114 2227 175 2294 tur,
191 2228 410 2298 quadrifariam
423 2234 587 2292 intercidit.
604 2238 741 2296 Alterum
765 2257 888 2298 sursum
908 2247 938 2299 et
991 2245 1085 2297 tatem
1101 2242 1209 2314 ipsius,
1225 2242 1313 2314 eique
1332 2242 1390 2297 sub
1408 2241 1575 2298 eminentia
1600 2242 1746 2295 extremae
1760 2253 1817 2294 ora

114 2311 266 2372 deorsum.
293 2318 430 2376 Alterum
452 2323 663 2382 sinistrorsum
685 2333 715 2383 et
733 2329 935 2387 dextrorsum.
991 2331 1170 2401 infigantur.
1198 2329 1315 2386 Deinde
1339 2329 1407 2385 duae
1427 2330 1586 2385 interiores
1622 2327 1817 2400 quadratura

112 2400 230 2459 Deinde
244 2408 377 2463 secunda
395 2411 517 2468 tertiam
532 2415 784 2488 complectitur,et
798 2414 939 2475 similitor
992 2435 1115 2475 sursum
1131 2418 1299 2479 eleventur.
1322 2434 1484 2491 quousque
1504 2422 1636 2489 utraque
1650 2414 1818 2471 secundum

112 2492 303 2563 supradictos
320 2497 459 2568 cingulos
470 2501 644 2561 intersecat.
661 2506 778 2563 Deinde
794 2508 937 2581 alia‚quee
992 2524 1080 2564 suam
1094 2507 1277 2580 positionem
1289 2508 1384 2579 tignis
1397 2507 1511 2563 eisdem
1529 2506 1663 2562 exomni
1676 2509 1764 2577 parte
1778 2519 1820 2559 or·

111 2577 144 2633 in
157 2579 249 2651 plano
264 2587 399 2641 extrema
413 2592 470 2658 est,
485 2590 518 2645 in
532 2591 594 2648 alto
609 2597 712 2650 autem
724 2596 797 2666 ima,
813 2601 938 2655 caterae
991 2597 1198 2668 thogonaliter
1212 2598 1420 2668 conjungatur
1433 2600 1569 2652 extrema
1584 2593 1775 2667 quadratura
1789 2593 1821 2647 iu

114 2682 221 2725 omnes
233 2671 373 2744 includit,
390 2680 420 2732 et
435 2683 569 2749 quatuor
589 2687 724 2739 extrema
739 2701 853 2742 cornua
868 2686 938 2742 dua·
990 2687 1052 2742 imo
1066 2690 1264 2754 remanente;
1280 2689 1311 2741 et
1327 2689 1401 2741 tnnc
1421 2684 1540 2740 videbis
1562 2681 1716 2757 quomodo
1741 2679 1820 2736 illud

112 2771 182 2812 rum
194 2774 340 2818 zonarum
356 2765 655 2841 singulislateribus,
669 2774 840 2845 accingens,
857 2779 938 2832 totas
991 2776 1137 2847 spatium,
1151 2775 1233 2846 quod
1247 2777 1294 2830 est
1305 2774 1386 2830 inter
1400 2774 1531 2846 primam
1557 2771 1779 2844 quadraturam
1791 2773 1822 2824 et

112 2859 164 2899 eas
178 2847 261 2903 intra
277 2866 308 2906 se
322 2856 561 2926 comprehendit.
992 2863 1225 2935 secundam,pro
1241 2864 1339 2935 prima
1352 2862 1512 2917 mansione
1525 2863 1728 2934 computetur,
1738 2857 1823 2930 quod

147 2933 214 2991 Hoc
228 2937 319 3009 facto,
336 2942 362 2996 si
377 2959 467 3000 nosse
481 2948 567 3019 cupis
581 2951 733 3021 quomodo
748 2951 813 3008 haec
835 2953 934 3025 figura
952 2954 1035 3011 cest
1050 2953 1129 3008 inter
1147 2951 1311 3007 secundam
1338 2955 1368 3006 et
1390 2951 1512 3006 tertiam
1540 2964 1595 3022 pro
1624 2947 1759 3004 secunda
1784 2950 1818 3002 et

110 3018 240 3080 iormam
256 3037 940 3114 arceerepraesentet,intalligeqnoddeillazo
993 3041 1075 3113 quod
1104 3044 1150 3096 est
1175 3041 1255 3096 inter
1281 3041 1404 3096 tertiam
1428 3043 1457 3095 et
1480 3053 1656 3111 supremum
1680 3035 1822 3092 cubitum

113 3120 433 3186 na,quaepermediam
446 3123 640 3183 latitudinem
652 3145 728 3185 arcae
734 3131 937 3202 protenditur,
992 3146 1048 3203 pro
1074 3130 1175 3185 tertia.
1193 3129 1259 3185 Hoc
1274 3129 1355 3184 facto
1382 3127 1563 3199 completam
1578 3126 1673 3182 habes
1688 3125 1823 3180 formam

112 3195 167 3251 fiat
178 3200 320 3258 columna
330 3209 482 3281 quadrata
496 3215 674 3285 aequilatera
695 3219 727 3272 in
749 3218 849 3274 medio
863 3235 939 3275 arcae
993 3234 1069 3274 arcae
1101 3218 1211 3273 subtus
1238 3217 1345 3286 latam,
1365 3221 1395 3272 et
1423 3216 1552 3289 desuper
1585 3217 1748 3285 angustam
1769 3228 1822 3266 us·

116 3289 225 3355 erecta,
250 3291 338 3361 cujus
349 3295 480 3353 altitudo
505 3304 591 3358 tanto
610 3305 710 3360 minor
724 3307 765 3362 sit
776 3306 939 3364 latitudine
993 3306 1105 3378 quoad
1128 3320 1304 3360 mensuram
1319 3306 1413 3360 unius
1428 3305 1534 3361 cubiti.
1563 3302 1822 3375 supradictaeau·

113 3386 201 3443 arcte,
218 3383 334 3448 quanto
356 3384 456 3439 minor
470 3390 516 3441 est
531 3392 684 3447 ternarius
697 3396 850 3465 quinario,
865 3397 940 3467 quia
970 3416 973 3421 ·
992 3398 1054 3449 tem
1068 3392 1217 3449 columna
1231 3394 1343 3466 positio
1356 3393 1428 3449 talis
1437 3398 1493 3460 est,
1508 3395 1544 3447 ut
1558 3408 1577 3446 a
1597 3391 1697 3447 modio
1715 3389 1818 3445 fundo

114 3460 245 3521 altitudo
258 3482 335 3525 arcae
349 3477 415 3527 erat
426 3475 552 3546 triginta
566 3480 750 3552 cubitorum,
765 3488 794 3539 et
808 3483 940 3540 latitudo
992 3497 1070 3538 arcae
1084 3485 1233 3553 surgat,et
1246 3484 1279 3538 in
1294 3482 1438 3538 omnibus
1453 3480 1666 3536 mansionibus
1682 3477 1823 3534 medium

112 3550 348 3625 quinquaginta.
365 3559 396 3615 Si
411 3567 513 3620 autem
530 3567 605 3624 scire
625 3571 712 3642 cupis
735 3586 798 3643 qua
821 3574 939 3631 ratione
991 3571 1091 3627 locum
1105 3571 1242 3628 obtineat
1256 3575 1285 3626 et
1301 3575 1398 3627 totam
1419 3573 1520 3642 portet
1535 3568 1694 3624 fabricam.
1720 3566 1824 3637 Cujus

113 3653 150 3694 ex
162 3640 230 3712 ipsa
244 3659 321 3700 zoua
335 3648 508 3709 columnam
518 3655 825 3730 tieriintelligendum
843 3662 940 3730 sit,sic
992 3660 1232 3731 mysteriumhoc
1247 3663 1302 3729 est,
1319 3660 1461 3714 columna
1471 3656 1611 3712 Christus
1619 3654 1825 3722 eet,australe

114 3731 281 3789 considera.
304 3735 435 3796 Cubitus
449 3742 510 3813 ille,
526 3746 580 3817 qui
594 3762 677 3804 nunc
698 3749 866 3806 secundum
886 3768 938 3825 po·
992 3749 1075 3805 latus
1083 3749 1150 3821 ejus
1166 3748 1262 3820 (quod
1274 3747 1467 3803 divinitatem
1484 3744 1581 3818 ipsius
1603 3741 1769 3813 significat)
1792 3743 1828 3798 li·

113 3817 255 3877 sitiouem
267 3824 351 3895 plani
363 3829 396 3884 iu
410 3833 510 3889 medio
522 3835 621 3906 ipsius
637 3853 720 3895 zonae
736 3840 844 3896 affixus
857 3841 939 3912 jacet
994 3854 1089 3910 gnum
1099 3839 1349 3906 vitaevocatur,et
1359 3837 1427 3892 ideo
1438 3834 1528 3892 viridi
1539 3832 1640 3889 colore
1651 3846 1744 3903 super
1756 3832 1829 3888 duc

114 3920 238 3964 ⁸¹1i⁸¹¹111
252 3911 396 3985 elaletur,
413 3920 456 3975 sic
470 3925 505 3977 ut
525 3923 623 3994 ipsam
644 3942 754 3996 ,zonam
776 3929 865 4000 quasi
886 3945 940 4002 per
994 3932 1060 3983 tum
1069 3926 1315 3998 estAquilonare
1326 3941 1397 3981 vero
1405 3921 1583 3996 latustquod
1595 3919 1826 3976 humanitatem

115 3993 249 4052 medinm
263 4002 472 4072 complicando
486 4023 588 4065 secum
602 4028 725 4069 sursum
736 4018 849 4085 trahat,
860 4017 941 4073 dein·
993 4018 1059 4088 ejus
1069 4016 1193 4087 figurat)
1208 4016 1285 4071 liber
1307 4015 1378 4070 vitae
1393 4014 1515 4081 dicitur,
1528 4015 1558 4067 et
1571 4010 1628 4066 hoc
1641 4007 1826 4082 sapphirino

115 4079 152 4136 de
166 4084 264 4141 ambre
275 4089 453 4149 medietates
468 4096 534 4165 ejus
547 4098 688 4157 deorsum
699 4103 866 4174 pendentes
881 4105 940 4176 pla·
993 4104 1319 4177 coloresuperductum
1329 4097 1828 4164 estcolumnaearcainnititur‚et

114 4184 155 4226 no
170 4171 206 4228 ad
220 4174 347 4246 planum
357 4180 489 4239 invicem
503 4189 740 4261 compingantur
751 4196 787 4247 ut
798 4193 940 4250 columna
993 4194 1116 4250 Christo
1130 4194 1276 4249 innititur
1290 4192 1426 4248 Ecclesia
1435 4206 1502 4260 sua,
1516 4189 1590 4262 quia
1605 4188 1752 4244 nimirum
1766 4189 1829 4241 sta·

114 4266 214 4317 erecta
225 4264 376 4325 videatur.
388 4270 424 4327 Iu
438 4275 526 4346 cujus
541 4279 718 4336 summitate
742 4281 875 4337 emineat
889 4299 939 4338 ou·
954 4281 982 4337 D
996 4299 1028 4339 re
1041 4282 1217 4338 nullatenus
1229 4285 1343 4354 posset,
1360 4281 1419 4336 nisi
1432 4282 1497 4352 ipse
1508 4294 1575 4335 eam
1591 4277 1767 4344 sustineret,
1782 4289 1828 4330 se·

114 4348 200 4406 bitus
212 4353 273 4424 ille,
300 4358 354 4429 qui
374 4363 542 4420 secundum
558 4368 740 4438 positionem
756 4369 840 4443 plani
853 4373 939 4444 prius
993 4371 1127 4428 cundum
1139 4369 1221 4442 quod
1242 4371 1389 4442 scriptum
1410 4369 1509 4424 estin
1535 4366 1670 4422 Canticis
1688 4363 1824 4419 cantico·

112 4436 146 4492 in
161 4441 261 4497 medio
273 4446 339 4515 ejus
350 4448 480 4518 jacebat.
498 4453 644 4527 Nihilque
665 4457 749 4513 aliud
764 4475 828 4515 esse
856 4461 940 4517 intel·
993 4476 1062 4517 rum
1075 4477 1081 4515 :
1096 4463 1172 4521 Oaoe
1185 4465 1234 4515 eat
1247 4460 1400 4528 irtacum
1412 4457 1564 4512 ascendit
1578 4456 1618 4509 dc
1630 4453 1826 4518 desertade·

114 4523 228 4596 ligatur
253 4533 376 4591 cubitus
398 4537 487 4609 ipse,
517 4557 611 4613 quam
648 4545 798 4603 columna
834 4550 940 4621 praeci·
995 4551 1078 4605 lictis
1093 4547 1244 4619 affluens,
1260 4549 1383 4602 innisa
1398 4560 1496 4614 snper
1514 4545 1673 4598 dilectam
1695 4537 1826 4595 raam?

115 4613 161 4669 sio
173 4616 312 4691 desuper,
327 4627 357 4679 et
372 4624 485 4683 limbus
500 4630 595 4687 cubiti
611 4633 652 4689 sit
662 4636 803 4707 quaedam
814 4639 941 4694 orasive
995 4638 1097 4710 (Cant.
1112 4637 1192 4707 vui).
1208 4636 1343 4693 Rursum
1370 4635 1450 4690 sicut
1468 4633 1611 4690 columna
1630 4627 1826 4700 singulorum

115 4703 378 4767 eminentiaiacta
393 4714 827 4794 desuperincapitecolumnae
843 4726 881 4782 ad
895 4742 942 4782 ex·
994 4726 1191 4782 mansionum
1220 4723 1416 4780 altitudinem
1441 4721 1582 4789 metitur,
1607 4719 1650 4774 sic
1676 4716 1823 4773 Christus

115 4789 255 4863 cipienda
270 4798 356 4870 tigna
376 4803 615 4882 circumquaque
638 4811 677 4869 ab
692 4813 754 4869 imo
771 4816 940 4886 surgentia,
997 4815 1240 4887 uniuscujusque
1255 4813 1402 4868 virtutem
1418 4814 1448 4866 et
1462 4810 1634 4883 profectum
1654 4805 1826 4878 dispensat.

114 4893 184 4950 quae
197 4882 258 4955 ipsi
273 4888 423 4949 columnae
449 4896 546 4953 infixa
572 4907 645 4957 sunt
671 4903 728 4959 sub
752 4903 857 4960 eadem
872 4905 944 4960 emi·
996 4906 1035 4960 iit
1050 4905 1129 4959 sicut
1143 4901 1287 4959 columna
1298 4900 1465 4971 distinguit
1479 4897 1638 4965 stationes,
1653 4895 1697 4950 sic
1724 4892 1828 4949 Chris·

112 4971 290 5041 nentia,sub
304 4992 366 5050 qua
378 4983 468 5040 etiarn
479 4990 642 5047 summitas
649 4993 719 5048 tecti
729 4997 943 5049 consummata
996 4996 1047 5048 tus
1057 5006 1114 5065 pro
1128 4990 1258 5046 arbitrio
1272 4989 1463 5060 dignationis
1475 5003 1539 5044 snas
1551 4987 1584 5042 in
1601 4986 1708 5040 sancta
1728 4980 1829 5037 Eccle-

112 5059 212 5127 est,ad
227 5063 458 5129 similitudinem
474 5076 611 5136 imbricis
628 5082 838 5138 summitatem
849 5084 942 5137 tecto·
999 5082 1046 5138 sia
1060 5081 1141 5136 dona
1153 5080 1326 5151 gratiamm
1344 5094 1470 5134 suarum
1483 5072 1733 5143 distribuit‚allos
1745 5085 1831 5127 cous·

83 5155 92 5166 ·
113 5152 871 5234 rumexcipientiumquamvisaltitudocolumnae
881 5185 944 5225 non
998 5170 1115 5225 tituens
1129 5166 1385 5242 prophetas,alios
1395 5163 1640 5239 apostolos,alios
1653 5175 1726 5217 vero
1741 5173 1833 5215 evan·

113 5235 255 5297 videatur
268 5246 367 5316 maj0r
379 5263 446 5307 esse
458 5255 620 5313 medietate
644 5273 738 5328 zona,
763 5274 833 5314 cum
863 5259 945 5314 fecta
998 5258 1133 5329 galistus,
1149 5261 1179 5313 et
1193 5261 1317 5313 cataros
1332 5268 1532 5328 quoscunque
1547 5249 1757 5324 spiritualium
1777 5246 1831 5302 do-

116 5324 157 5381 sit
167 5341 203 5383 ex
218 5329 286 5403 ipsa
301 5333 457 5408 duplicata
468 5342 666 5416 intelligenda
680 5349 727 5402 est
740 5350 842 5402 amen
858 5349 946 5402 tanto
999 5360 1108 5402 norum
1124 5345 1340 5419 participarit
1355 5345 1435 5400 sicut
1449 5341 1593 5399 columna
1607 5337 1744 5394 medium
1761 5335 1831 5391 ubi·

123 5416 222 5487 major
232 5434 308 5491 esse,
322 5432 439 5495 quanto
454 5432 569 5502 maiora
576 5437 649 5488 sunt
661 5434 789 5504 triginta
798 5449 891 5506 quam
907 5434 948 5489 vi·
1000 5450 1059 5507 qne
1073 5438 1158 5490 tenet
1170 5433 1282 5503 locum,
1298 5433 1341 5488 sic
1356 5432 1509 5487 Dominus
1519 5430 1609 5485 Jesus
1623 5426 1770 5483 Christus
1784 5422 1831 5478 di·

124 5501 202 5570 ginti
218 5510 421 5582 quinque,sed
434 5517 492 5573 hoc
504 5519 536 5574 in
551 5520 644 5591 plano
656 5523 868 5594 representari
884 5539 946 5578 non
1001 5525 1060 5580 eit:
1079 5525 1264 5594 Ubicunque
1278 5525 1402 5577 daovel
1415 5527 1480 5576 tres
1496 5517 1685 5588 congregati
1699 5514 1835 5584 fuerint

124 5593 234 5684 potuit.
251 5596 385 5658 Rursum
414 5620 483 5662 cnm
506 5608 653 5664 medietas
679 5614 799 5667 tantum
815 5627 898 5669 zona
910 5611 949 5668 al-
1003 5614 1039 5667 in
1055 5613 1187 5669 nomine
1202 5626 1280 5680 meo,
1309 5611 1354 5665 ibi
1368 5626 1423 5680 ego
1438 5623 1513 5665 snm
1533 5609 1570 5661 in
1591 5606 1700 5660 medio
1714 5618 1832 5659 eoram

125 5674 287 5738 titudinem
303 5685 452 5749 columna
466 5697 579 5768 teneat,
599 5713 694 5771 quare
713 5701 812 5759 amba
836 5701 947 5758 medie-
1003 5699 1130 5770 (March.
1144 5697 1467 5778 xvru).Siergotanta
1476 5691 1833 5775 atinurmitasnostra
