3742 6082
72 217 127 276 ses
383 175 561 278 sosoma
578 219 633 278 ou
650 219 680 276 s.
701 215 872 276 morosa
889 215 974 276 ore.
995 218 1096 278 rans
1115 221 1473 281 11.-ooouar1m.
1725 216 1779 275 sea

74 347 187 417 posset.
201 345 271 402 Non
285 345 367 402 enim
379 345 562 402 adulterium
576 349 633 414 est,
649 344 711 399 nisi
729 359 798 399 cum
823 343 898 398 fides
911 339 939 395 A
953 347 1101 404 sanctitas
1112 351 1215 405 autem
1231 349 1413 405 sacramenti
1427 364 1489 404 non
1513 348 1574 404 nisi
1598 346 1631 402 in
1655 344 1780 401 civitate

76 434 135 490 tori
148 434 277 506 legitimi
292 435 443 503 violatur,
456 435 537 506 quod
551 435 658 504 utique
671 433 800 513 cumtit,
809 431 900 503 culpa
953 433 1010 490 Dei
1024 438 1121 493 nostri
1133 440 1189 508 est,
1205 441 1235 495 et
1247 439 1279 493 in
1293 442 1397 494 monte
1410 428 1516 493 saneto
1527 437 1602 509 ejus.
1614 433 1703 500 Quod
1713 448 1783 505 que·

76 525 288 594 committitur,
302 527 526 580 sacramentum
542 525 761 579 noncessatur.
787 522 898 578 Simili·
953 525 1272 583 madmodum'verum
1287 528 1327 583 sit
1343 527 1431 583 facile
1457 526 1559 582 videre
1586 527 1698 597 potest,
1725 521 1780 594 qui

78 615 124 668 ter
138 613 164 668 si
179 628 248 685 spes
262 612 357 684 prolis
371 614 416 666 est
429 612 461 666 in
477 627 512 666 eo
528 611 611 683 quod
622 611 729 666 devote
746 614 899 683 exspecta·
954 615 1095 684 superius
1106 615 1187 671 dieta
1202 617 1383 672 considerat.
1411 615 1555 672 Diximus
1581 614 1663 668 enim
1688 626 1783 684 supra

74 704 135 770 tur,
151 705 289 756 amanter
304 700 480 771 suscipitur,
506 699 645 770 religiose
667 700 814 768 nutritur,
838 714 899 754 nou
954 701 1035 772 quod
1050 703 1082 758 in
1095 703 1237 775 conjugio
1252 704 1364 776 duplex
1377 706 1602 760 sacramentum
1615 702 1779 756 constaret.

72 790 200 846 dubium
215 792 260 844 est
274 793 303 843 et
318 789 501 861 hocquoque
516 789 632 844 bonum
646 788 729 843 omni
741 788 896 859 conjugio,
954 791 1057 847 Unum
1072 791 1104 846 in
1115 788 1783 861 commistioneearnali,sacramentumillius

73 879 136 934 sive
151 877 333 948 conjugibus
347 878 491 932 omnibus
504 892 622 949 semper
637 877 742 932 adesse
756 891 896 947 nonpos-
954 880 1108 936 societatis
1122 897 1192 953 quae
1207 884 1253 936 est
1267 883 1347 937 inter
1361 881 1519 936 Christum
1543 882 1574 934 et
1600 877 1780 946 Ecclesiam,

76 982 117 1021 εθ.
133 965 290 1030 Quomodo
318 966 400 1020 enim
428 965 546 1020 abillis
567 965 668 1037 proles
683 968 824 1038 speratur
845 965 899 1036 qui
954 968 1083 1023 alterum
1098 969 1680 1041 insocietateconjugali,sacramentum
1695 965 1781 1021 illius

75 1054 123 1110 vel
137 1055 204 1126 pari
218 1058 290 1110 voto
302 1055 523 1110 continentiam
546 1054 734 1124 custodiunt,
760 1054 824 1109 sive
845 1069 900 1126 pro
955 1057 1108 1112 societatis
1120 1073 1189 1130 quas
1211 1062 1257 1114 est
1280 1059 1361 1114 inter
1384 1059 1483 1114 Deum
1508 1060 1538 1112 et
1553 1056 1701 1123 animam,
1717 1054 1781 1110 sive

76 1143 177 1199 aetatis
191 1142 310 1199 defectu
336 1143 468 1214 amplius
496 1157 641 1213 generare
660 1157 723 1198 non
746 1141 901 1215 possuntt
954 1146 1046 1201 etiam
1061 1145 1144 1217 quod
1156 1146 1271 1202 Christi
1285 1150 1315 1202 et
1328 1147 1470 1203 Ecclesiae
1484 1146 1710 1201 sacramentum
1735 1158 1781 1199 es·

74 1230 252 1303 Itaqueduo
266 1231 340 1300 hec,
353 1231 386 1286 id
399 1236 446 1287 est
459 1231 534 1287 fides
548 1235 579 1287 et
592 1247 661 1303 spes
676 1231 901 1303 prolis,itacon·
955 1239 1011 1304 set,
1026 1234 1059 1290 iu
1072 1237 1215 1292 societate
1226 1236 1378 1307 conjugii,
1389 1236 1445 1291 Dei
1460 1249 1532 1290 vero
1545 1237 1575 1289 et
1590 1232 1703 1288 animae
1734 1245 1780 1286 sa-

74 1319 196 1391 jugium
211 1319 429 1374 commitentur
444 1323 487 1388 ut,
499 1319 552 1374 ubi
567 1319 689 1390 quidem
701 1319 824 1387 adsunt,
836 1334 902 1373 con·
955 1327 1144 1380 crementum
1174 1325 1206 1379 in
1230 1324 1391 1380 dilectione
1412 1323 1575 1396 conjugali.
1595 1321 1665 1378 Sive
1685 1320 1783 1392 igitur

74 1407 196 1478 jugium
210 1408 243 1461 in
259 1406 353 1462 altero
364 1407 522 1476 sincerius,
541 1408 574 1463 in
599 1407 693 1463 altero
712 1407 902 1463 fructuosius
955 1413 1013 1468 hoc
1026 1412 1116 1468 modo
1132 1417 1357 1469 sacramentum
1373 1413 1507 1483 conjugii
1520 1411 1782 1482 accipiatur,recte

77 1498 232 1567 appareat,
246 1495 300 1550 ubi
314 1499 417 1551 autem
433 1512 494 1551 non
510 1495 691 1565 adsunt‚aut
704 1495 899 1568 culpabilius,
956 1505 1180 1557 sacramentum
1193 1501 1328 1573 conjugii
1342 1500 1486 1555 omnibus
1495 1499 1781 1570 gentibuscommu·

78 1588 131 1640 aut
144 1585 367 1641 infructuosius
380 1587 535 1658 probetur,
552 1590 696 1642 ettamen
723 1586 899 1657 conjugium
957 1605 993 1645 ne
1009 1605 1074 1645 esse
1089 1589 1201 1645 dicitur
1210 1606 1219 1658 ;
1233 1589 1380 1645 sanctitas
1395 1593 1498 1643 autem
1520 1588 1584 1642 sive
1609 1587 1710 1642 virtus
1735 1599 1781 1639 sa·

77 1688 142 1728 esse
156 1688 218 1733 nen
231 1672 368 1729 desistat.
385 1673 615 1729 Sacramentum
630 1677 732 1729 autem
753 1675 798 1728 ita
822 1675 900 1729 insc-
916 1683 942 1739 Β
956 1679 1113 1749 crementi,
1129 1694 1191 1734 non
1205 1679 1264 1734 nisi
1278 1678 1312 1733 in
1334 1677 1458 1732 civitate
1482 1676 1538 1731 Dei
1562 1675 1671 1744 nostri,
1691 1677 1721 1729 et
1750 1673 1784 1728 in

76 1761 213 1835 parabile
228 1778 293 1817 esse
308 1761 441 1832 videtur,
456 1767 492 1817 ut
506 1763 572 1817 sine
586 1762 639 1818 illo
653 1763 780 1818 omnino
796 1763 900 1834 conju·
956 1772 1059 1824 monte
1074 1770 1180 1823 sancto
1195 1767 1271 1838 ejus.
1289 1766 1355 1821 Hoc
1367 1767 1413 1820 est
1428 1765 1460 1819 iu
1483 1764 1541 1819 fide
1565 1765 1595 1819 et
1619 1762 1781 1831 charitate,

78 1851 162 1922 gium
175 1865 241 1906 esse
254 1851 436 1923 nonpossit.
461 1850 547 1906 Unde
567 1851 778 1922 Augustinus:
803 1866 901 1922 usque
955 1858 987 1913 in
1000 1856 1133 1912 Ecclesia
1147 1855 1288 1912 videlicet
1301 1858 1417 1923 sancta,
1434 1856 1463 1909 et
1478 1855 1559 1908 inter
1581 1851 1684 1907 fideles
1713 1865 1781 1906 esse

78 1938 261 1994 adeoioedus
272 1939 410 2012 nuptiale
420 1939 580 2011 cujusdam
593 1939 777 1994 sacramenti
786 1954 833 1994 res
844 1943 900 2009 θεῖ,
955 1947 1142 2020 perhibetur.
1177 1945 1409 2000 Sacramentum
1437 1945 1540 1997 autem
1573 1940 1708 2012 conjugii
1728 1939 1783 1995 ha·

78 2032 113 2084 ut
128 2043 182 2084 nec
194 2030 385 2101 separatione
395 2029 516 2084 irritum
531 2029 696 2100 fiat;quia,
707 2028 901 2084 viventeviro
955 2037 1040 2105 henr,
1073 2036 1127 2108 qui
1156 2036 1224 2108 pari
1240 2048 1389 2089 consensu
1405 2032 1445 2087 ad
1459 2046 1526 2086 eam
1541 2045 1610 2102 qua,
1625 2044 1643 2084 a
1659 2028 1779 2084 000111.

78 2132 170 2189 a<11¹⁰
185 2117 290 2173 felicia
307 2121 364 2187 est,
386 2118 567 2187 moechatur,
589 2119 615 2172 δί
638 2117 727 2173 alieri
751 2118 899 2190 nupserit·
956 2128 1002 2180 ter
1013 2124 1187 2181 masculum
1197 2127 1228 2179 et
1241 2123 1387 2179 feminam
1412 2121 1555 2176 instituta
1579 2122 1627 2174 est
1652 2117 1779 2173 societa-

78 2205 144 2262 Hoc
154 2210 256 2261 autem
270 2205 404 2261 vulttibi
415 2209 502 2261 tanta
516 2205 646 2261 firmitas
654 2207 823 2277 conjugalis
835 2207 901 2260 vln-
956 2218 1018 2269 tem
1032 2214 1164 2269 indivise
1183 2212 1341 2267 adrinoem
1364 2208 1605 2266 conservandam
1634 2221 1783 2262 convene·

79 2294 149 2362 culi,
165 2294 246 2364 quod
262 2309 323 2349 11011
339 2297 460 2349 tantum
475 2294 591 2349 valeret
605 2294 665 2349 niti
682 2293 812 2365 alieuius
838 2310 900 2349 ma·
956 2305 1038 2358 runt.
1052 2301 1240 2358 sacramenti
1255 2315 1326 2356 vero
1340 2299 1434 2370 hujus
1449 2297 1643 2352 sanctitatem
1654 2308 1717 2349 non
1733 2292 1784 2348 ha-

76 2382 154 2453 jeria
174 2382 218 2437 rei
245 2382 399 2452 quoddam
432 2385 656 2437 sacramentum
695 2382 901 2453 adhiberetur,
936 2390 1101 2447 uenenis
1115 2389 1201 2445 usou
1215 2387 1429 2461 quiperuuem
1442 2381 1783 2441 membranei-isuram

3 2509 5 2513 ·
79 2470 162 2543 (1¹10d
173 2466 391 2526 1¹10⁰¹1⁰l¹⁸⁸¹1m
401 2475 515 2541 manti,
531 2472 605 2543 <luia
618 2471 840 2527 illiOfVfflienid
862 2472 904 2527 di·
957 2484 1046 2547 sunt;
1062 2483 1092 2535 et
1106 2495 1161 2552 per
1174 2477 1354 2534 charitatem
1366 2478 1468 2532 mente
1482 2478 1512 2530 et
1526 2473 1686 2530 devotione
1696 2472 1783 2527 intus

78 2560 178 2616 vortio
193 2574 255 2615 non
270 2559 409 2615 aboletur
419 2560 568 2631 nuptialis
582 2560 857 2629 conioederatio,ita
868 2564 903 2616 ut
957 2569 1021 2626 Deo
1036 2570 1115 2624 uniti
1131 2572 1214 2624 sunt,

78 2648 223 2719 conjuges
237 2647 300 2703 siut
315 2649 408 2703 etiam
423 2649 648 2721 separatiNam
665 2649 808 2720 quiaduo
830 2653 903 2705 sunt
959 2677 1018 2729 cn,
1036 2675 1077 2727 Ιχ.
1096 2672 1131 2726 p,
1144 2673 1180 2726 i„
1194 2673 1244 2740 q„
1259 2673 1290 2723 ,·„
1307 2670 1434 2737 ,onjupro
1449 2667 1649 2720 incontinenter
1676 2664 1783 2728 nenne,

79 2736 209 2808 diversa,
234 2739 410 2811 conjugium
430 2740 512 2811 quod
533 2742 652 2795 constat
666 2739 698 2794 in
713 2739 850 2809 legitima
861 2753 904 2793 so
989 2763 1012 2808 ει
1034 2755 1095 2821 pru,
1112 2753 1246 2816 mrem
1269 2751 1389 2814 laudini,
1413 2763 1497 2816 quam
1526 2745 1687 2813 generanda
1707 2745 1785 2812 proli

79 2827 198 2897 cietate,
212 2832 242 2882 θῖ
255 2828 390 2899 conjugii
404 2829 536 2884 officium
552 2828 634 2901 quod
648 2832 769 2884 constat
781 2828 814 2882 in
838 2842 901 2882 car·
989 2837 1152 2890 impetunt.

79 2917 127 2972 nis
141 2917 372 2986 commistione;
388 2921 418 2973 et
432 2919 465 2973 in
479 2918 574 2974 altero
588 2917 722 2990 quidem,
735 2917 823 2972 idest
838 2930 905 2971 con·
993 2920 1107 2975 Beatus
1121 2916 1314 2987 Augustinus
1332 2914 1369 2969 de
1391 2913 1431 2968 iis
1444 2912 1499 2985 qui
1513 2910 1568 2967 tali
1588 2909 1781 2965 incontinen-

76 3005 162 3076 jugio
178 3011 403 3062 sacramentum
419 3011 483 3076 est;
498 3007 537 3062 ad
551 3006 681 3062 alterum
695 3021 778 3074 vero,
802 3005 834 3060 id
857 3008 903 3060 est
921 3030 944 3087 ρ
959 3009 1009 3065 tiae
1024 3009 1089 3063 sive
1100 2997 1783 3073 infirmitatesivevoluptatevictiinserviunt,

78 3094 118 3149 ad
131 3095 263 3150 officium
277 3096 421 3168 conjugii,
433 3095 508 3151 fides
523 3099 553 3151 et
564 3112 632 3169 spes
644 3094 740 3168 prolis
750 3095 902 3167 pe1tinere
958 3099 1000 3154 aie
1014 3096 1103 3151 dicit:
1120 3094 1324 3150 Concubitum
1336 3091 1391 3164 qui
1416 3104 1479 3146 non
1500 3089 1535 3144 iit
1557 3103 1651 3144 causa
1672 3085 1779 3159 prolis,

78 3181 210 3238 videtur.
225 3184 328 3239 Unum
357 3184 389 3239 id
403 3187 449 3239 est
472 3185 548 3240 fides
563 3189 598 3240 ut
624 3199 677 3256 per
702 3199 769 3239 eam
795 3182 903 3238 illicita
957 3184 1073 3257 nuptiae
1089 3198 1150 3237 non
1165 3184 1278 3252 cogunt
1292 3181 1375 3249 fieri;
1391 3177 1443 3234 sed
1457 3178 1625 3250 impetrant
1645 3174 1779 3246 ignosci:

78 3271 181 3327 earnis
194 3272 366 3327 commistio
380 3275 523 3327 careatur
530 3289 539 3341 ;
555 3272 695 3341 alterum,
719 3272 751 3326 id
764 3274 810 3327 θεῖ
834 3286 903 3343 spes
958 3276 984 3330 si
999 3279 1101 3330 tamen
1116 3287 1177 3326 non
1192 3271 1237 3326 ita
1249 3270 1290 3325 sit
1304 3269 1419 3324 nimius
1433 3270 1469 3322 ut
1481 3266 1629 3338 impediat
1644 3267 1785 3336 tempora

79 3358 185 3432 prolis,
201 3363 235 3415 ut
256 3363 381 3433 propter
407 3375 474 3416 eam
496 3361 580 3416 licita
606 3361 707 3416 carnis
731 3361 902 3416 commistio
958 3379 1026 3435 quae
1049 3360 1181 3417 orationi
1200 3359 1360 3426 debentur,
1382 3371 1437 3411 uec
1458 3355 1640 3410 immutetur
1659 3353 1692 3407 in
1711 3366 1784 3408 eum

70 3452 265 3529 ⁴exerceatur
274 3449 353 3504 sicut
363 3449 465 3521 ipsum
474 3448 743 3505 officiumcarnalis
757 3464 902 3504 commer·
957 3467 1049 3508 usum
1062 3451 1116 3521 qui
1130 3452 1236 3504 contra
1247 3450 1390 3502 naturam
1403 3447 1458 3501 est.
1484 3443 1672 3500 Concubitus
1698 3442 1784 3497 enim

82 3537 121 3592 cii
150 3552 168 3591 a
187 3537 328 3609 conjugio
354 3539 460 3594 abesse
477 3541 588 3611 potest,
613 3539 658 3594 ita
682 3539 775 3594 etiam
800 3539 903 3610 ipsum
958 3541 1011 3614 qui
1026 3542 1072 3595 est
1087 3536 1278 3593 necessarius
1293 3550 1387 3591 causa
1396 3533 1491 3607 prolis
1503 3529 1700 3603 inculpabilis
1723 3532 1783 3597 est,

78 3626 255 3698 conjugium
270 3627 335 3683 sine
346 3628 386 3683 iis
400 3644 469 3700 quae
484 3628 523 3683 ad
534 3628 666 3684 officium
681 3627 812 3683 carnalis
822 3642 901 3683 oom-
958 3626 1171 3685 tantummodo
1184 3626 1210 3681 si
1225 3629 1271 3680 est
1285 3623 1443 3695 nuptialis.
1459 3621 1628 3686 Quiautem
1634 3617 1716 3672 ultra
1727 3633 1784 3672 ue-

77 3716 183 3771 mercii
196 3717 350 3788 pertinent
364 3732 429 3772 esse
443 3720 554 3789 potest,
570 3717 722 3789 quamvis,
738 3721 774 3772 ut
787 3716 903 3772 dietum
957 3719 1129 3775 cessitatem
1138 3715 1255 3788 justam
1269 3711 1472 3786 progreditur,
1487 3723 1558 3763 nam
1580 3721 1642 3761 non
1665 3705 1785 3762 rationi

79 3806 135 3872 est,
151 3805 177 3860 si
192 3804 249 3860 fide
263 3809 374 3873 careat,
387 3806 491 3861 minus
504 3807 656 3862 sincerum
670 3822 676 3874 ;
693 3806 719 3861 si
735 3809 838 3861 autem
850 3820 904 3877 spe
958 3807 1011 3863 sed
1024 3805 1146 3862 libidini
1161 3803 1351 3874 obsequitur,
1365 3804 1395 3857 et
1404 3801 1486 3856 hunc
1499 3812 1562 3853 non
1576 3796 1706 3874 exigere,
1728 3795 1784 3851 sed

79 3892 173 3962 prolis
181 3897 291 3961 careat,
300 3894 404 3948 minus
413 3895 604 3950 fructuosum
618 3895 803 3950 inveniatur.
813 3893 904 3949 Fides
957 3895 1080 3951 reddere
1094 3893 1216 3965 conjugi
1231 3906 1268 3946 ne
1286 3891 1464 3958 fornicetur,
1480 3886 1519 3943 ad
1533 3886 1693 3958 conjugem
1715 3899 1785 3954 per·

79 3981 161 4036 euim
173 3980 307 4036 fructum
321 3981 415 4036 habet
427 3983 460 4036 in
475 3983 615 4037 castitate
629 3982 784 4054 pudicitiae
800 3982 903 4053 conju·
959 3985 1045 4040 tinet.
1063 3982 1094 4038 Si
1104 3996 1175 4037 vero
1188 3981 1278 4036 ambo
1294 3979 1349 4034 tali
1363 3975 1617 4049 concupiscentiae
1632 3972 1782 4042 subigun-

81 4067 168 4140 galis.
185 4067 260 4140 Spes
273 4069 369 4141 prolis
383 4069 518 4125 fructum
530 4070 669 4126 habetin
684 4085 743 4125 usu
767 4069 903 4124 fecundi·
959 4076 1019 4141 tur,
1035 4086 1097 4126 rem
1110 4070 1308 4140 iaciuntque
1328 4083 1390 4122 non
1413 4068 1460 4121 est
1481 4064 1670 4136 nuptiarum,
1695 4060 1785 4132 cujus

81 4156 351 4230 tatis.Conjugium
367 4162 470 4214 autem
484 4159 517 4213 in
530 4159 598 4231 ipsa
612 4158 756 4214 societate
770 4157 904 4212 maritali
959 4159 1061 4216 delicti
1075 4174 1137 4215 non
1153 4161 1226 4213 sunt
1240 4158 1356 4229 nuptiae
1371 4153 1602 4220 exhortatrices,
1618 4149 1670 4206 sed
1684 4149 1787 4222 depre

81 4250 307 4302 sacramentum
321 4251 367 4303 est
378 4252 424 4318 ;et
432 4247 499 4304 ideo
515 4248 594 4303 sicut
608 4247 811 4320 ipsasocietas
823 4250 904 4302 utro·
959 4249 1094 4305 catrices.
1104 4249 1205 4304 Decus
1214 4246 1336 4319 quidem
1348 4243 1508 4317 conjugale
1522 4247 1568 4299 θεῖ
1582 4240 1707 4297 castitas
1719 4253 1787 4310 pro

80 4350 140 4407 que
153 4337 277 4392 vivente
291 4352 353 4392 nou
377 4337 535 4406 dividitur,
560 4337 605 4391 ita
626 4339 656 4392 et
677 4339 903 4391 sacramentum
918 4374 946 4429 D
960 4338 1082 4395 creandi
1096 4341 1126 4393 et
1140 4335 1284 4392 reddendi
1299 4334 1431 4391 carnalis
1445 4333 1541 4389 debiti
1555 4331 1639 4386 tides.
1657 4327 1722 4383 Hoc
1738 4329 1787 4382 est

81 4425 235 4480 societatis
251 4425 420 4497 conjugalis
428 4426 566 4498 quandiu
580 4425 757 4497 conjugium
772 4428 902 4495 constat,
960 4442 1037 4500 opus
1049 4426 1228 4498 nuptiarum
1243 4423 1325 4496 quod
1340 4423 1379 4478 ab
1395 4421 1479 4477 omni
1493 4420 1620 4476 crimine
1648 4414 1787 4472 defendit

80 4511 201 4584 abipso
216 4527 278 4567 non
292 4517 460 4585 separatur.
476 4514 511 4569 In
526 4528 587 4585 quo
602 4513 742 4569 videlicet
760 4514 902 4586 conjugio
957 4515 1133 4588 Apostolus,
1149 4513 1270 4569 dicens:
1286 4514 1320 4567 Si
1334 4511 1497 4580 acceperis
1514 4506 1786 4576 conparastisi

81 4603 305 4656 sacramentum
320 4600 395 4656 foris
409 4605 456 4658 est
466 4602 600 4658 indivisa
612 4602 912 4672 societas3ressacra1
957 4609 987 4661 ri
1003 4605 1152 4674 nupserit
1166 4605 1257 4672 virgo
1272 4617 1337 4656 oon
1352 4603 1457 4673 peccat
1471 4598 1502 4670 (Ι
1514 4599 1573 4653 Cor
1584 4595 1651 4662 vu).
1670 4593 1785 4648 Immo-

81 4690 177 4745 menti
189 4690 274 4745 intus
288 4690 445 4747 advincem
456 4691 590 4764 flagrans
601 4697 830 4765 perseveranter
843 4693 905 4748 ani·
957 4693 1063 4749 derata
1077 4696 1179 4748 autem
1195 4690 1365 4763 progressio
1381 4687 1549 4744 seeundum
1570 4684 1693 4740 veniam
1713 4695 1787 4736 con·

81 4779 351 4836 morumcharitas.
367 4782 596 4838 Sacramentum
606 4783 681 4838 foris
696 4783 735 4838 ad
746 4782 904 4839 Christum
958 4783 1085 4839 ceditur.
1102 4780 1264 4837 Sanctitati
1293 4779 1385 4833 etiam
1411 4775 1546 4858 conjugii
1570 4789 1625 4828 nec
1650 4768 1786 4826 infidelis

80 4871 111 4923 et
126 4867 302 4938 Ecclesiam,
319 4885 366 4927 res
382 4873 565 4927 sacramenti
579 4872 666 4928 intus
687 4872 725 4927 ed
746 4872 847 4927 Deum
875 4874 904 4925 θῖ
959 4873 1071 4943 conjux
1085 4870 1190 4925 obesse
1203 4870 1322 4940 potest3
1337 4865 1391 4921 sed
1404 4865 1508 4937 potius
1535 4860 1632 4917 fidelis
1656 4857 1782 4932 prodest

80 4957 225 5013 animam.
243 4958 283 5014 Ut
297 4959 377 5015 sicut
391 4961 424 5015 in
440 4961 549 5034 copula
560 4963 661 5017 carnis
675 4960 791 5016 Christi
806 4963 836 5016 et
851 4960 903 5014 Eo·
959 4959 1083 5016 infideli.
1101 4957 1187 5014 Unde
1196 4955 1363 5028 Apostolus
1376 4971 1382 5008 :
1407 4952 1641 5023 Sanctificatus
1663 4952 1711 5002 est
1733 4947 1788 5000 vir

79 5047 178 5104 clesiae
194 5050 581 5121 sacramentum-diximus,
594 5052 639 5106 ita
646 5051 741 5107 etiam
755 5048 906 5104 inioedere
960 5050 1106 5121 infidelis
1113 5061 1174 5116 per
1188 5045 1317 5116 fidetem
1332 5045 1506 5098 soulierem
1522 5038 1636 5110 (ibid),
1653 5039 1709 5091 etc.

80 5138 235 5195 societatis
245 5139 381 5211 ejusdem
395 5144 621 5197 sacramentum
629 5137 906 5196 ostendamus.Hoc
960 5138 1033 5194 Car.
1049 5136 1088 5191 X.
1109 5138 1177 5196 Oua
1190 5136 1320 5189 ratione
1335 5133 1470 5202 antiqui
1484 5131 1587 5185 simut
1596 5131 1710 5197 plures
1731 5125 1790 5179 ha·

80 5242 151 5298 ergo
166 5227 281 5284 dictum
298 5232 354 5299 est,
373 5232 409 5284 ut
433 5230 613 5286 ostendatur
637 5227 719 5300 quod
741 5226 906 5298 aliquando
1226 5224 1368 5278 eumont
1392 5234 1520 5276 uxortu-

81 5317 257 5389 conjugium
273 5318 339 5372 sine
353 5317 411 5372 fide
425 5321 454 5373 et
470 5319 536 5373 sine
551 5333 604 5390 spe
625 5315 721 5389 prolis
744 5318 790 5370 θεῖ
803 5330 810 5378 ;
841 5315 907 5369 sine
996 5316 1041 5371 De
1055 5313 1112 5369 hoc
1123 5311 1263 5368 similiter
1273 5311 1383 5367 beatus
1398 5307 1591 5380 Augustinus
1603 5304 1647 5360 sic
1657 5304 1701 5359 ait
1711 5301 1792 5357 anti·

86 5410 275 5461 sacramento
289 5410 391 5462 autem
408 5422 567 5480 nunquam
583 5419 648 5460 esse
657 5404 908 5476 potestquamvis
962 5403 1032 5476 quis
1047 5401 1237 5473 temporibus
1252 5415 1320 5455 cum
1334 5399 1434 5455 adhuc
1450 5396 1560 5453 salutis
1576 5396 1689 5449 nostres
1707 5406 1792 5461 mys·

86 5494 116 5546 et
130 5493 471 5565 ipsumsacramentum
477 5493 640 5566 aliquoties
650 5491 907 5562 eseeinveniatur,
962 5492 1073 5547 terium
1087 5489 1250 5558 velaretur,
1261 5488 1339 5560 justi
1351 5487 1448 5542 officio
1460 5481 1650 5558 propagandi
1666 5480 1794 5552 nuptias

86 5580 141 5635 ubi
154 5582 301 5637 sanctitas
315 5584 498 5639 sacramenti
512 5597 575 5639 non
589 5596 654 5637 esse
668 5579 848 5637 ostenditur.
861 5581 910 5637 Di·
963 5579 1195 5648 contrahebant,
1209 5594 1271 5634 non
1284 5578 1358 5633 victi
1373 5576 1511 5632 libidine.
1527 5573 1580 5629 sed
1594 5570 1684 5654 ducti*
1699 5569 1794 5642 pieta·

87 5669 128 5723 cit
142 5669 224 5725 enim
237 5671 347 5728 beatus
366 5673 560 5744 Augustinus
582 5669 665 5744 quod
684 5673 909 5727 sacramentum
964 5675 1004 5740 te,
1019 5669 1073 5742 qui
1085 5667 1183 5723 multo
1193 5667 1315 5723 facilius
1325 5667 1480 5721 continere
1488 5664 1613 5737 possent
1623 5663 1653 5715 et
1664 5658 1790 5714 vellent.

87 5755 223 5827 conjugii
234 5759 379 5817 omnibus
393 5761 536 5833 gentibus
548 5773 708 5818 commune
723 5762 909 5832 essepotest;
964 5759 1138 5816 Utehantur
1153 5758 1256 5812 tamen
1267 5754 1451 5828 conjugibus
1471 5758 1502 5809 et
1515 5751 1619 5825 plures
1643 5747 1699 5803 uni
1723 5745 1791 5802 viro
