3742 6082
73 169 116 227 aa
554 164 608 220 DE
626 161 914 222 SACRAMENTIS.
936 161 1047 221 LIBRI
1066 161 1080 220 I
1099 162 1199 221 PARS
1218 162 1272 221 111.

1713 164 1769 225 2:30

72 303 95 354 et
107 300 150 355 sis
163 297 305 371 quaedam
321 301 386 354 erat
401 315 439 354 ex
453 313 515 370 qua
528 312 593 353 esse
605 299 709 369 posset
722 298 804 369 qued
819 314 891 354 non·
904 297 930 354 A
945 302 990 352 est
1010 297 1094 353 aliud
1109 313 1202 370 quarn
1217 297 1300 354 Deus
1315 313 1455 353 essenon
1468 300 1579 370 potest,
1601 296 1691 352 Pater
1714 312 1765 369 po·

71 388 133 443 dum
148 392 223 443 erat.
233 387 273 442 Et
286 403 323 442 ex
338 402 373 442 ea
385 391 476 442 uatus
486 386 712 442 estintelleetus
728 387 780 457 qui
792 387 891 443 solum

69 478 208 551 sapientia
214 478 280 548 ejus
287 480 369 544 erat3
381 480 411 531 et
423 476 488 531 sinc
498 477 565 546 ipso
574 476 818 548 mcussapieutia
829 492 891 532 non

67 570 137 621 erat:
155 569 185 621 et
197 566 346 637 processit
365 564 531 619 novissime
557 580 641 619 amor
665 565 728 619 siue
742 565 890 634 gaudium

67 654 170 709 mentis
181 653 221 707 acl
234 654 417 724 sapientiam
427 669 514 707 suam
527 669 534 721 3
548 658 576 706 et
587 654 651 723 ipse
662 652 760 708 solum
769 653 889 708 dileetio

64 746 128 811 erat,
143 743 219 814 quia
234 742 299 796 siue
314 742 380 813 ipsu
396 742 427 796 iu
440 744 543 797 meute
559 746 588 796 ct
600 743 751 814 sapientia
767 742 888 797 dileetio

64 846 116 885 uon
132 834 209 885 errat.
225 830 265 886 Et
280 830 455 900 gasitasuut
466 830 663 884 luucuoruiua
674 830 712 885 ad
724 831 890 902 proprieta-

63 918 212 991 tcm,quia
229 918 472 990 unumquodque
487 934 540 989 pcr
557 934 587 972 se
603 923 686 987 srat3
703 921 732 973 et
744 918 889 973 distincta

38 1028 43 1053 ··
63 1010 129 1062 suat
144 1007 206 1062 tria
219 1006 284 1061 liceo
297 1023 303 1060 :
317 1007 452 1077 primum
467 1007 604 1078 potentia
619 1023 637 1060 a
652 1022 713 1077 qua
738 1006 889 1076 sapientia

60 1099 117 1151 erat
125 1111 135 1163 3
151 1094 264 1151 deiude
278 1095 344 1166 ipsa
360 1095 598 1166 sapientiaque
614 1094 650 1149 de
665 1095 803 1167 potentia
815 1098 888 1150 nata

60 1185 169 1253 iuerat3
185 1183 353 1239 novissime
368 1199 454 1239 arnor
470 1184 523 1254 qui
536 1183 572 1239 de
587 1185 722 1256 potentia
749 1184 840 1238 simul
858 1187 888 1239 et

61 1273 209 1345 sapientia
223 1274 422 1344 processerat.
449 1270 488 1326 Et
509 1271 779 1341 distinguebantur
802 1271 886 1341 hae,

63 1363 129 1434 quia
144 1376 274 1433 prorsus
289 1360 353 1415 hae
368 1359 448 1415 idem
461 1376 523 1415 nou
538 1364 625 1416 erant
640 1362 694 1433 qui
709 1361 886 1433 separaban-

62 1456 105 1505 tur
119 1448 315 1517 adinvicem,
332 1453 362 1504 θῖ
376 1465 438 1504 nou
454 1449 637 1504 constabant
659 1450 691 1504 in
707 1465 778 1504 uno.
793 1449 886 1520 Prop-

63 1544 133 1592 terea
149 1538 182 1591 in
198 1541 301 1592 moute
315 1538 458 1592 rationali
474 1537 558 1592 aliud
572 1539 710 1609 potentia
735 1541 799 1593 erat
814 1539 887 1609 quia

945 387 1041 442 tentia
1055 390 1100 441 est
1115 390 1144 441 et
1159 386 1256 443 Filius
1268 388 1406 459 potentia
1421 389 1477 455 θεῖ,
1494 391 1523 441 et
1538 385 1670 458 Spiritus
1686 400 1768 440 sane·

946 478 995 528 tus
1008 475 1146 546 potentia
1160 477 1225 543 θεῖ,
1241 479 1270 531 θῖ
1287 491 1349 529 una
1359 474 1497 547 potentia
1508 473 1581 546 quia
1597 489 1659 528 una
1672 488 1769 528 essen·

944 564 997 618 tia.
1013 564 1160 619 Similiter
1175 566 1264 620 Pater
1284 565 1435 636 sapientia
1462 568 1517 633 θεῖ,
1541 568 1571 619 et
1597 563 1694 618 Filius
1722 577 1768 617 ss·

943 653 1068 723 pientia,
1085 658 1114 709 θῖ
1127 654 1259 726 Spiritus
1275 657 1400 709 sauctus
1416 653 1582 724 sapientia:
1600 656 1630 706 θῖ
1644 667 1707 705 uua
1722 666 1767 705 sa-

944 742 1070 812 pientia.
1088 743 1161 813 quia
1174 743 1304 797 essentia
1323 759 1393 797 uuit
1411 743 1450 797 Et
1464 742 1555 796 Pater·
1576 744 1621 795 est
1637 739 1767 807 dilectis,

944 832 972 884 ct
987 829 1084 884 Filius
1098 830 1229 899 (lileetio,
1246 834 1275 885 et
1287 831 1419 902 Spiritus
1440 833 1564 884 sauctus
1583 828 1717 883 dileetio:
1739 830 1769 882 θῖ

943 917 1062 973 dilectio
1078 935 1149 987 ruia,
1165 920 1238 990 quia
1262 919 1396 973 essentia
1419 934 1490 972 una.
1517 916 1575 972 Sed
1600 917 1690 970 Pater
1715 930 1766 987 po·

944 1008 1037 1062 teutia
1054 1011 1143 1076 θεῖ,θῖ
1152 1009 1289 1079 potentia
1300 1007 1478 1076 nulliusest,
1489 1006 1562 1077 quia
1575 1020 1592 1059 a
1606 1002 1690 1059 nullo
1705 1004 1750 1057 est
1756 1018 1765 1071 3

943 1095 1083 1151 similiter
1098 1099 1128 1151 et
1143 1097 1294 1167 sapientia
1311 1100 1356 1151 est
1371 1097 1461 1151 Pater
1475 1098 1504 1149 et
1516 1094 1632 1149 nullius
1647 1092 1765 1164 sapien·

943 1185 986 1238 tia
1002 1188 1057 1253 est,
1074 1186 1147 1257 quia
1162 1184 1277 1240 anullo
1290 1189 1345 1240 est.
1356 1184 1484 1241 Dilectio
1496 1188 1541 1240 est
1556 1184 1646 1238 Pater
1660 1186 1689 1236 et
1702 1178 1767 1235 nul·

941 1273 1001 1328 lius
1022 1277 1068 1328 est
1090 1273 1221 1343 dileetio,
1238 1274 1312 1346 quia
1327 1290 1345 1327 a
1364 1273 1448 1329 uulio
1466 1276 1521 1328 est.
1550 1271 1648 1327 Filius
1663 1274 1766 1325 autem
1795 1322 1800 1330 .

940 1362 1079 1432 potentia
1094 1365 1182 1418 estet
1196 1362 1296 1418 Patris
1309 1362 1446 1434 potentia
1472 1365 1528 1430 est,
1545 1362 1617 1433 quia
1633 1376 1650 1413 a
1676 1359 1767 1414 Patro

942 1454 998 1504 θεῖ.
1014 1450 1172 1522 Sapientia
1185 1450 1283 1505 Filius
1299 1453 1355 1519 θεῖ,
1371 1454 1401 1504 θῖ
1416 1450 1568 1522 sapientia
1582 1449 1684 1504 Patris
1707 1451 1765 1517 est,

942 1539 1016 1609 quia
1029 1555 1047 1592 a
1060 1539 1149 1593 Patre
1165 1543 1219 1593 cst.
1232 1538 1364 1610 Spiritus
1377 1542 1502 1593 sauctus
1512 1541 1558 1592 est
1573 1536 1693 1592 dileetio
1709 1536 1764 1591 Pa·

61 1627 216 1698 priorarat
231 1625 297 1679 siue
314 1626 464 1696 sapientia
484 1630 513 1680 ct
534 1625 634 1680 adhue
655 1626 806 1697 sapientia
825 1642 885 1681 uon
902 1638 927 1692 Β
943 1628 999 1681 tris
1014 1632 1043 1681 et
1055 1627 1135 1696 Filii,
1152 1629 1226 1699 quia
1238 1644 1256 1681 a
1269 1629 1357 1682 Patre
1368 1631 1397 1681 et
1407 1627 1484 1681 Filio
1496 1631 1551 1683 θεῖ.
1568 1627 1628 1682 Ubi
1642 1625 1767 1696 diligen·

61 1718 126 1769 erat.
142 1714 181 1769 Et
193 1714 301 1769 venuit
315 1718 420 1785 postea
436 1714 596 1786 sapientia,
613 1718 722 1769 etcum
747 1715 885 1786 potentia

61 1820 116 1859 esse
128 1805 232 1876 coepit,
249 1805 339 1875 quasi
350 1803 434 1858 aliud
446 1804 478 1858 in
494 1804 564 1858 alio.
580 1804 617 1857 lli
633 1808 720 1858 eraut
731 1804 795 1874 jam
811 1803 882 1871 due,

62 1894 188 1963 potentia
204 1896 235 1948 et
247 1893 418 1965 sapientia:
436 1896 466 1947 ei
480 1892 619 1947 additum
633 1897 678 1947 est
693 1893 828 1947 tertium.
845 1893 883 1947 lit

62 1981 111 2035 tria
124 1997 191 2037 esse
206 1982 525 2053 eoeperunt,poteutia,
539 1985 568 2036 et
584 1981 880 2052 sapientiaetamor.

63 2068 93 2124 Et
103 2085 163 2126 uon
176 2072 243 2125 erat
253 2070 392 2141 potentia
403 2069 439 2124 de
448 2069 595 2141 aliquo,et
607 2068 642 2123 de
651 2069 718 2141 ipsa
731 2070 884 2140 sapientia

62 2162 117 2212 erat
126 2175 135 2226 3
151 2174 239 2213 amor
254 2161 357 2213 autem
372 2157 408 2212 de
422 2158 570 2229 potentia,
591 2162 620 2212 et
635 2157 787 2229 sapientia
806 2174 882 2230 prse-

62 2250 190 2301 cesserai.
209 2247 249 2302 Et
262 2262 323 2301 nou
338 2250 404 2301 erat
416 2247 555 2317 potentia
571 2247 732 2317 sapientia,
750 2246 825 2317 quia
835 2262 885 2318 po·

64 2335 158 2403 tentia,
174 2338 248 2390 aute
264 2335 447 2407 sapientiam
461 2338 525 2390 erat
540 2337 569 2389 et
585 2333 621 2388 de
647 2335 713 2405 ipsa
732 2334 883 2405 sapientia

62 2422 176 2478 exierat.
190 2422 300 2494 Neque
312 2438 436 2477 rursum
452 2438 537 2477 amor
552 2424 690 2494 potentia
703 2421 751 2478 vel
762 2423 880 2494 sapien·

63 2510 98 2564 lia
111 2510 170 2565 diei
181 2515 305 2583 poterat
314 2527 324 2579 3
335 2511 603 2581 quiaprecesserat
612 2513 733 2566 tauiiun
744 2511 782 2565 ab
795 2511 881 2581 ipsis,

63 2602 87 2653 θῖ
98 2598 163 2670 ipsa
175 2598 344 2671 aliquando
361 2600 426 2653 siue
451 2599 517 2670 ipso
538 2600 712 2654 extiterant.
730 2599 769 2654 Et
794 2602 881 2653 erant

62 2685 110 2739 tria
122 2686 188 2741 haee
204 2684 336 2742 discreta
350 2687 383 2740 iu
398 2687 503 2741 anima
516 2703 524 2755 3
541 2691 570 2742 et
585 2688 618 2742 in
639 2687 688 2741 iris
704 2687 804 2741 tribus
819 2686 883 2742 Tri·

62 2774 131 2829 nitas
144 2775 258 2830 animas
272 2775 399 2831 inventa
412 2779 465 2830 θεῖ.
494 2775 531 2830 Εῖ
557 2776 695 2830 aseendit
718 2776 820 2829 anima
840 2775 879 2829 ab

60 2860 101 2916 his
112 2862 151 2917 ad
160 2878 316 2918 suminam
329 2864 523 2933 Trinitatem,
534 2867 563 2918 ei
572 2864 691 2919 inuenit
702 2864 745 2919 ibi
758 2864 880 2919 Patrem

942 1720 987 1770 tcr
1003 1716 1171 1770 cauerrdum
1187 1732 1224 1771 ue
1235 1716 1448 1771 communione
1462 1715 1668 1771 confundatur
1683 1713 1766 1787 quod

937 1804 1188 1873 distinguendum
1199 1808 1254 1874 est,
1266 1821 1363 1877 neque
1376 1804 1588 1875 singularitate
1602 1804 1764 1873 iistingua-

939 1895 998 1961 tur,
1015 1893 1096 1963 quod
1111 1894 1268 1964 proprium
1284 1898 1345 1948 est:
1376 1893 1433 1947 hoe
1452 1896 1498 1948 est
1522 1908 1591 1947 oum
1616 1906 1763 1963 personas

936 1981 969 2035 in
984 1980 1135 2035 Trinitate
1158 1981 1346 2050 distinguere
1361 1981 1513 2050 volumus,
1537 1997 1598 2036 nou
1614 1980 1762 2036 attribua-

937 2085 1007 2123 mus
1031 2070 1086 2123 uni
1101 2069 1182 2141 quod
1199 2069 1288 2135 alteri,
1310 2085 1471 2124 commuue
1494 2072 1557 2137 θεῖ,
1573 2084 1671 2140 neque
1692 2083 1761 2124 eum

937 2158 1119 2213 substautias
1128 2159 1278 2212 unitatem
1290 2159 1499 2214 ‹lernonstrare
1510 2157 1703 2227 assignemus
1718 2156 1760 2212 al·

937 2247 1003 2315 teri,
1020 2247 1102 2317 quod
1118 2247 1171 2301 uui
1187 2247 1343 2318 proprium
1359 2250 1413 2302 est.

936 2383 1003 2434 GAP.
1021 2383 1124 2435 rxvru.
1138 2383 1274 2447 (laederet
1289 2384 1380 2448 spiam
1400 2384 1546 2436 Trinitatis
1559 2384 1712 2436 nonsotarn
1730 2385 1763 2436 in

951 2463 1087 2514 rationali
1103 2469 1229 2515 ereatura
1243 2464 1296 2524 sed,
1314 2465 1395 2516 etiam
1408 2465 1440 2516 io
1455 2476 1585 2529 corporea
1594 2467 1746 2527 reperitur.

971 2597 1046 2652 Ecce
1060 2597 1337 2655 demonstravimus
1352 2599 1517 2670 vestigium
1545 2599 1671 2670 aliquod
1695 2600 1760 2655 Tri·

936 2685 1044 2739 nitatis
1059 2702 1186 2741 summis
1200 2690 1351 2758 ‹prautum
1366 2688 1448 2743 valet
1462 2688 1540 2743 ratio
1562 2688 1698 2743 humana
1724 2687 1762 2744 de

935 2773 1053 2828 modieo
1068 2774 1151 2846 quod
1166 2792 1255 2830 suurn
1270 2780 1325 2845 est,
1342 2779 1371 2831 θῖ
1386 2775 1492 2831 datum
1500 2779 1546 2831 est
1559 2777 1605 2831 illi
1620 2779 1650 2831 et
1665 2776 1759 2832 estin

934 2860 1204 2929 illa,etm0dieum
1231 2867 1277 2918 est
1301 2864 1340 2917 ad
1362 2864 1529 2934 perlectum
1560 2866 1668 2918 totum.
1687 2863 1759 2918 Tria

61 2951 105 3020 qui
116 2950 249 3007 adnullo
260 2952 638 3024 erat‚sicutinsep0teutia
647 2969 656 3021 3
673 2952 811 3007 attilium
828 2953 880 3023 qui
899 2950 1018 3034 Ceuiru
1034 2950 1152 3005 invenit
1180 2952 1211 3006 iu
1226 2968 1258 3007 se
1273 2956 1302 3008 θῖ
1328 2967 1365 3006 ex
1381 2951 1429 3006 his
1448 2952 1629 3006 Trinitatem
1653 2950 1757 3022 depre-

61 3036 172 3094 aPstre
183 3045 260 3109 erat,
277 3041 356 3095 sicut
369 3040 401 3095 in
418 3056 449 3096 se
473 3041 645 3112 sapientia3
677 3044 707 3094 et
731 3039 879 3111 Spiritum
936 3037 1043 3092 heudit
1057 3054 1124 3109 ques
1142 3043 1208 3094 erat
1220 3055 1364 3111 suprase.
1390 3040 1429 3094 Et
1454 3042 1625 3094 contestata
1647 3042 1693 3094 est
1713 3039 1759 3095 illi

60 3129 189 3182 sanctum
202 3128 258 3199 qui
272 3144 290 3182 a
304 3128 394 3183 Patre
410 3132 439 3184 et
449 3129 527 3183 Filio
541 3133 615 3196 crat,
634 3128 713 3182 sieut
727 3129 759 3183 iu
786 3143 817 3182 se
832 3127 876 3181 di·
933 3128 1045 3179 natura
1063 3126 1149 3194 ioris,
1172 3127 1251 3182 sieut
1271 3127 1307 3181 de
1323 3127 1444 3182 unitate
1459 3126 1592 3183 deitatis.
1612 3128 1650 3183 Et
1665 3142 1757 3200 appa·

58 3211 137 3270 lectio
151 3232 171 3270 a
184 3216 324 3288 potentia
335 3220 366 3271 et
380 3217 531 3289 sapientia
542 3219 740 3289 processerat.
758 3216 796 3271 Et
811 3215 879 3271 ideo
934 3218 1062 3269 ruerunt
1074 3215 1132 3269 tria
1146 3214 1221 3269 foris
1232 3215 1321 3285 sigua
1331 3215 1503 3285 Trinitatis,
1513 3216 1564 3270 secl
1578 3232 1639 3272 nou
1654 3217 1757 3288 imago

57 3303 218 3372 potentiam
234 3302 319 3359 Patri
331 3304 451 3373 tribuit,
461 3306 534 3377 quia
547 3305 579 3359 in
589 3320 620 3359 εθ
632 3304 802 3359 similitudo
814 3303 878 3359 iue-
934 3305 968 3356 ut
983 3301 1036 3356 illa
1055 3318 1123 3373 qua
1140 3303 1225 3357 intus
1239 3307 1326 3358 erant
1342 3320 1348 3357 :
1366 3307 1395 3358 et
1410 3304 1474 3359 haec
1495 3305 1563 3376 ipsa
1582 3305 1760 3377 imperfecta

56 3390 211 3460 ratillius3
226 3396 256 3446 st
272 3392 456 3464 sapientiam
466 3393 554 3462 Filio,
571 3394 717 3464 quoniam
727 3392 791 3448 uae
802 3393 834 3447 iu
848 3407 880 3447 se
934 3390 1135 3445 similitudine
1151 3395 1246 3445 eraut.
1261 3392 1335 3447 Erat
1356 3393 1436 3448 enim
1455 3393 1593 3465 potentia
1617 3394 1714 3464 intus,
1729 3398 1759 3451 et

58 3475 150 3549 brago
165 3478 251 3535 illius
259 3484 335 3547 erat,
352 3496 420 3552 quae
434 3481 600 3553 apotentia
610 3485 677 3536 orta
689 3486 755 3536 erat
767 3497 776 3550 3
792 3485 820 3536 et
835 3480 879 3535 di·
934 3479 1093 3550 sapientia,
1117 3482 1147 3533 θῖ
1168 3495 1264 3534 amor.
1280 3481 1319 3534 Et
1334 3480 1394 3535 tria
1408 3480 1473 3535 hare
1491 3480 1594 3551 imago
1609 3485 1697 3537 erant
1710 3497 1760 3553 po·

58 3563 212 3623 lectionem
227 3567 357 3639 Spiritui
372 3572 478 3624 saneto
500 3570 654 3638 attribuit,
676 3570 822 3641 quoniam
847 3570 880 3624 in
934 3568 1037 3621 tentia»
1061 3567 1237 3636 Creatoris3
1265 3571 1295 3623 et
1314 3568 1483 3638 sapientia,
1500 3570 1530 3623 et
1545 3570 1669 3638 amoris,
1685 3570 1760 3641 quia

57 3667 83 3708 se
95 3670 112 3709 a
124 3656 269 3727 potentis
281 3659 311 3711 et
324 3656 475 3727 sapientia
485 3657 643 3728 processit,
656 3658 735 3712 sieut
747 3657 879 3729 Spiritus
934 3652 983 3708 liic
997 3658 1084 3709 erant
1100 3658 1129 3708 et
1141 3654 1186 3710 ibi
1200 3659 1297 3709 eraut.
1314 3654 1371 3709 Sed
1384 3655 1433 3710 hic
1447 3655 1480 3709 iu
1503 3656 1637 3725 imagine
1658 3660 1756 3725 erant,

56 3746 173 3799 sauctus
186 3758 206 3797 a
220 3742 312 3798 Patre
325 3746 355 3798 et
369 3743 457 3812 Filio,
471 3760 538 3815 quae
550 3743 724 3799 dileetioest
734 3744 834 3799 Patris
850 3748 879 3799 et
933 3742 976 3796 ibi
992 3742 1163 3796 inveritate
1179 3758 1187 3810 3
1204 3747 1307 3796 tamen
1332 3743 1496 3814 utrobique
1515 3748 1612 3811 erant,
1632 3747 1663 3799 θῖ
1676 3743 1757 3798 idem

57 3826 127 3885 Filii.
143 3830 185 3885 Et
197 3830 243 3885 sie
258 3831 383 3903 quidem
398 3831 710 3888 distinxitveritatem
724 3832 763 3886 ad
775 3833 880 3903 imagi·
933 3833 1030 3898 eraut,
1046 3830 1188 3900 quiahoc
1203 3830 1253 3886 hie
1268 3835 1333 3885 erat
1348 3831 1488 3903 quodibi
1502 3834 1577 3886 erat.
1598 3831 1656 3887 Sed
1674 3831 1757 3904 quod

52 3930 115 3973 *uem
128 3934 295 3991 perquam
314 3919 473 3975 invenerat
487 3922 659 3988 veritatem,
683 3924 717 3974 ut
733 3920 815 3992 quod
829 3920 879 3976 hie
932 3917 1172 3989 hieeratimago
1186 3922 1261 3987 erat,
1291 3919 1437 3991 quodibi
1462 3923 1528 3975 erat
1545 3920 1659 3976 veritas
1679 3923 1753 3977 erat.

54 4007 203 4079 proprium
216 4006 379 4063 inventum
399 4012 445 4063 θεῖ
467 4008 505 4063 ad
521 4008 787 4080 significationem,
816 4009 879 4064 illic
933 4005 1020 4060 Foris
1032 4010 1133 4061 autem
1148 4008 1287 4078 potentia
1301 4024 1364 4063 non
1377 4012 1451 4078 erat,
1467 4008 1520 4063 sed
1547 4009 1669 4080 signum
1692 4012 1756 4065 tan·

56 4096 134 4164 quasi
148 4093 309 4165 singulare
323 4095 474 4151 diceretur
484 4097 522 4152 ad
535 4098 762 4170 proprietatem.
780 4096 818 4152 Et
834 4102 876 4153 ta·
933 4096 1000 4148 tum
1015 4110 1023 4162 3
1044 4109 1144 4166 neque
1159 4095 1311 4167 sapientia
1325 4096 1378 4151 sed
1402 4097 1525 4168 signum
1539 4100 1660 4153 tantum
1674 4113 1684 4166 3
1708 4112 1758 4153 ne·

56 4194 116 4237 meu
130 4184 209 4255 quia
221 4182 287 4238 Deo
302 4186 401 4238 totum
416 4182 498 4256 q'uod
511 4189 567 4254 est,
582 4200 646 4241 esse
661 4201 757 4240 unum
773 4188 835 4254 θεῖς.
849 4188 879 4240 et
933 4192 992 4254 que
1005 4198 1091 4239 amor
1115 4183 1164 4239 vel
1186 4183 1319 4254 bonitas,
1334 4185 1387 4240 sed
1402 4186 1525 4256 signum
1541 4189 1660 4240 tautum
1672 4201 1681 4253 3
1700 4200 1755 4243 nee

55 4274 225 4343 neapotest
247 4270 402 4327 diversum
426 4273 558 4328 inueniri
584 4273 666 4345 quod
692 4274 723 4328 iu
747 4273 877 4345 simplici
892 4275 962 4371 Det
991 4271 1059 4343 ipsa
1088 4272 1186 4341 sigua,
1215 4287 1315 4344 neque
1336 4273 1475 4343 potentia
1493 4277 1581 4328 erant
1596 4288 1692 4345 neque
1708 4290 1754 4329 sa-

56 4362 158 4414 natura
172 4358 256 4415 idem
285 4362 341 4429 θεῖ,
357 4376 454 4432 neque
470 4363 563 4417 unius
579 4378 644 4417 esse
668 4366 768 4434 potest
794 4362 877 4434 quod
931 4358 1048 4429 pientia
1062 4374 1160 4430 neque
1176 4360 1348 4414 amorsieut
1363 4359 1519 4429 intus,sed
1535 4361 1623 4430 signa
1633 4364 1754 4417 tentum

56 4443 171 4503 aerius
185 4452 319 4517 nonest,
335 4449 389 4504 ubi
404 4449 483 4504 idem
498 4453 544 4504 est
559 4466 640 4505 uuus
649 4453 694 4505 est
705 4450 787 4523 quod
801 4449 877 4506 alter
931 4446 1086 4517 potentiae,
1103 4448 1260 4518 sapientia
1272 4451 1301 4502 θῖ
1314 4449 1437 4503 amoris.
1454 4448 1612 4504 Potentia.
1623 4450 1753 4506 enimsi·

56 4534 292 4592 cst.Cumsnim
302 4538 647 4609 potentiaPatrisaliud
661 4540 876 4611 nonsitquam
931 4549 1026 4604 gniuu
1051 4535 1110 4590 tuit
1137 4552 1238 4591 rerum
1267 4536 1482 4604 immensitas3
1508 4537 1666 4608 sapienties
1685 4537 1753 4610 pul·

55 4624 177 4678 santra
190 4624 269 4695 ejus,
284 4641 383 4697 neque
398 4627 549 4698 sapientia
574 4627 644 4682 Filii
676 4626 761 4681 aliud
780 4642 873 4697 quam
931 4622 1072 4678 chritudo
1087 4640 1096 4692 3
1112 4624 1260 4680 bonitatis
1281 4625 1411 4679 utilitas.
1428 4624 1468 4680 Et
1492 4640 1553 4680 uon
1581 4627 1754 4699 erautipsa

55 4711 179 4767 essentia
192 4712 275 4783 ejus,
292 4728 390 4784 neque
410 4730 497 4771 amor
515 4715 648 4786 Spiritus
670 4714 768 4770 sancti
792 4712 877 4769 aliud
932 4712 1021 4782 sigua
1043 4714 1181 4783 potentia
1208 4714 1257 4768 vel
1285 4713 1446 4785 sapientia,
1475 4712 1522 4767 vel
1536 4713 1659 4769 bonitas
1676 4731 1685 4784 3
1701 4714 1755 4771 sed

55 4812 139 4869 quam
154 4801 292 4855 essentia
306 4801 382 4871 ejus,
396 4818 516 4859 neeesse
533 4804 657 4859 omuino
679 4807 725 4857 θεῖ
741 4803 793 4857 ubi
815 4818 877 4856 una
931 4802 1053 4855 tautum
1069 4802 1157 4871 signa
1172 4816 1276 4856 eorum
1303 4800 1493 4867 attestantia,
1509 4799 1640 4872 hisquae
1667 4801 1753 4859 intus

54 4889 93 4941 at
107 4890 245 4944 essentia
257 4905 353 4944 unam
370 4905 434 4947 esse
449 4891 629 4963 potentiam,
646 4906 740 4946 unam
756 4892 875 4962 sapien·
931 4891 1019 4943 eraut
1042 4889 1174 4959 propria.
1198 4888 1236 4943 lli
1259 4889 1389 4961 probata
1411 4891 1457 4943 θεῖ
1474 4888 1609 4945 Trinitas
1624 4905 1697 4947 vera
1719 4893 1753 4948 iu

54 4974 130 5045 tiam,
145 4981 178 5033 et
193 4992 287 5032 unam
301 4977 492 5034 dilectionem
506 4996 515 5048 3
532 4983 562 5035 et
580 4995 772 5035 communem
799 4994 876 5048 esse,
931 4976 1074 5047 operibus
1090 4977 1154 5030 suis
1167 4992 1177 5043 3
1189 4990 1243 5031 nee
1257 4977 1357 5049 potuit
1368 4976 1446 5032 ratio
1461 4975 1511 5031 his
1526 4977 1656 5049 adjicere
1664 4980 1751 5051 quid-

53 5066 185 5119 ettotam
201 5079 278 5133 θεεθ,
296 5067 326 5119 θῖ
340 5066 461 5138 proprie
476 5083 551 5136 esse,
567 5071 597 5122 et
611 5066 771 5138 aqualiter
798 5082 873 5122 esse.
932 5079 1025 5134 quam
1045 5079 1113 5134 quse
1126 5064 1259 5134 perfecta
1277 5067 1374 5133 erant,
1398 5080 1497 5136 neque
1509 5065 1613 5121 tollere
1636 5066 1754 5138 aliquid

52 5148 151 5223 ltaque
165 5153 307 5225 potentia
321 5153 487 5224 Patriscst,
501 5161 530 5211 et
545 5156 614 5211 Filii
627 5159 684 5223 est,
701 5159 730 5211 et
744 5154 877 5227 Spiritus
931 5168 1000 5224 quea
1029 5152 1212 5206 constabant
1239 5151 1379 5207 discreta.
1400 5152 1478 5207 Sunt
1503 5154 1585 5208 euim
1615 5154 1673 5209 tria
1690 5155 1754 5210 haee

52 5240 142 5295 saneti
154 5244 212 5311 est,
229 5246 258 5296 et
272 5243 394 5313 proprie
409 5246 464 5313 est,
480 5247 511 5298 et
530 5244 688 5315 {aqualiter
709 5247 764 5298 cst.
782 5244 820 5299 Et
834 5254 880 5299 sa·
932 5256 1000 5312 quea
1015 5255 1104 5294 ornus
1117 5239 1266 5295 rationale
1281 5240 1451 5311 perficiunt,
1468 5256 1523 5297 nee
1540 5242 1604 5297 siue
1623 5241 1672 5296 his
1686 5258 1752 5314 per·

52 5325 161 5396 pientia
176 5326 247 5383 Filii
263 5318 320 5398 est,
334 5333 364 5384 et
379 5331 479 5386 Patris
495 5336 560 5399 est,
577 5335 606 5386 et
629 5332 762 5404 Spiritus
777 5333 877 5387 saucti
931 5329 1044 5383 iactum
1058 5331 1104 5382 est
1118 5327 1244 5400 aliquid.
1262 5327 1408 5384 Similiter
1422 5328 1460 5383 ad
1478 5344 1596 5384 omnem
1614 5328 1753 5384 effectum

52 5419 103 5483 est,
115 5419 145 5471 et
156 5417 282 5489 proprie
296 5421 353 5487 est,
367 5423 397 5474 et
410 5419 570 5491 arqrrsliter
582 5422 628 5473 est
642 5436 649 5488 3
666 5424 695 5474 θῖ
711 5436 796 5475 amer
812 5422 877 5477 sire
931 5420 1115 5473 concurrunt
1130 5417 1190 5472 tria
1203 5417 1277 5485 haee,
1289 5432 1418 5487 querum
1435 5416 1536 5487 siquid
1550 5415 1690 5484 defuerit,
1706 5416 1752 5473 ni·

52 5499 169 5558 bonitas
183 5504 319 5577 Spiritus
334 5509 432 5562 saneti
448 5512 503 5576 est,
521 5511 551 5562 et
566 5508 666 5562 Patris
682 5511 738 5577 cst,
761 5512 790 5563 ct
805 5510 876 5564 Filii
930 5505 974 5560 hil
986 5505 1178 5574 absolvitur3
1202 5508 1231 5559 et
1254 5504 1279 5559 si
1303 5505 1404 5559 adsint
1424 5504 1538 5574 pariter
1558 5502 1661 5557 omnia
1681 5517 1751 5558 con·

52 5596 103 5659 est,
118 5595 148 5647 et
162 5594 287 5665 proprie
302 5599 360 5666 θεῖ,
373 5598 404 5651 et
418 5597 578 5667 aqualiter
590 5599 647 5650 θεῖ.
664 5597 703 5651 Εῖ
724 5597 797 5668 quia
812 5596 876 5651 Deo
931 5597 1134 5649 summantur.
1151 5594 1225 5650 Haec
1240 5597 1313 5649 sunt
1326 5592 1473 5664 potentia,
1501 5591 1628 5645 seientia
1650 5594 1681 5647 et
1698 5607 1751 5649 vo-

53 5675 160 5737 tabere
174 5680 257 5739 idem
272 5681 414 5755 estquod
428 5698 504 5753 esse,
519 5687 549 5740 θῖ
563 5698 653 5740 omne
669 5682 751 5756 quod
765 5684 797 5739 in
812 5684 876 5740 Deo
930 5682 1034 5739 luntas
1049 5699 1058 5752 3
1073 5697 1110 5738 sx
1128 5683 1283 5754 quibussi
1304 5680 1393 5736 tollas
1414 5693 1511 5734 unum
1535 5677 1669 5749 aliquod,
1685 5697 1750 5753 per·
