3742 6082
114 192 167 252 seo
416 197 595 258 auectus
613 199 667 257 Du
685 200 715 257 S.
735 197 906 257 werona
924 195 1009 253 OPP.
1030 194 1130 252 1>le
1148 194 1187 252 11.
1200 223 1238 238 -
1254 193 1497 254 memnon.
1764 198 1821 255 664

117 319 179 376 tale
200 319 293 391 dedit,
309 336 348 376 ne
361 321 502 378 videatur
515 323 613 378 dicere
637 326 743 379 contra
758 321 940 377 sacramenti
954 323 981 376 A
996 335 1028 375 se
1050 318 1172 391 qualern
1196 318 1294 375 voluit
1316 319 1481 375 admittens
1505 318 1544 373 ad
1562 334 1605 388 se,
1620 335 1658 375 ex
1676 335 1712 376 eo
1736 321 1824 393 quod

119 408 372 479 dignitatem,nec
382 411 454 465 dicit
464 411 635 466 immortale
644 410 782 479 dedit,ne
793 410 942 464 existime·
996 411 1104 481 sponte
1119 408 1262 479 portabat
1276 410 1426 478 quantum
1441 407 1587 463 voluit.Si
1597 423 1668 478 ergo
1678 409 1824 466 Christus

119 501 171 552 tur
184 498 304 553 eredere
314 503 420 554 contra
430 515 497 553 eam
512 515 580 570 quae
595 499 627 553 in
642 498 748 553 Chisto
763 503 833 553 ante
846 513 942 553 resur·
996 501 1139 551 naturam
1152 496 1350 551 mortalitatis
1360 495 1527 551 secundum
1540 497 1690 551 rationem
1701 497 1826 570 dispen-

119 586 283 641 rectionem
307 586 367 640 fuit
390 586 528 641 mortalis
543 587 677 658 corporis
691 588 861 642 veritatem.
873 587 942 641 Pro
996 586 1125 640 sationis
1139 585 1251 642 divinae
1262 586 1443 657 priusquam
1458 600 1524 640 eam
1539 586 1714 656 perenniter
1727 586 1824 642 victu-

119 677 187 745 pter
200 674 257 728 hoc
271 674 410 729 fortassis
422 674 532 728 melius
547 679 602 744 est,
614 679 649 730 ut
663 678 806 730 neutrum
817 675 942 728 definire
996 690 1050 729 rus
1065 680 1188 729 exueret
1200 664 1368 729 seeundum
1382 672 1674 745 tempusaliquando
1687 677 1825 745 exparte

118 776 350 831 praesumamus,
366 763 508 831 quamvis
518 765 621 817 tamen
637 762 872 818 alterumiuisse
885 778 943 817 cre·
996 761 1146 834 deposuit,
1163 763 1318 817 etiterum
1342 777 1410 816 cum
1432 765 1553 832 tempus
1576 761 1754 832 postulabat
1780 778 1826 817 as

118 849 236 904 damus.
252 847 301 902 Sic
323 849 428 920 itaque
440 865 502 904 non
527 851 646 905 dicatur
659 851 717 919 11οο
737 851 785 906 vel
800 851 856 905 hoc
871 851 940 918 fuit,
997 851 1138 922 sumpsit,
1155 850 1229 921 quid
1243 851 1355 904 mirum
1366 853 1409 904 est
1426 849 1452 904 si
1465 848 1577 904 dicitur
1588 848 1755 920 aliquando
1766 866 1823 923 pro

119 935 261 1006 quanwis
275 938 378 990 tamen
389 937 532 993 credatur
541 939 623 1009 quod
634 938 763 994 alterum
773 939 842 993 fuit.
855 938 942 1002 Quod
998 955 1090 994 eausa
1113 942 1143 993 et
1157 939 1276 993 ratione
1298 938 1453 1010 temporis,
1470 937 1636 993 secundum
1655 938 1773 1010 aliquid
1793 944 1824 994 et

118 1023 145 1077 si
160 1023 289 1078 alterum
308 1024 469 1080 dicendum
485 1029 531 1080 est
546 1042 617 1096 ergo
632 1027 748 1098 absque
765 1027 942 1098 praeJudicio
998 1031 1094 1082 totam
1109 1027 1295 1099 deposuisse,
1311 1027 1417 1097 inqua
1431 1030 1532 1081 tamen
1547 1025 1647 1081 adhuc
1661 1042 1731 1082 cunr
1744 1031 1823 1082 tem·

117 1112 257 1168 veritatis
271 1113 371 1182 magis
387 1128 478 1168 sensu
492 1114 530 1168 ad
545 1115 621 1170 illud
630 1116 791 1184 accedo,ut
804 1115 880 1171 illud
890 1117 943 1169 im·
998 1133 1055 1188 pus
1079 1116 1256 1188 postulabat
1274 1130 1422 1187 passurus
1444 1111 1522 1169 fuit?
1544 1114 1575 1169 Si
1591 1130 1663 1184 ergo
1684 1115 1741 1171 hoc
1757 1131 1825 1172 esse

116 1198 262 1271 passibile
277 1202 307 1254 et
319 1200 501 1270 immortale,
518 1207 668 1274 quantum
684 1204 797 1261 scilicet
811 1205 943 1275 pertinet
998 1206 1109 1278 potuit,
1122 1208 1157 1260 ut
1169 1206 1234 1276 ipse
1249 1205 1385 1275 seipsum
1399 1204 1543 1259 manibus
1555 1208 1697 1274 gestaret,
1713 1209 1743 1259 et
1758 1205 1820 1260 dis·

119 1287 158 1341 ad
166 1287 437 1343 sanctificationem
448 1292 631 1346 sacramenti
638 1291 800 1346 tradidisse
812 1292 940 1347 dicatur.
997 1294 1107 1366 cipalis
1119 1295 1184 1349 sine
1192 1293 1385 1364 corruptione
1394 1293 1442 1347 sui
1452 1292 1603 1347 edendum
1614 1293 1823 1364 distribueret,

118 1373 347 1445 Siquisautem
373 1377 577 1447 objiciendum
598 1382 695 1450 putet,
711 1379 878 1450 quodante
897 1394 941 1433 re·
997 1386 1027 1437 et
1056 1386 1158 1437 tamen
1183 1382 1249 1452 ipse
1275 1381 1328 1452 qui
1356 1379 1439 1434 dedit
1467 1383 1497 1434 et
1526 1381 1579 1451 qui
1607 1379 1741 1436 dabatur
1770 1382 1825 1453 qui

118 1463 336 1519 surrectionem
362 1465 513 1521 Dominus
546 1468 635 1522 Jesus
667 1468 808 1523 Christus
833 1484 942 1540 cerpus
997 1471 1141 1544 portavit,
1158 1470 1256 1540 etqui
1277 1469 1458 1541 portabatur
1477 1468 1659 1538 idemesset,
1675 1468 1750 1540 quid
1766 1471 1824 1524 mi·

118 1550 246 1605 mortale
258 1552 411 1623 portabat,
425 1558 455 1608 et
476 1555 533 1609 hoc
547 1555 607 1626 ipsi
627 1556 839 1612 indubitanter
852 1559 941 1628 proii-
998 1575 1065 1614 rum
1089 1562 1135 1613 est
1149 1558 1175 1612 si
1190 1558 1311 1625 dicitur,
1325 1556 1408 1629 quod
1430 1557 1539 1628 ipsein
1560 1572 1594 1611 eo
1609 1557 1691 1629 qued
1715 1557 1823 1625 dabat,

118 1643 218 1693 lemur
234 1640 393 1695 mortalem
411 1642 506 1698 fuisse
523 1644 689 1699 Dominum
710 1646 816 1701 lesum
840 1661 943 1701 secun·
955 1651 981 1707 Β
993 1646 1132 1702 mortalis
1146 1647 1216 1713 fuit,
1231 1649 1261 1701 et
1277 1645 1310 1700 in
1325 1660 1359 1699 eo
1376 1644 1459 1716 quod
1481 1644 1612 1699 dabatur
1635 1644 1821 1700 immortalis

117 1726 191 1781 dum
206 1732 378 1798 susceptam
393 1729 618 1788 humanitatem
623 1750 633 1802 ;
649 1735 723 1805 quia
740 1735 765 1788 si
780 1735 939 1790 mortalem
994 1737 1063 1804 fuit,
1078 1740 1108 1791 et
1122 1738 1224 1789 tamen
1238 1735 1303 1805 ipse
1316 1734 1370 1805 qui
1380 1732 1520 1787 mortalis
1532 1732 1635 1801 dabat,
1649 1736 1679 1787 et
1695 1733 1749 1804 qui
1764 1733 1822 1788 im·

116 1815 212 1870 fuisse
226 1830 289 1869 non
301 1816 500 1887 crederemus,
509 1824 664 1876 mortuum
677 1824 938 1892 negaremusflu·
994 1823 1133 1879 mortalis
1147 1822 1279 1877 dabatur
1299 1836 1362 1876 nou
1387 1820 1457 1889 duo,
1474 1819 1527 1875 sed
1548 1836 1629 1875 unus
1655 1821 1721 1892 ipse
1737 1821 1824 1875 luit?

117 1918 210 1959 mana
231 1919 302 1975 erge
314 1909 425 1960 natura
447 1908 480 1962 in
501 1907 623 1965 Christo
641 1911 780 1966 mortalis
804 1912 873 1981 fuit,
888 1912 941 1967 sed
995 1911 1152 1977 Quomodo
1168 1908 1307 1965 mortalis
1323 1924 1385 1963 nen
1400 1909 1532 1962 dabatur
1546 1908 1599 1978 qui
1623 1907 1823 1962 invisibiliter

117 1991 286 2061 voluntate,
300 2009 361 2048 non
385 1997 574 2052 necessitate.
590 1998 635 2052 Ex
649 2013 684 2053 eo
707 2000 787 2054 enim
803 2016 864 2070 quo
888 2017 941 2072 per
996 1999 1185 2066 sumebatur,
1208 2000 1239 2052 et
1259 1995 1533 2067 incorruptibiliter
1556 1994 1824 2050 manducabatur?

116 2081 246 2151 gratiam
271 2082 310 2136 ab
336 2084 418 2137 omni
442 2089 564 2156 peccato
588 2087 704 2142 munda
728 2088 821 2143 verbo
836 2089 893 2143 Dei
907 2090 941 2144 in
994 2085 1192 2143 invisibiliter
1206 2085 1386 2140 sumebatur
1396 2087 1548 2154 quantum
1559 2082 1597 2138 ad
1610 2083 1741 2138 formam
1754 2083 1823 2138 dico

116 2170 265 2225 unitatem
279 2187 416 2242 personae
428 2173 535 2243 juncta
550 2177 604 2244 est,
617 2176 655 2229 ab
671 2176 754 2231 omui
767 2177 875 2231 mortis
890 2192 940 2232 ne·
994 2175 1150 2246 propriam
1163 2173 1297 2244 corporis
1313 2173 1371 2241 sui,
1387 2187 1448 2226 non
1471 2175 1622 2242 quantum
1637 2170 1674 2224 ad
1690 2172 1822 2242 speciem

117 2258 257 2314 cessitate
269 2261 298 2312 et
312 2259 414 2315 debito
427 2260 524 2316 libera
536 2262 618 2317 facta
630 2267 685 2332 eet,
702 2268 737 2318 ut
757 2264 835 2319 nihil
850 2266 940 2320 morti
996 2263 1177 2317 sacramenti
1204 2262 1262 2316 sui.
1294 2259 1495 2315 Invisibiliter
1523 2260 1604 2314 enim
1631 2258 1823 2327 sumebatur,

118 2345 239 2401 deberet
253 2362 307 2417 pre
320 2363 354 2402 ee
369 2349 451 2419 quod
466 2351 581 2421 peccati
596 2351 674 2406 111111
691 2351 826 2407 haberet.
843 2353 941 2408 Susti·
996 2351 1070 2421 quia
1083 2351 1115 2405 in
1130 2364 1165 2404 eo
1180 2349 1262 2420 quod
1277 2349 1455 2403 sumebatur
1465 2347 1621 2419 quodipse
1633 2351 1699 2401 erat
1709 2361 1770 2401 non
1781 2348 1822 2402 vi·

118 2433 187 2488 nuit
210 2437 312 2489 tamen
339 2441 447 2507 sponte
470 2438 699 2508 mortalitatem,
716 2441 789 2510 quia
812 2445 941 2496 mortem
996 2435 1823 2506 debatur.Christussnimsumebaturetspeciespanis

119 2523 270 2578 sustinere
285 2523 406 2579 volebat
411 2540 419 2594 ;
436 2527 528 2596 quisi
544 2527 761 2583 mortalitatem
776 2544 837 2584 nou
854 2532 943 2585 susti·
996 2531 1026 2581 et
1039 2527 1104 2580 vini
1116 2528 1236 2580 tautum
1252 2525 1422 2580 videbatur.
1444 2525 1514 2579 Ideo
1538 2523 1603 2577 dice
1622 2522 1822 2577 invisibiliter

119 2612 320 2667 nuissetmori
327 2614 451 2668 omnino
464 2630 525 2669 non
531 2617 691 2687 potuisset.
703 2618 827 2688 Sicerge
834 2624 942 2690 sponte
997 2615 1185 2682 sumebatur,
1202 2617 1232 2667 et
1244 2613 1325 2684 quod
1345 2617 1411 2668 erat
1432 2628 1494 2667 non
1515 2610 1685 2666 videbatur.
1703 2611 1735 2665 Si
1750 2626 1823 2681 ergo

120 2701 337 2756 mortalitatem
344 2704 487 2774 portavit,
495 2719 654 2776 quousque
660 2709 941 2777 mortemgustaret‚
996 2703 1028 2756 in
1043 2717 1078 2756 eo
1093 2701 1175 2773 quod
1190 2701 1293 2770 dabat,
1305 2701 1388 2773 qued
1402 2701 1467 2772 ipse
1479 2702 1544 2754 erat
1559 2698 1730 2766 videbatur,
1744 2701 1775 2753 et
1788 2699 1821 2753 11

119 2792 149 2844 et
159 2790 204 2843 ita
214 2790 430 2846 mortalitatem
440 2792 611 2863 deponeret.
620 2794 697 2859 Quia
708 2795 943 2864 ergovoluntate
996 2805 1032 2845 eo
1044 2790 1126 2861 quod
1148 2790 1290 2858 dabatur,
1305 2789 1387 2860 quod
1400 2789 1465 2860 ipse
1487 2791 1551 2843 erat
1564 2802 1627 2842 non
1647 2786 1820 2855 videbatur,

118 2893 180 2932 non
203 2879 381 2934 necessitate
395 2881 533 2936 mortalis
548 2881 617 2949 fuit,
633 2883 731 2954 ipsius
746 2884 942 2940 mortalitatis
997 2879 1054 2933 etsi
1068 2880 1100 2933 in
1115 2894 1149 2933 ee
1160 2878 1242 2949 qued
1256 2878 1349 2931 dabat
1361 2877 1524 2932 tenebatur
1538 2880 1567 2930 et
1577 2875 1819 2945 crucifigebatur,

104 2967 345 3038 proprietatem,
362 2969 528 3025 secundum
544 2970 626 3042 quod
641 2972 718 3026 ratio
733 2975 762 3026 et
777 2972 850 3027 ordo
866 2977 938 3028 tem·
958 2973 982 3030 c
997 2970 1026 3022 et
1041 2968 1074 3022 in
1089 2982 1123 3022 eo
1138 2966 1219 3038 quod
1234 2965 1366 3020 dabatur
1377 2966 1575 3035 frangebatur
1590 2968 1619 3019 et
1634 2979 1695 3019 uon
1710 2962 1821 3017 divide

118 3054 201 3126 poris
212 3055 398 3126 postulabat,
415 3058 594 3130 priusquam
608 3075 674 3113 eam
689 3074 742 3130 per
757 3064 884 3115 mortem
901 3063 942 3116 10
995 3056 1097 3124 batur,
1107 3055 1253 3109 edebatur
1267 3058 1297 3109 et
1311 3070 1373 3109 non
1388 3054 1641 3125 corrumpebatur
1657 3069 1663 3106 :
1680 3051 1755 3124 quid
1769 3051 1821 3105 mi·

119 3145 182 3197 tam
205 3153 337 3213 exueret,
351 3145 517 3217 aliquando
534 3164 571 3202 ex
592 3153 677 3218 parte
702 3150 825 3220 quando
844 3149 942 3203 veluit
997 3145 1074 3198 raris
1089 3145 1115 3198 si
1130 3144 1162 3197 in
1186 3159 1220 3197 eo
1235 3143 1317 3214 quod
1330 3143 1424 3197 dabat
1447 3141 1586 3197 mortalis
1601 3142 1723 3208 dicitur,
1738 3141 1771 3194 in
1786 3155 1820 3193 eo

120 3230 269 3301 deposuit,
284 3237 313 3287 et
326 3248 447 3288 rursum
467 3237 589 3306 quando
604 3237 702 3291 voluit
714 3238 835 3308 recepit.
853 3237 894 3291 Ut
909 3237 940 3291 in
996 3232 1079 3303 quod
1094 3231 1226 3285 dabatur
1246 3231 1428 3286 immortalis
1451 3233 1481 3285 et
1500 3228 1701 3302 impassibilis
1725 3228 1820 3282 fuisse

119 3318 250 3391 hocipso
260 3322 502 3393 probaret,quod
512 3324 771 3395 inquantumeam
782 3326 939 3394 sustinuit,
996 3318 1201 3392 predicatur?
1215 3320 1279 3374 Hoc
1302 3323 1404 3373 tamen
1419 3319 1462 3373 sic
1477 3318 1558 3374 dicta
1575 3319 1638 3373 sint
1656 3320 1691 3372 ut
1705 3317 1821 3371 nemini

120 3423 157 3461 ex
171 3410 350 3464 necessitate
367 3425 427 3464 non
443 3414 532 3479 esset,
542 3412 596 3482 qui
611 3413 654 3466 sic
668 3428 722 3484 pro
737 3416 888 3483 potestate
900 3414 942 3467 in·
996 3411 1029 3464 11
1043 3409 1173 3481 eoquod
1187 3409 1261 3464 latet
1276 3409 1486 3480 prejudicium
1501 3408 1564 3462 fiat.

119 3500 269 3566 quantum
278 3496 452 3553 voluiteam
461 3514 522 3554 non
530 3499 651 3568 babere,
659 3501 809 3554 sustinere
817 3501 941 3556 omnine
996 3498 1069 3552 Gar.
1087 3497 1136 3552 IV.
1158 3500 1269 3551 Utrum
1282 3512 1396 3566 corpas
1409 3498 1530 3551 Christi
1539 3495 1608 3564 fait
1618 3496 1703 3563 qaod
1714 3496 1820 3548 ladas

119 3597 181 3638 non
195 3589 307 3656 posset.
324 3586 450 3657 Legitur·
463 3587 495 3641 in
512 3588 678 3658 Evangelio
693 3587 776 3659 quod
791 3589 942 3643 Dominus
1104 3601 1165 3654 per
1181 3587 1358 3639 intinctam
1374 3586 1549 3638 buccellam
1565 3583 1696 3648 accepit.

117 3674 206 3729 Jesus
226 3673 367 3730 Christus
387 3691 456 3730 cum
477 3677 603 3732 verbum
619 3678 690 3733 vita
709 3677 897 3749 praedicaret,
912 3681 942 3733 et
1031 3674 1277 3738 Quaeruntethoc
1290 3677 1393 3727 utram
1405 3667 1821 3744 corpusChristiilludfuisse

119 3761 265 3817 advitam
274 3764 418 3818 mortales
429 3768 458 3819 et
466 3766 631 3820 morituros
645 3767 800 3834 invitaret,
810 3767 941 3821 zelantes
997 3762 1179 3817 credendum
1192 3761 1233 3815 sit
1247 3760 1330 3832 qnod
1352 3761 1417 3832 ipse
1433 3757 1570 3813 traditori
1585 3771 1641 3811 suo
1655 3770 1710 3826 per
1724 3755 1820 3809 intin-

119 3850 321 3921 hostesquem
333 3853 450 3906 ratione
462 3855 639 3908 convincere
654 3869 714 3908 non
730 3859 881 3925 poterant,
894 3855 940 3908 fu·
997 3853 1076 3904 ctam
1098 3847 1265 3904 buccellam
1289 3849 1434 3927 porrexit.
1450 3848 1527 3901 Gaas
1553 3845 1757 3910 intimavisset,
1774 3843 1820 3896 in-

120 3951 187 3990 1010
200 3939 392 4006 exstinguere
415 3939 568 3994 valebant.
586 3941 694 4010 Itaque
713 3942 802 4011 quasi
823 3943 856 3995 in
871 3957 940 3995 enm
996 3938 1074 4009 quit,
1087 3938 1180 3992 Iesus
1187 3952 1319 4005 panem,
1332 3936 1518 3991 deditlidoe
1530 3931 1820 3987 Simonislecario·

120 4023 174 4095 qui
190 4023 267 4078 nihil
282 4023 413 4095 amplius
426 4026 547 4080 mortali
564 4026 690 4081 haberet
706 4043 711 4079 :
726 4030 845 4081 Marsas
860 4031 939 4095 laje-
997 4028 1040 4080 tie
1056 4028 1158 4096 (Joaa.
1175 4025 1256 4092 x111).
1271 4023 1339 4093 Sed,
1355 4026 1390 4078 ut
1404 4023 1478 4077 dicit
1490 4021 1600 4076 beatus
1614 4018 1819 4089 Augustinus,

119 4116 234 4166 cerunt
250 4113 286 4164 in
303 4114 421 4180 speum,
438 4119 468 4167 el
484 4116 655 4168 demersat
668 4129 743 4169 cam
760 4117 942 4184 iasaperet
996 4130 1058 4169 non
1079 4113 1158 4168 sicut
1180 4116 1291 4184 putant
1315 4111 1441 4184 quidam
1463 4109 1651 4179 negligenter
1670 4107 1819 4176 legentes,

121 4201 203 4254 llam
221 4203 351 4268 mentis,
362 4205 396 4255 ut
410 4199 495 4256 illinc
510 4217 584 4256 eam
592 4205 843 4271 praecipitarent
853 4205 938 4275 (Lae.
996 4205 1069 4257 tuno
1085 4201 1182 4256 Judas
1196 4200 1311 4255 Christi
1324 4215 1434 4270 corpus
1449 4197 1574 4268 aceepit.
1584 4193 1821 4265 Intelligendum

118 4288 172 4359 rv).
186 4288 363 4361 lpseautem
377 4291 593 4346 utosteuderet
606 4290 770 4361 sequidem
781 4293 940 4348 mortalem
955 4306 983 4362 Ι)
997 4292 1043 4344 eet
1058 4290 1139 4345 enim
1154 4288 1236 4360 quod
1248 4289 1313 4358 jam
1328 4288 1371 4342 eis
1394 4285 1539 4341 omnibus
1562 4283 1760 4338 distribuerat
1774 4296 1821 4335 sa·

117 4392 193 4445 esse,
207 4378 355 4432 sustinuit
367 4382 403 4432 ut
416 4381 582 4447 teneretur3
598 4382 628 4433 et
642 4382 676 4432 ut
690 4379 801 4434 iterum
817 4379 939 4436 demon·
993 4382 1181 4432 crementum
1197 4377 1332 4448 corporis
1347 4379 1377 4430 et
1390 4373 1551 4444 sanguinis
1566 4373 1624 4440 sui,
1640 4370 1693 4426 ubi
1710 4373 1739 4424 et
1755 4370 1821 4441 ipse

118 4468 237 4532 etr-aret,
247 4465 329 4535 quod
343 4464 501 4521 voluntate
513 4482 575 4521 nen
586 4468 764 4523 necessitate
776 4469 941 4524 mortalita·
993 4466 1010 4521 J
1013 4466 1090 4520 udas
1102 4469 1176 4535 erat,
1185 4466 1393 4521 sicutsanctus
1402 4464 1500 4519 Lucas
1514 4459 1743 4517 evidentissime
1751 4472 1821 4512 nar·

117 4554 178 4606 tem
206 4556 236 4606 et
256 4552 489 4623 passibilitatem
514 4554 640 4623 ferebat,
655 4571 716 4610 uon
736 4558 881 4613 sustinuit
906 4560 942 4612 ut
995 4557 1051 4608 rat.
1068 4555 1112 4608 Ac
1131 4553 1239 4609 deinde
1254 4552 1292 4608 ad
1315 4553 1372 4608 hoc
1384 4555 1512 4607 ventum
1527 4553 1571 4604 est
1584 4548 1638 4604 ubi
1652 4546 1820 4603 secundum

116 4640 368 4712 praecipitaretur.
379 4641 455 4695 Cum
468 4646 548 4696 esset
558 4643 724 4713 ducendae,
737 4648 833 4700 teneri
847 4663 878 4702 se
893 4663 942 4718 pa·
994 4641 1201 4696 narrationem
1224 4642 1353 4696 loannis
1377 4639 1567 4712 apertissime
1583 4653 1636 4709 per
1652 4634 1820 4691 buccellam

117 4729 228 4782 tienter
237 4728 395 4784 tolerabat.
406 4727 591 4786 Cumautem
602 4736 682 4787 esset
690 4734 940 4805 praecipitandus,
995 4731 1123 4784 tinctam
1136 4733 1228 4800 atque
1241 4733 1408 4801 porrectam
1430 4743 1520 4783 suum
1536 4725 1680 4797 exprimit
1692 4723 1819 4778 tradito·

115 4819 255 4888 potenter
267 4833 320 4888 per
332 4818 467 4873 medium
492 4819 614 4874 illorum
635 4822 796 4877 transibat.
813 4820 941 4886 Quande
995 4834 1081 4874 rem:
1097 4818 1237 4872 fortassis
1251 4832 1304 4889 per
1315 4818 1405 4889 panis
1421 4816 1598 4872 tinctionem
1609 4813 1692 4868 illius
1707 4810 1821 4881 signifi·

116 4905 214 4960 voluit
227 4906 399 4976 tenebatur,
416 4908 682 4980 etquandovoluit
696 4926 758 4965 non
769 4911 940 4965 tenebatur.
996 4922 1069 4962 cans
1083 4906 1246 4961 fictionem.
1263 4906 1332 4961 Non
1348 4906 1429 4960 enim
1453 4903 1557 4959 omnia
1577 4917 1645 4974 quae
1659 4901 1825 4970 tinguntur

115 4994 269 5060 Quantum
278 4996 375 5052 voluit
385 4999 798 5069 etquandovoluitnaturam
807 4999 941 5055 mortali·
997 4995 1176 5063 abluuntur,
1188 4993 1283 5048 sedat
1292 4993 1469 5048 inficiantur
1483 4990 1634 5047 nonnulla
1647 4991 1823 5058 tinguntur.

116 5084 485 5150 tatisadmisItDuantum
493 5091 668 5142 autemeam
675 5087 942 5155 sustinerenoluit,
996 5083 1028 5138 Si
1040 5086 1143 5138 autem
1159 5083 1274 5137 bonum
1286 5081 1410 5154 aliquod
1423 5080 1575 5151 significat
1583 5080 1648 5134 haec
1656 5077 1774 5145 tinctio,
1783 5076 1824 5130 ei·

114 5176 144 5228 et
156 5173 279 5245 quande
291 5174 399 5244 noluit,
411 5175 550 5230 eamdam
567 5192 584 5228 a
600 5191 631 5229 se
641 5178 792 5246 potestate
803 5174 941 5229 removit.
997 5172 1065 5226 dem
1080 5172 1160 5226 bono
1171 5171 1328 5240 ingratum
1338 5185 1400 5225 non
1411 5169 1564 5225 immerite
1575 5168 1733 5223 estsecuta
1743 5164 1824 5218 dam·

120 5265 306 5329 Transisse,
331 5264 444 5335 inquit,
462 5279 523 5332 per
547 5266 693 5319 mediam
715 5266 850 5317 illoram
877 5264 944 5315 ibat
997 5259 1138 5314 natioblt
1152 5259 1217 5314 haec
1231 5259 1355 5331 quidem
1370 5258 1464 5313 verba
1479 5255 1646 5312 suntbeati
1657 5251 1825 5324 Augustini

119 5350 944 5424 (ibid.).NunquidputasquedChristusluctandosede
999 5362 1090 5418 super
1103 5362 1138 5402 eo
1153 5347 1235 5419 quod
1248 5346 1412 5418 quaesitum
1424 5343 1633 5414 est,anJudas
1645 5343 1679 5398 in
1688 5339 1825 5397 buccella

122 5438 265 5492 manibus
273 5438 467 5493 inimicorum
480 5440 678 5507 subtraxerit,
687 5453 755 5493 cum
767 5437 805 5490 ab
816 5436 946 5491 eistene
998 5450 1108 5506 corpus
1118 5435 1232 5490 Christi
1244 5436 1368 5506 accepit.
1379 5435 1425 5490 Ex
1436 5436 1583 5489 eotamen
1592 5430 1675 5504 quod
1683 5429 1825 5486 traditori

122 5530 207 5581 retur
221 5532 255 5581 ut
271 5528 424 5583 transiens
435 5528 512 5582 liber
524 5541 578 5599 per
589 5526 722 5580 medium
736 5525 858 5582 illorum
869 5525 946 5581 iret?
999 5540 1055 5581 suo
1070 5524 1231 5593 Dominus,
1247 5523 1286 5578 ad
1307 5524 1478 5580 notandum
1498 5539 1579 5591 euru,
1594 5518 1762 5576 buccellam
1778 5519 1824 5572 in·

121 5612 201 5682 Ergo
211 5614 358 5670 fortitudo
367 5616 500 5688 corperis
509 5613 811 5670 soleineolaudanda
819 5619 875 5684 est,
883 5631 944 5671 non
1000 5615 1127 5669 tinctam
1135 5613 1227 5681 dedit,
1235 5612 1422 5667 consuetudo
1430 5612 1541 5666 lrabeat
1553 5606 1826 5682 utcorpusChristi

123 5700 222 5757 virtus
237 5703 388 5760 Deitatis?
405 5704 475 5761 Non
496 5705 542 5760 ita
564 5703 717 5774 convenIt,
732 5703 785 5760 sed
805 5703 945 5760 exhibuit
1000 5700 1103 5759 fideles
1116 5701 1281 5757 intinctum
1295 5715 1358 5757 nou
1371 5701 1532 5773 accipiant.
