3742 6082
31 216 33 221 ’
79 244 121 303 aa
566 247 1204 312 ussacaauaur1s.nma11raas
1222 255 1277 313 nr.
1714 267 1769 327 222

79 372 149 428 tione
160 371 215 443 qui
231 373 479 445 sapientissimus
493 377 560 444 est3
576 391 632 431 nec
645 376 754 432 affectu
770 377 823 447 qui
839 392 890 447 op·
904 372 932 429 A
945 380 1169 439 mutationibus
1193 384 1261 440 duae
1284 387 1473 444 extrinsecus
1494 389 1574 446 fiunt
1588 408 1596 460 3
1622 396 1767 465 quoniam

78 461 160 516 limus
177 463 234 515 est.
948 481 1007 521 non
1024 472 1146 525 mutant
1159 487 1224 527 esse
1238 473 1291 542 rei,
1309 474 1361 529 sed
1376 476 1455 531 circa
1477 493 1539 532 rem
1559 479 1677 552 aliquid
1687 497 1696 549 3
1712 481 1770 538 hoc
1855 472 1859 481 ’

77 548 138 605 Car.
154 548 238 605 xlv.
254 553 341 611 Quod
367 553 529 608 rationem
545 559 699 609 ereatura
724 559 809 608 recte
821 567 892 608 eota·
948 559 994 610 est
1007 559 1137 612 mutatio
1151 559 1209 614 loci
1224 564 1254 614 et
1266 563 1420 633 temporis.
1431 564 1545 621 lterum
1557 567 1656 638 prima
1669 573 1768 625 muta·

103 639 251 691 siderate
267 641 461 705 adjicentes
474 645 727 708 caparosccndum
745 645 855 696 Deum.
948 643 991 697 tio
1006 646 1170 701 secundam
1190 652 1219 702 θῖ
1242 650 1362 704 tertiam
1377 651 1482 720 infert,
1506 655 1652 724 quoniam
1677 672 1770 712 causa
1802 694 1810 711 .

102 723 223 780 Clamat
239 731 379 782 creatura
393 728 468 783 foris
489 734 519 783 et
535 730 643 800 probat
661 730 729 801 ipsa
743 731 893 784 rationem
948 729 1068 786 illarum
1090 739 1145 788 est.
1169 734 1306 790 Secunda
1325 742 1427 794 autem
1454 742 1593 812 tertiam,
1622 745 1768 815 quoniam

74 811 156 882 banc,
176 818 208 869 et
223 816 418 871 commendat
433 818 579 887 qnoniam
594 819 638 872 ita
653 821 709 872 est.
725 817 762 872 Et
775 817 895 872 demon·
949 833 1041 873 causa
1062 819 1145 875 illius
1161 825 1215 876 est.
1231 824 1333 878 Tertia
1360 842 1430 882 voro
1445 831 1565 885 tantum
1589 831 1721 889 infertur
1740 840 1770 891 et

74 903 145 957 strat
159 917 284 957 summa
310 903 505 975 pulchritudo
529 907 628 976 operis
643 906 807 977 perfectam
829 919 895 958 esse
949 921 1010 961 non
1024 907 1127 975 infert,
1144 910 1289 979 quoniam
1306 913 1428 968 effectus
1443 916 1541 972 solum
1559 922 1613 974 est.
1632 919 1702 975 Sola
1716 937 1768 976 au·

74 990 254 1061 sapientiam
268 991 443 1046 conditoris
461 993 499 1046 lii
514 994 641 1064 apponit
655 1009 686 1047 se
701 1007 893 1064 perseveran-
949 999 1010 1050 tem
1023 998 1153 1052 mutatio
1168 998 1273 1053 sermm
1284 1000 1450 1056 intrinseca
1464 1009 1591 1060 vocatur
1599 1024 1607 1074 3
1623 1010 1769 1080 quoniam

73 1077 112 1131 tia
126 1077 247 1133 decoris
270 1080 378 1150 ipsius.
395 1081 433 1133 Et
449 1081 531 1151 quod
555 1097 617 1136 nou
637 1082 789 1136 minuitur
813 1079 896 1151 quod
949 1097 1011 1138 non
1026 1085 1191 1153 bimarem,
1211 1086 1310 1142 sedin
1324 1088 1392 1160 ipsa
1406 1105 1438 1144 re
1462 1096 1562 1148 mutat
1587 1093 1719 1166 aliquid:
1740 1100 1771 1152 et

73 1164 251 1221 institutum
272 1171 319 1222 est
343 1167 478 1239 primum
510 1169 636 1225 bonum.
662 1169 700 1224 Et
721 1167 896 1240 dicitquod
949 1170 1125 1241 ipsaiamen
1134 1188 1194 1227 non
1203 1173 1238 1228 lit
1249 1175 1314 1230 sine
1325 1177 1496 1233 mutatione
1507 1179 1564 1234 loci
1575 1184 1605 1235 et
1614 1184 1769 1254 temporis.

74 1258 183 1309 aterna
195 1255 243 1308 est
270 1255 421 1326 sapientia
442 1256 507 1326 ejus
530 1261 560 1311 et
574 1257 673 1312 minui
689 1257 814 1312 omnino
834 1271 896 1311 non
968 1257 1041 1313 Car.
1060 1259 1138 1314 XVI.
1156 1263 1275 1321 Quibus
1290 1266 1394 1319 modis
1409 1267 1548 1332 spiritus
1564 1273 1751 1324 sustantur.

73 1346 180 1413 potest,
198 1357 256 1398 nec
270 1342 417 1399 ‹lecrescit
432 1344 598 1415 aliquando
612 1345 770 1418 plenitudo
788 1358 896 1400 sensus
985 1346 1059 1401 Post
1072 1345 1129 1402 has
1142 1349 1328 1404 mutationes
1350 1365 1511 1422 corporum
1527 1352 1652 1424 (quibus
1669 1356 1771 1428 subja·

74 1428 152 1485 illius
166 1445 186 1484 a
201 1434 476 1488 consummatione.
494 1433 533 1489 Et
548 1434 611 1489 exit
625 1435 743 1489 ratione
767 1448 836 1489 cum
852 1434 895 1486 at·
952 1439 1020 1489 cent
1034 1450 1103 1504 quae
1128 1437 1323 1506 corporaliter
1343 1442 1505 1494 mutantur
1527 1442 1639 1510 omnia)
1663 1445 1773 1499 transi·

76 1519 234 1573 testatione
250 1519 330 1588 alia3
352 1524 382 1576 θῖ
402 1521 487 1576 videt
510 1523 656 1593 quoniam
683 1521 826 1576 voluntas
841 1518 897 1574 Dei
951 1536 1021 1575 mus
1049 1521 1088 1575 ad
1115 1524 1304 1592 spiritualem
1329 1530 1509 1596 creaturam,
1537 1529 1773 1587 mutabilitatem

76 1610 184 1661 aterna
199 1611 246 1661 est
260 1625 267 1675 3
284 1610 367 1663 etita
383 1610 495 1664 sentire
505 1611 620 1664 bonum
636 1614 690 1665 est.
702 1611 739 1664 Et
752 1609 897 1679 qnoniam
952 1609 1050 1680 ipsius
1062 1610 1307 1681 considerantes3
1324 1613 1350 1668 si
1365 1629 1495 1685 quarum
1511 1618 1717 1673 mutationum
1730 1619 1775 1675 illi

77 1690 127 1748 loc
141 1694 253 1765 probat
268 1711 346 1766 opus
359 1697 424 1767 ejus
439 1696 521 1767 quod
536 1713 597 1751 non
612 1701 769 1761 rnutatur3
784 1699 813 1749 θῖ
825 1694 898 1749 ordo
915 1703 940 1758 Β
955 1698 1125 1765 conveniat,
1141 1701 1170 1753 θῖ
1185 1700 1211 1752 si
1226 1715 1287 1770 qua
1299 1699 1360 1755 alia
1383 1703 1513 1758 mutatio
1528 1719 1596 1775 quae
1612 1710 1696 1761 extra
1711 1722 1774 1762 cor·

78 1782 285 1838 universitatis
307 1784 387 1839 idem
409 1800 617 1855 perseverans.
645 1785 684 1839 Et
705 1785 810 1856 adjicit
831 1783 899 1854 ipsa
953 1800 1061 1856 porum
1075 1790 1216 1841 naturam
1239 1789 1289 1856 sit,
1304 1789 1337 1842 in
1360 1789 1444 1845 illam
1461 1790 1557 1847 cadat.
1583 1793 1622 1848 Et
1636 1794 1775 1850 videmus

81 1870 238 1939 rationem,
253 1873 400 1942 quoniam
415 1872 494 1927 nihil
509 1888 622 1927 novum
635 1873 699 1928 Deo
715 1875 759 1928 est
775 1875 810 1926 ut
823 1870 900 1925 illud
954 1873 1036 1943 quod
1065 1875 1191 1945 spiritus
1217 1877 1341 1931 omnino
1369 1893 1424 1933 nec
1452 1884 1616 1949 augmento
1641 1883 1774 1954 partium

81 1960 147 2012 tnnc
160 1958 211 2014 rel
224 1974 307 2014 nunc
320 1975 422 2015 amare
435 1961 562 2032 incipiat
572 1960 654 2031 quod
668 1961 754 2032 prius
769 1974 830 2014 non
845 1973 898 2013 no·
953 1976 1084 2016 crescere
1102 1965 1201 2033 potest
1216 1965 1361 2033 quoniam
1376 1980 1485 2036 corpus
1500 1982 1561 2021 non
1578 1971 1633 2036 θεῖ,
1650 1984 1704 2025 nec
1724 1970 1775 2024 de·

81 2046 169 2112 rerit3
185 2049 241 2101 aut
251 2047 391 2103 oblivisci
406 2049 484 2104 sicut
511 2049 602 2104 horno
624 2048 795 2103 dilectionis
820 2047 898 2102 anti·
953 2064 1085 2105 crescere
1102 2050 1320 2120 diminutione,
1342 2054 1488 2122 quoniam
1512 2054 1641 2125 simplex
1664 2059 1776 2111 natura

82 2147 154 2204 quar,
170 2139 205 2190 ut
220 2136 253 2191 in
267 2137 447 2192 memoriam
462 2153 523 2193 non
537 2137 641 2192 veniat
657 2137 739 2208 quod
753 2137 840 2208 prius
855 2150 900 2190 co·
954 2141 1019 2204 est3
1035 2140 1065 2191 et
1084 2141 1186 2192 tamen
1202 2138 1310 2193 affectu
1325 2142 1355 2194 et
1369 2140 1541 2210 cognitione
1561 2144 1700 2197 mutatur
1716 2143 1775 2215 spi·

31 2216 33 2305 j
83 2222 319 2293 mitumfuerat3
335 2229 495 2281 auterrare
506 2225 807 2280 bonumexistimans
818 2223 900 2295 quod
954 2224 1041 2278 ritus.
1059 2223 1098 2279 Et
1110 2226 1221 2280 transit
1236 2225 1273 2280 de
1294 2225 1351 2280 hoc
1364 2226 1396 2281 in
1420 2227 1497 2282 illud
1506 2243 1515 2295 3
1532 2232 1562 2283 et
1583 2229 1723 2285 variatur
1747 2234 1777 2284 et

83 2309 191 2366 malum
206 2316 264 2381 est,
279 2316 315 2368 ut
329 2313 437 2383 diligat
451 2313 528 2368 illud
543 2312 625 2385 quod
639 2328 700 2368 non
714 2314 833 2384 oportet
845 2328 853 2380 3
870 2313 900 2364 et
954 2311 1195 2368 vicissitudinem
1212 2313 1339 2384 suscipit
1353 2314 1467 2383 gaudii,
1480 2313 1592 2370 doloris
1602 2319 1633 2370 et
1646 2316 1776 2388 poenitu-

31 2424 33 2455 ε
83 2400 191 2467 postea,
207 2400 298 2470 quasi
308 2400 460 2472 poenitens
473 2403 503 2455 et
515 2403 640 2455 mutans
656 2414 707 2455 cor
719 2402 749 2453 et
759 2398 900 2452 affectum
955 2398 1037 2454 dinis
1050 2403 1080 2454 et
1092 2399 1280 2467 voluntatis3
1306 2403 1335 2455 et
1350 2401 1456 2456 crescit
1471 2402 1598 2457 scientia
1612 2405 1642 2457 et
1665 2402 1778 2459 oblivio

83 2486 200 2541 rarians
224 2502 294 2542 cum
319 2488 443 2559 coeperit
466 2502 628 2558 agnoscere
652 2502 783 2542 errorem
798 2500 898 2540 suum.
953 2486 986 2542 in
1000 2502 1069 2541 eum
1084 2485 1184 2554 cadit3
1197 2490 1228 2542 st
1241 2480 1342 2543 variat
1354 2489 1553 2559 cogitationes
1576 2494 1605 2546 et
1622 2490 1778 2546 succeden-

83 2570 153 2637 Quia
167 2575 233 2630 haec
253 2575 347 2646 digna
371 2576 435 2632 Deo
449 2591 510 2631 non
526 2580 609 2644 sunt,
633 2590 687 2631 nec
701 2575 812 2647 probat
822 2573 902 2628 ratio
955 2577 1001 2631 ter
1015 2574 1178 2644 intelligit3
1190 2579 1221 2630 et
1234 2579 1280 2631 θεῖ
1296 2575 1385 2647 quasi
1399 2577 1505 2631 forma
1524 2578 1655 2633 mutatio
1671 2578 1731 2633 ista
1744 2578 1778 2632 in

83 2666 112 2717 nt
123 2662 168 2719 ita
180 2664 352 2719 sentiamus
367 2663 403 2719 de
415 2664 467 2719 illo
480 2664 532 2736 qui
549 2664 670 2736 sapiens
695 2667 741 2719 est
759 2665 789 2717 θῖ
802 2662 902 2717 bonus
956 2676 992 2717 eo
1006 2662 1136 2717 mutatio
1151 2663 1285 2719 scientiae
1293 2666 1323 2718 et
1335 2664 1470 2719 affectus.
1484 2664 1523 2719 Et
1538 2665 1677 2737 sequitur
1687 2665 1780 2720 istam

85 2751 294 2823 stperiectus3
319 2756 349 2807 et
377 2767 438 2807 non
470 2752 628 2807 invenitur
654 2751 846 2806 mutabilitas
870 2749 903 2803 in
958 2749 1133 2822 temporalis
1148 2751 1296 2818 mutatio;
1310 2754 1338 2806 et
1360 2751 1497 2822 subjacet
1511 2753 1641 2823 tempori
1655 2755 1780 2824 propter

85 2852 114 2894 eo
128 2838 202 2908 ulla,
218 2855 288 2895 cum
305 2840 408 2895 omnia
431 2854 542 2910 genera
556 2837 774 2894 mutabilitatis
789 2837 903 2894 fuerint
957 2837 1019 2893 ista
1032 2853 1100 2909 quae
1113 2839 1273 2894 variantur
1295 2839 1327 2893 in
1355 2854 1399 2895 eo.
1428 2839 1490 2895 Nec
1517 2840 1696 2911 ambiguum
1722 2839 1780 2895 hoc

86 2925 369 2982 inconsideratione
379 2926 510 2983 adducta
521 2942 531 2994 3
554 2927 619 2982 sive
631 2942 699 2998 quae
723 2926 757 2981 in
772 2924 903 2996 corpori·
958 2924 1015 2980 ulli
1029 2927 1075 2980 θεῖ
1087 2925 1123 2980 de
1136 2925 1247 2996 spiritu
1270 2929 1381 2994 creato,
1407 2925 1552 2997 quoniam
1574 2929 1709 2997 tempore
1730 2939 1782 2981 va·

85 3012 136 3070 bus
150 3015 364 3083 inveniuntur,
387 3015 452 3071 sive
473 3030 541 3087 quae
569 3014 734 3086 spirituum
761 3015 904 3068 naturam
923 3013 1059 3087 quatur
1073 3011 1240 3067 secundum
1255 3012 1320 3067 haec
1331 3027 1400 3083 quse
1414 3012 1519 3068 eadem
1535 3028 1597 3068 non
1622 3015 1781 3085 permanet

86 3104 273 3175 contingunt.
961 3100 1082 3170 inipso.
1098 3098 1144 3154 De
1158 3099 1328 3154 mutatione
1342 3113 1414 3154 vero
1425 3098 1483 3154 loci
1497 3115 1610 3170 magna
1621 3100 1703 3155 inter
1716 3114 1783 3155 con-

115 3191 190 3249 Car.
203 3191 270 3248 XV.
285 3193 403 3253 Quibus
417 3193 522 3247 modis
534 3204 668 3259 corpora
681 3194 867 3244 abutantur.
962 3186 1118 3258 quirentes
1131 3185 1318 3255 ambiguitas
1331 3189 1495 3255 generatur
1506 3203 1516 3255 3
1540 3187 1685 3258 quoniam
1710 3190 1784 3243 sunt

114 3278 213 3336 Omne
228 3281 310 3335 enim
321 3295 431 3353 corpus
445 3276 906 3347 autlocomutatunautforma,
962 3275 1016 3347 qui
1028 3274 1133 3329 dicunt
1152 3272 1272 3328 nullum
1294 3274 1437 3345 spiritum
1451 3275 1564 3329 mutari
1585 3274 1651 3331 loco
1674 3288 1782 3346 posse:

86 3371 134 3424 ant
147 3371 297 3441 tempore.
310 3368 349 3424 Et
361 3382 429 3440 quae
443 3367 542 3423 forma
554 3368 716 3421 mutantur
732 3381 738 3420 :
756 3367 810 3419 aut
833 3377 906 3432 aug·
962 3362 1109 3434 quoniam
1123 3361 1208 3416 locus
1220 3361 1341 3433 proprie
1355 3362 1490 3433 corporis
1499 3361 1585 3418 sedes
1601 3362 1641 3418 sit
1655 3365 1685 3418 et
1700 3376 1786 3435 capa-

85 3460 220 3513 mentum
235 3456 418 3528 suscipiunt,
435 3455 473 3510 ad
495 3454 746 3522 diminutionem,
767 3455 821 3508 aut
835 3450 907 3506 alte·
962 3449 1039 3504 citas
1053 3448 1186 3520 corporis
1201 3463 1270 3520 quas
1284 3447 1505 3504 determinatur
1531 3449 1698 3504 secundum
1724 3463 1785 3503 cor-

86 3546 243 3601 rationem.
257 3544 298 3601 Et
306 3558 375 3615 quae
381 3543 591 3600 alterationem
601 3541 725 3613 quidem
736 3540 908 3611 suscipiunt
961 3551 1039 3609 pus;
1056 3535 1221 3607 aliquando
1231 3535 1313 3606 quod
1323 3535 1356 3589 in
1369 3534 1424 3590 illa
1435 3538 1491 3604 est,
1507 3535 1712 3606 aliquandoin
1723 3548 1784 3606 quo

86 3645 141 3687 non
154 3631 220 3688 illis
246 3631 385 3687 accedere
410 3630 579 3702 quidquam
600 3629 722 3684 videtur
745 3627 827 3698 quod
846 3640 907 3681 non
963 3627 1009 3679 est
1022 3624 1099 3694 ipsa.
1114 3622 1153 3677 Et
1165 3637 1227 3676 non
1240 3625 1285 3676 est
1295 3636 1404 3692 corpus
1417 3621 1523 3689 locus;
1539 3622 1685 3692 quoniam
1699 3621 1784 3676 locus

86 3724 155 3788 erat,
170 3723 229 3776 aut
242 3720 324 3792 quod
339 3722 404 3775 erat
417 3718 555 3774 recedere
575 3717 743 3789 probatur3
759 3713 812 3769 sed
827 3711 909 3784 quod
962 3726 1025 3766 non
1038 3715 1084 3766 est
1092 3708 1219 3780 aliquid,
1229 3724 1283 3764 nec
1292 3709 1379 3780 ponit
1388 3708 1505 3780 aliquid
1514 3707 1598 3764 locus
1605 3724 1615 3777 3
1630 3707 1683 3763 sed
1693 3706 1783 3778 quasi

87 3811 145 3864 aas
159 3811 287 3864 tantum
301 3806 459 3874 alteratur,
479 3808 510 3860 et
522 3805 610 3860 aliter
624 3803 770 3858 habetur.
793 3800 832 3855 Et
846 3814 908 3854 non
962 3799 1054 3853 inane
1068 3801 1098 3852 et
1112 3811 1243 3852 vacuum
1258 3795 1312 3851 ubi
1326 3810 1436 3866 corpus
1450 3799 1496 3850 cst
1517 3795 1564 3851 vel
1578 3810 1644 3851 esse
1666 3796 1782 3867 potest,

86 3894 192 3953 itsine
204 3895 274 3952 loco
288 3895 345 3952 hoc
357 3895 504 3967 quoniam
519 3895 621 3965 partes
635 3891 735 3946 locum
755 3891 908 3943 transmu-
963 3890 994 3941 θῖ
1007 3901 1070 3940 non
1093 3887 1139 3939 θεῖ
1154 3899 1263 3954 corpus
1276 3883 1352 3954 ipse.
1367 3882 1430 3939 Nec
1443 3886 1546 3938 tamen
1559 3886 1686 3939 vocatur
1699 3881 1785 3936 locus

87 3986 148 4042 tant
158 3985 195 4041 in
211 3983 319 4041 eodem
333 3983 517 4039 consistente
533 3983 616 4048 tot03
633 3983 663 4034 et
677 3994 740 4034 non
753 3976 788 4032 fit
807 3979 910 4031 tamen
964 3973 1024 4029 nisi
1038 3971 1257 4029 determinatus
1275 3986 1329 4042 per
1343 3984 1471 4042 corpus3
1495 3971 1543 4027 vel
1566 3970 1648 4043 quod
1663 3970 1696 4024 in
1717 3970 1785 4040 ipso

77 4070 139 4130 'usi
154 4072 330 4130 secundum
343 4070 465 4139 locnm3
482 4083 537 4124 nec
549 4070 652 4122 tamen
671 4065 784 4121 dicitur
804 4078 909 4119 secun·
964 4064 1010 4117 θεῖ
1024 4058 1190 4115 secundum
1205 4058 1296 4113 linem
1309 4058 1509 4114 dimensionis
1522 4058 1576 4114 ubi
1595 4057 1707 4113 desinit
1722 4069 1784 4111 cor·

88 4163 153 4221 dum
167 4164 275 4221 locum
290 4163 412 4232 propter
423 4161 523 4214 totum
539 4153 730 4228 quodloeum
744 4148 911 4220 mutat,sed
964 4162 1023 4219 pus
1038 4151 1068 4202 et
1080 4146 1162 4202 ultra
1173 4160 1235 4201 non
1246 4150 1292 4201 est
1301 4161 1310 4214 3
1326 4147 1389 4201 sive
1404 4145 1571 4201 secundum
1585 4159 1694 4216 corpus
1704 4141 1786 4214 quod

43 4247 46 4255 '
90 4254 210 4326 apparet
226 4252 351 4306 tantum
364 4247 463 4303 forma
476 4245 537 4301 alia
550 4244 584 4299 in
595 4245 659 4299 toto
673 4243 797 4314 prepter
807 4241 911 4318 parpes
964 4234 1064 4290 locum
1079 4233 1291 4301 continet,sive
1301 4231 1573 4303 secundumipsius
1584 4231 1720 4303 corporis
1730 4230 1787 4284 cir·

91 4356 150 4413 quse
163 4340 271 4398 locum
288 4338 495 4392 mutaverunt.
509 4334 549 4389 Et
561 4331 629 4387 ideo
643 4330 707 4385 haec
721 4327 852 4384 mutatio
867 4339 910 4380 se·
923 4358 951 4414 D
966 4322 1252 4394 cumscriptionem3
1279 4319 1425 4392 quoniam
1445 4320 1529 4375 intra
1552 4320 1651 4391 ipsam
1678 4330 1787 4387 corpus

92 4429 219 4486 cundum
235 4426 368 4482 formam
383 4423 515 4490 dicitur3
535 4419 682 4492 quoniam
708 4415 774 4471 haec
792 4414 825 4469 in
847 4416 911 4469 toto
965 4426 1027 4467 non
1042 4412 1097 4466 est.
1113 4407 1249 4465 Itauibil
1263 4419 1429 4479 posseesse
1442 4406 1475 4462 in
1488 4405 1553 4462 loco
1572 4405 1632 4461 nisi
1647 4403 1730 4477 quod
1743 4401 1787 4458 di·

93 4512 430 4574 manit'estevideturdlt
442 4503 799 4566 nondicitursecundum
811 4501 910 4556 locum
966 4497 1155 4555 mensionem
1171 4494 1264 4550 habet
1285 4493 1471 4566 corporalem
1493 4496 1522 4550 et
1541 4490 1791 4563 circumscriptio·

93 4606 165 4669 lcum
177 4592 765 4671 tameninpartibussecundumlocum
780 4588 915 4661 sithno-
966 4601 1058 4653 nem3
1083 4583 1229 4656 quoniam
1251 4581 1336 4637 locus
1367 4580 1534 4636 secundum
1569 4579 1790 4636 dimensionem

95 4692 172 4749 niam
202 4691 269 4748 haec
289 4686 453 4745 manifeste
479 4698 542 4739 non
565 4681 695 4737 videtur.
721 4678 761 4734 m
783 4691 846 4732 nou
868 4677 915 4731 θεῖ
967 4671 1102 4745 corporis
1123 4672 1243 4725 constat
1268 4671 1298 4723 et
1322 4667 1633 4738 circumscriptionem
1645 4681 1654 4733 3
1679 4669 1709 4720 et
1728 4678 1790 4720 nen

95 4778 188 4836 lorma
201 4776 322 4850 aliquid
338 4773 464 4832 omnino
479 4771 540 4827 nisi
555 4766 715 4841 dispositio
732 4765 868 4837 partium
882 4763 915 4818 in
967 4773 1056 4833 posse
1071 4756 1133 4812 ullo
1147 4754 1237 4811 modo
1251 4755 1308 4810 hoc
1319 4753 1441 4825 spiritui
1450 4753 1611 4808 convenire
1623 4753 1677 4824 qui
1691 4764 1792 4822 corpo

97 4868 173 4937 toto3
186 4870 301 4923 etcum
326 4863 391 4919 haec
413 4862 551 4917 mutatur
576 4856 661 4929 (quia
684 4858 788 4927 partes
814 4852 916 4907 locum
968 4846 1041 4902 ralis
1064 4842 1247 4916 quantitatis
1268 4855 1375 4913 expers
1398 4844 1453 4895 est.
1485 4839 1649 4911 Propterea
1672 4836 1791 4911 corpori

96 4954 223 5025 nutant)
239 4954 381 5008 mutatur
392 4949 492 5005 forma
504 4947 538 5002 in
558 4947 632 5011 toto,
660 4942 733 5014 quia
756 4938 916 5011 dispositio
969 4933 1027 4990 soli
1040 4933 1073 4988 in
1087 4931 1153 4986 loco
1167 4944 1232 4985 esse
1246 4932 1276 4983 et
1287 4927 1353 4983 loco
1367 4927 1481 4982 mutari
1496 4930 1525 4982 et
1537 4930 1681 4998 tempore.
1698 4925 1791 4998 Spiri-

96 5043 225 5111 partium
251 5042 393 5095 mutatur
410 5052 479 5108 quse
499 5037 544 5090 est
563 5032 663 5088 forma
691 5028 794 5084 totius.
811 5027 851 5081 Et
873 5025 918 5080 ita
969 5023 1015 5078 tui
1031 5025 1133 5075 autem
1147 5021 1246 5074 creato
1260 5015 1371 5071 inloco
1385 5030 1447 5073 non
1462 5030 1547 5084 esse3
1563 5014 1715 5099 quoniam¹
1729 5028 1792 5069 cor-

97 5130 222 5185 nutatio
235 5128 344 5183 formae
357 5125 391 5180 in
413 5126 477 5179 toto
490 5119 556 5176 fieri
577 5133 639 5174 non
652 5118 752 5189 potest
775 5114 842 5168 sine
856 5127 919 5167 mu·
970 5124 1029 5183 pus
1043 5122 1105 5163 non
1120 5110 1175 5175 est,
1190 5120 1245 5160 nec
1256 5103 1321 5159 loco
1336 5103 1449 5158 mutari
1464 5102 1517 5157 sed
1531 5106 1674 5175 tempore.
1700 5100 1793 5172 Spiri-

97 5215 281 5273 tationeloci
295 5210 494 5285 inpartibus.
508 5207 567 5264 Sed
582 5221 644 5260 non
663 5203 773 5259 dicitur
786 5200 919 5257 mutatio
972 5202 1038 5253 tum
1053 5197 1155 5250 autem
1171 5196 1336 5248 creatorem
1351 5190 1453 5246 necin
1474 5189 1539 5246 loco
1562 5204 1627 5245 esse
1655 5203 1709 5244 nec
1729 5187 1795 5242 loco

97 5300 146 5360 leci
160 5303 225 5360 nisi
237 5316 309 5359 cum
323 5303 424 5356 totum
444 5297 546 5353 locum
566 5294 666 5348 mutat
680 5288 919 5345 consistentibus
972 5285 1096 5353 mutari,
1118 5281 1263 5355 quoniam
1288 5294 1398 5351 corpus
1423 5294 1485 5334 raon
1507 5280 1563 5347 est,
1588 5291 1642 5332 nec
1662 5278 1796 5344 tempore

97 5391 234 5461 partibus
247 5389 282 5445 in
304 5389 379 5443 toto.
396 5385 446 5441 Sic
458 5381 590 5438 mutatio
613 5377 757 5450 temporis
781 5376 921 5448 sequitur
973 5372 1098 5439 mutari,
1113 5369 1259 5442 quoniam
1274 5366 1467 5422 invariabilis
1482 5365 1606 5421 omnino
1621 5365 1675 5417 est.
1703 5360 1795 5430 Prop-

97 5478 298 5535 mutationem
310 5474 370 5531 loci
391 5477 422 5530 θῖ
448 5472 571 5537 iormae3
601 5470 631 5522 et
645 5481 707 5521 non
722 5467 768 5520 est
782 5478 921 5535 unquam
973 5464 1057 5516 terea
1071 5457 1128 5514 soli
1141 5456 1258 5528 corpori
1271 5457 1350 5509 recte
1363 5452 1535 5523 assignari3
1549 5453 1579 5505 et
1602 5449 1659 5503 hoc
1679 5443 1798 5517 aliquid
1850 5484 1860 5497 a

97 5565 157 5623 sine
167 5566 247 5639 ipsis
259 5565 293 5620 in
308 5575 442 5635 corpore.
458 5557 610 5624 Quoniam
626 5551 794 5609 secundum
807 5551 864 5605 has
879 5564 923 5605 so·
974 5562 1040 5604 esse
1066 5543 1212 5616 quoniam
1230 5541 1389 5597 definitum
1404 5543 1459 5606 est,
1480 5540 1510 5592 et
1533 5536 1582 5590 hic
1602 5533 1714 5588 alicubi
1733 5547 1798 5589 esse

97 5650 243 5711 lumordo
254 5654 357 5722 inest3
373 5654 403 5707 et
413 5647 564 5706 successio
574 5659 643 5717 quae
656 5642 920 5713 tempusvocatur.
975 5633 1122 5708 quoniam
1134 5628 1396 5700 circumscriptum
1410 5629 1456 5680 est
1464 5640 1473 5691 3
1490 5627 1520 5678 et
1535 5636 1615 5676 nunc
1631 5618 1800 5693 aliquanda

98 5738 169 5801 Item
193 5737 454 5801 considerandum
465 5739 513 5796 est
526 5731 674 5808 quonism
697 5744 736 5786 ex
755 5728 806 5785 his
824 5725 924 5783 tribus
975 5736 1042 5781 esse
1055 5719 1203 5794 quoniam
1216 5714 1364 5774 variabile
1378 5714 1433 5768 est.
1458 5708 1592 5781 Spiritui
1607 5723 1686 5765 uero
1701 5712 1812 5764 ereans
