<?xml version="1.0" encoding="UTF-8"?>
<!DOCTYPE html PUBLIC "-//W3C//DTD XHTML 1.0 Transitional//EN"
    "http://www.w3.org/TR/xhtml1/DTD/xhtml1-transitional.dtd">
<html xmlns="http://www.w3.org/1999/xhtml" xml:lang="en" lang="en">
 <head>
  <title>
</title>
<meta http-equiv="Content-Type" content="text/html;charset=utf-8" />
  <meta name='ocr-system' content='tesseract 3.04.00' />
  <meta name='ocr-capabilities' content='ocr_page ocr_carea ocr_par ocr_line ocrx_word'/>
</head>
<body>
  <div class='ocr_page' id='page_1' title='image "./patrologiaecurs05migngoog_0038.png"; bbox 0 0 3742 6082; ppageno 0'>
   <div class='ocr_carea' id='block_1_1' title="bbox 64 270 1777 339">
    <p class='ocr_par' dir='ltr' id='par_1_1' title="bbox 64 270 1777 339">
     <span class='ocr_line' id='line_1_1' title="bbox 64 270 1777 339; baseline 0.006 -11"><span class='ocrx_word' id='word_1_1' title='bbox 64 272 102 328; x_wconf 69' lang='grc' dir='ltr'>ὦ</span> <span class='ocrx_word' id='word_1_2' title='bbox 539 270 681 328; x_wconf 78' lang='lat' dir='ltr'>sullus</span> <span class='ocrx_word' id='word_1_3' title='bbox 700 270 1026 330; x_wconf 81' lang='lat' dir='ltr'>SENTENTIARUM.</span> <span class='ocrx_word' id='word_1_4' title='bbox 1047 303 1082 315; x_wconf 91' lang='lat'>-</span> <span class='ocrx_word' id='word_1_5' title='bbox 1100 274 1240 333; x_wconf 74' lang='lat' dir='ltr'>Tuscu.</span> <span class='ocrx_word' id='word_1_6' title='bbox 1262 275 1285 331; x_wconf 91' lang='grc' dir='ltr'>Ι.</span> <span class='ocrx_word' id='word_1_7' title='bbox 1741 281 1777 339; x_wconf 83' lang='grc'>66</span> 
     </span>
    </p>
   </div>
   <div class='ocr_carea' id='block_1_2' title="bbox 64 400 1776 743">
    <p class='ocr_par' dir='ltr' id='par_1_2' title="bbox 64 400 1776 743">
     <span class='ocr_line' id='line_1_2' title="bbox 65 400 1773 476; baseline 0.005 -22"><span class='ocrx_word' id='word_1_8' title='bbox 65 400 187 469; x_wconf 69' lang='lat' dir='ltr'>Magna</span> <span class='ocrx_word' id='word_1_9' title='bbox 194 401 766 470; x_wconf 75' lang='lat' dir='ltr'>operabamiuiexqutsttaiuomnes</span> <span class='ocrx_word' id='word_1_10' title='bbox 777 404 888 457; x_wconf 76' lang='lat' dir='ltr'>ootzrn-</span> <span class='ocrx_word' id='word_1_11' title='bbox 905 400 932 453; x_wconf 88' lang='lat' dir='ltr'>A</span> <span class='ocrx_word' id='word_1_12' title='bbox 946 402 991 458; x_wconf 79' lang='lat' dir='ltr'>Ea</span> <span class='ocrx_word' id='word_1_13' title='bbox 1003 418 1072 475; x_wconf 83' lang='lat' dir='ltr'>qurs</span> <span class='ocrx_word' id='word_1_14' title='bbox 1087 406 1161 458; x_wconf 89' lang='lat' dir='ltr'>sunt</span> <span class='ocrx_word' id='word_1_15' title='bbox 1176 403 1258 459; x_wconf 90' lang='lat' dir='ltr'>bona</span> <span class='ocrx_word' id='word_1_16' title='bbox 1272 404 1305 459; x_wconf 90' lang='lat' dir='ltr'>in</span> <span class='ocrx_word' id='word_1_17' title='bbox 1322 420 1354 460; x_wconf 90' lang='lat' dir='ltr'>se</span> <span class='ocrx_word' id='word_1_18' title='bbox 1369 409 1399 460; x_wconf 91' lang='lat' dir='ltr'>et</span> <span class='ocrx_word' id='word_1_19' title='bbox 1422 404 1461 459; x_wconf 89' lang='lat' dir='ltr'>ad</span> <span class='ocrx_word' id='word_1_20' title='bbox 1485 404 1581 473; x_wconf 89' lang='lat' dir='ltr'>aliud,</span> <span class='ocrx_word' id='word_1_21' title='bbox 1597 404 1665 462; x_wconf 86' lang='lat' dir='ltr'>vult</span> <span class='ocrx_word' id='word_1_22' title='bbox 1679 406 1773 476; x_wconf 80' lang='lat' dir='ltr'>Deus,</span> 
     </span>
     <span class='ocr_line' id='line_1_3' title="bbox 66 488 1775 566; baseline 0.004 -22"><span class='ocrx_word' id='word_1_23' title='bbox 66 492 232 558; x_wconf 81' lang='lat' dir='ltr'>taterejus</span> <span class='ocrx_word' id='word_1_24' title='bbox 245 488 894 562; x_wconf 81' lang='lat' dir='ltr'>(Prot.cx).SicutidemProphetapropter</span> <span class='ocrx_word' id='word_1_25' title='bbox 946 490 1039 547; x_wconf 87' lang='lat' dir='ltr'>idest</span> <span class='ocrx_word' id='word_1_26' title='bbox 1060 492 1219 565; x_wconf 79' lang='lat' dir='ltr'>approbat,</span> <span class='ocrx_word' id='word_1_27' title='bbox 1244 495 1274 548; x_wconf 85' lang='lat' dir='ltr'>et</span> <span class='ocrx_word' id='word_1_28' title='bbox 1296 492 1363 548; x_wconf 89' lang='lat' dir='ltr'>vult</span> <span class='ocrx_word' id='word_1_29' title='bbox 1384 508 1420 548; x_wconf 87' lang='lat' dir='ltr'>ea</span> <span class='ocrx_word' id='word_1_30' title='bbox 1444 509 1520 562; x_wconf 89' lang='lat' dir='ltr'>esse,</span> <span class='ocrx_word' id='word_1_31' title='bbox 1535 493 1610 566; x_wconf 90' lang='lat' dir='ltr'>quia</span> <span class='ocrx_word' id='word_1_32' title='bbox 1637 493 1775 551; x_wconf 84' lang='lat' dir='ltr'>adalind</span> 
     </span>
     <span class='ocr_line' id='line_1_4' title="bbox 65 576 1776 654; baseline 0.004 -21"><span class='ocrx_word' id='word_1_33' title='bbox 65 576 206 634; x_wconf 84' lang='lat' dir='ltr'>diversos</span> <span class='ocrx_word' id='word_1_34' title='bbox 220 578 346 634; x_wconf 79' lang='lat' dir='ltr'>effectus</span> <span class='ocrx_word' id='word_1_35' title='bbox 356 577 570 635; x_wconf 81' lang='lat' dir='ltr'>misericordiae</span> <span class='ocrx_word' id='word_1_36' title='bbox 581 579 747 651; x_wconf 80' lang='lat' dir='ltr'>etjustitiae</span> <span class='ocrx_word' id='word_1_37' title='bbox 754 579 811 635; x_wconf 88' lang='lat' dir='ltr'>Dei</span> <span class='ocrx_word' id='word_1_38' title='bbox 821 579 895 635; x_wconf 88' lang='lat' dir='ltr'>dicit</span> <span class='ocrx_word' id='word_1_39' title='bbox 948 579 1029 635; x_wconf 84' lang='lat' dir='ltr'>bona</span> <span class='ocrx_word' id='word_1_40' title='bbox 1043 584 1127 649; x_wconf 88' lang='lat' dir='ltr'>sunt,</span> <span class='ocrx_word' id='word_1_41' title='bbox 1144 580 1235 637; x_wconf 87' lang='lat' dir='ltr'>sicuti</span> <span class='ocrx_word' id='word_1_42' title='bbox 1251 581 1355 637; x_wconf 88' lang='lat' dir='ltr'>omnia</span> <span class='ocrx_word' id='word_1_43' title='bbox 1367 581 1448 638; x_wconf 90' lang='lat' dir='ltr'>bona</span> <span class='ocrx_word' id='word_1_44' title='bbox 1462 597 1532 654; x_wconf 83' lang='lat' dir='ltr'>quas</span> <span class='ocrx_word' id='word_1_45' title='bbox 1547 581 1635 638; x_wconf 90' lang='lat' dir='ltr'>tlunt.</span> <span class='ocrx_word' id='word_1_46' title='bbox 1648 581 1776 640; x_wconf 87' lang='lat' dir='ltr'>Bonaiu</span> 
     </span>
     <span class='ocr_line' id='line_1_5' title="bbox 64 665 1776 743; baseline 0.004 -21"><span class='ocrx_word' id='word_1_47' title='bbox 64 665 229 740; x_wconf 84' lang='lat' dir='ltr'>pluraliter</span> <span class='ocrx_word' id='word_1_48' title='bbox 245 683 252 720; x_wconf 93' lang='lat'>:</span> <span class='ocrx_word' id='word_1_49' title='bbox 268 668 514 723; x_wconf 70' lang='lat' dir='ltr'>Misericordiae</span> <span class='ocrx_word' id='word_1_50' title='bbox 527 669 660 723; x_wconf 81' lang='lat' dir='ltr'><em>Domini</em></span> <span class='ocrx_word' id='word_1_51' title='bbox 675 670 711 724; x_wconf 84' lang='lat' dir='ltr'>in</span> <span class='ocrx_word' id='word_1_52' title='bbox 733 674 893 725; x_wconf 73' lang='lat' dir='ltr'>eternum</span> <span class='ocrx_word' id='word_1_53' title='bbox 948 682 980 722; x_wconf 89' lang='lat' dir='ltr'>se</span> <span class='ocrx_word' id='word_1_54' title='bbox 995 670 1024 723; x_wconf 92' lang='lat' dir='ltr'>et</span> <span class='ocrx_word' id='word_1_55' title='bbox 1038 682 1100 724; x_wconf 90' lang='lat' dir='ltr'>nou</span> <span class='ocrx_word' id='word_1_56' title='bbox 1114 667 1209 737; x_wconf 88' lang='lat' dir='ltr'>aliud,</span> <span class='ocrx_word' id='word_1_57' title='bbox 1225 673 1260 724; x_wconf 88' lang='lat' dir='ltr'>ut</span> <span class='ocrx_word' id='word_1_58' title='bbox 1275 670 1356 725; x_wconf 88' lang='lat' dir='ltr'>bona</span> <span class='ocrx_word' id='word_1_59' title='bbox 1368 685 1437 742; x_wconf 80' lang='lat' dir='ltr'>qum</span> <span class='ocrx_word' id='word_1_60' title='bbox 1452 676 1577 743; x_wconf 78' lang='lat' dir='ltr'>possent</span> <span class='ocrx_word' id='word_1_61' title='bbox 1590 671 1655 727; x_wconf 88' lang='lat' dir='ltr'>sseri</span> <span class='ocrx_word' id='word_1_62' title='bbox 1670 674 1700 728; x_wconf 90' lang='lat' dir='ltr'>et</span> <span class='ocrx_word' id='word_1_63' title='bbox 1715 686 1776 728; x_wconf 90' lang='lat' dir='ltr'>nou</span> 
     </span>
    </p>
   </div>
   <div class='ocr_carea' id='block_1_3' title="bbox 63 755 1851 5900">
    <p class='ocr_par' dir='ltr' id='par_1_3' title="bbox 65 755 1851 3855">
     <span class='ocr_line' id='line_1_6' title="bbox 67 755 1776 830; baseline 0.003 -18"><span class='ocrx_word' id='word_1_64' title='bbox 67 755 895 828; x_wconf 74' lang='lat' dir='ltr'>cantabo(Psal.1.xxxV111).Etalibi:Iustitioelimni-</span> <span class='ocrx_word' id='word_1_65' title='bbox 948 755 1037 824; x_wconf 87' lang='lat' dir='ltr'>tiunt,</span> <span class='ocrx_word' id='word_1_66' title='bbox 1051 771 1086 811; x_wconf 90' lang='lat' dir='ltr'>ea</span> <span class='ocrx_word' id='word_1_67' title='bbox 1100 755 1167 812; x_wconf 85' lang='lat' dir='ltr'>vult</span> <span class='ocrx_word' id='word_1_68' title='bbox 1181 756 1279 826; x_wconf 79' lang='lat' dir='ltr'>Deus3</span> <span class='ocrx_word' id='word_1_69' title='bbox 1303 758 1377 830; x_wconf 79' lang='lat' dir='ltr'>qnia</span> <span class='ocrx_word' id='word_1_70' title='bbox 1398 757 1466 814; x_wconf 89' lang='lat' dir='ltr'>vult</span> <span class='ocrx_word' id='word_1_71' title='bbox 1489 775 1579 815; x_wconf 88' lang='lat' dir='ltr'>omne</span> <span class='ocrx_word' id='word_1_72' title='bbox 1604 760 1731 829; x_wconf 89' lang='lat' dir='ltr'>bonum,</span> <span class='ocrx_word' id='word_1_73' title='bbox 1744 758 1776 818; x_wconf 87' lang='lat' dir='ltr'>id</span> 
     </span>
     <span class='ocr_line' id='line_1_7' title="bbox 67 845 1776 918; baseline 0.004 -18"><span class='ocrx_word' id='word_1_74' title='bbox 67 847 103 900; x_wconf 86' lang='lat' dir='ltr'>ni</span> <span class='ocrx_word' id='word_1_75' title='bbox 119 847 328 918; x_wconf 75' lang='lat' dir='ltr'>testificantes</span> <span class='ocrx_word' id='word_1_76' title='bbox 343 848 443 902; x_wconf 81' lang='lat' dir='ltr'>corda</span> <span class='ocrx_word' id='word_1_77' title='bbox 459 845 559 916; x_wconf 79' lang='lat' dir='ltr'>(Psoi.</span> <span class='ocrx_word' id='word_1_78' title='bbox 581 845 683 916; x_wconf 75' lang='lat' dir='ltr'>xvurt.</span> <span class='ocrx_word' id='word_1_79' title='bbox 699 846 777 902; x_wconf 86' lang='lat' dir='ltr'>Cum</span> <span class='ocrx_word' id='word_1_80' title='bbox 792 852 895 903; x_wconf 88' lang='lat' dir='ltr'>tamen</span> <span class='ocrx_word' id='word_1_81' title='bbox 949 849 995 900; x_wconf 88' lang='lat' dir='ltr'>est</span> <span class='ocrx_word' id='word_1_82' title='bbox 1010 846 1160 918; x_wconf 86' lang='lat' dir='ltr'>approbat</span> <span class='ocrx_word' id='word_1_83' title='bbox 1166 860 1175 913; x_wconf 87' lang='lat'>;</span> <span class='ocrx_word' id='word_1_84' title='bbox 1198 845 1251 901; x_wconf 86' lang='lat' dir='ltr'>sed</span> <span class='ocrx_word' id='word_1_85' title='bbox 1273 862 1334 902; x_wconf 89' lang='lat' dir='ltr'>non</span> <span class='ocrx_word' id='word_1_86' title='bbox 1349 846 1416 903; x_wconf 82' lang='lat' dir='ltr'>vult</span> <span class='ocrx_word' id='word_1_87' title='bbox 1438 862 1473 903; x_wconf 85' lang='lat' dir='ltr'>ea</span> <span class='ocrx_word' id='word_1_88' title='bbox 1497 863 1573 918; x_wconf 89' lang='lat' dir='ltr'>esse,</span> <span class='ocrx_word' id='word_1_89' title='bbox 1590 848 1621 904; x_wconf 87' lang='lat' dir='ltr'>id</span> <span class='ocrx_word' id='word_1_90' title='bbox 1645 853 1691 906; x_wconf 91' lang='lat' dir='ltr'>est</span> <span class='ocrx_word' id='word_1_91' title='bbox 1714 864 1776 906; x_wconf 90' lang='lat' dir='ltr'>non</span> 
     </span>
     <span class='ocr_line' id='line_1_8' title="bbox 66 933 1774 1008; baseline 0.003 -18"><span class='ocrx_word' id='word_1_92' title='bbox 66 935 233 1008; x_wconf 82' lang='lat' dir='ltr'>(quantum</span> <span class='ocrx_word' id='word_1_93' title='bbox 246 933 284 989; x_wconf 86' lang='lat' dir='ltr'>ad</span> <span class='ocrx_word' id='word_1_94' title='bbox 301 935 406 1007; x_wconf 89' lang='lat' dir='ltr'>ipsum</span> <span class='ocrx_word' id='word_1_95' title='bbox 423 933 534 1004; x_wconf 88' lang='lat' dir='ltr'>Deum)</span> <span class='ocrx_word' id='word_1_96' title='bbox 546 951 607 989; x_wconf 88' lang='lat' dir='ltr'>una</span> <span class='ocrx_word' id='word_1_97' title='bbox 620 935 661 990; x_wconf 85' lang='lat' dir='ltr'>sit</span> <span class='ocrx_word' id='word_1_98' title='bbox 676 935 893 1005; x_wconf 82' lang='lat' dir='ltr'>misericordia,</span> <span class='ocrx_word' id='word_1_99' title='bbox 950 934 1098 1007; x_wconf 82' lang='lat' dir='ltr'>approbat</span> <span class='ocrx_word' id='word_1_100' title='bbox 1112 949 1147 989; x_wconf 86' lang='lat' dir='ltr'>aa</span> <span class='ocrx_word' id='word_1_101' title='bbox 1162 950 1227 991; x_wconf 91' lang='lat' dir='ltr'>esse</span> <span class='ocrx_word' id='word_1_102' title='bbox 1235 950 1244 1005; x_wconf 80' lang='lat'><em>3</em></span> <span class='ocrx_word' id='word_1_103' title='bbox 1261 936 1411 1007; x_wconf 80' lang='lat' dir='ltr'>quianon</span> <span class='ocrx_word' id='word_1_104' title='bbox 1435 940 1508 992; x_wconf 90' lang='lat' dir='ltr'>sunt</span> <span class='ocrx_word' id='word_1_105' title='bbox 1522 937 1603 993; x_wconf 89' lang='lat' dir='ltr'>boua</span> <span class='ocrx_word' id='word_1_106' title='bbox 1618 937 1657 993; x_wconf 87' lang='lat' dir='ltr'>ad</span> <span class='ocrx_word' id='word_1_107' title='bbox 1680 937 1774 995; x_wconf 91' lang='lat' dir='ltr'>aliud.</span> 
     </span>
     <span class='ocr_line' id='line_1_9' title="bbox 65 1022 1776 1095; baseline 0.002 -16"><span class='ocrx_word' id='word_1_108' title='bbox 65 1024 178 1080; x_wconf 90' lang='lat' dir='ltr'>unasit</span> <span class='ocrx_word' id='word_1_109' title='bbox 188 1022 451 1095; x_wconf 66' lang='lat' dir='ltr'>justitiaquaeest</span> <span class='ocrx_word' id='word_1_110' title='bbox 461 1022 518 1079; x_wconf 91' lang='lat' dir='ltr'>hoc</span> <span class='ocrx_word' id='word_1_111' title='bbox 529 1023 612 1094; x_wconf 88' lang='lat' dir='ltr'>quod</span> <span class='ocrx_word' id='word_1_112' title='bbox 625 1024 894 1095; x_wconf 75' lang='lat' dir='ltr'>ipseSicetdevo·</span> <span class='ocrx_word' id='word_1_113' title='bbox 949 1023 1022 1090; x_wconf 86' lang='lat' dir='ltr'>Quas</span> <span class='ocrx_word' id='word_1_114' title='bbox 1037 1027 1109 1080; x_wconf 90' lang='lat' dir='ltr'>sunt</span> <span class='ocrx_word' id='word_1_115' title='bbox 1124 1022 1205 1079; x_wconf 87' lang='lat' dir='ltr'>mala</span> <span class='ocrx_word' id='word_1_116' title='bbox 1219 1023 1252 1079; x_wconf 91' lang='lat' dir='ltr'>in</span> <span class='ocrx_word' id='word_1_117' title='bbox 1267 1039 1298 1080; x_wconf 89' lang='lat' dir='ltr'>se</span> <span class='ocrx_word' id='word_1_118' title='bbox 1311 1028 1340 1080; x_wconf 88' lang='lat' dir='ltr'>et</span> <span class='ocrx_word' id='word_1_119' title='bbox 1353 1024 1392 1079; x_wconf 86' lang='lat' dir='ltr'>ad</span> <span class='ocrx_word' id='word_1_120' title='bbox 1406 1024 1591 1095; x_wconf 87' lang='lat' dir='ltr'>aliudbona,</span> <span class='ocrx_word' id='word_1_121' title='bbox 1603 1027 1683 1082; x_wconf 90' lang='lat' dir='ltr'>sicut</span> <span class='ocrx_word' id='word_1_122' title='bbox 1694 1025 1776 1083; x_wconf 87' lang='lat' dir='ltr'>mala</span> 
     </span>
     <span class='ocr_line' id='line_1_10' title="bbox 65 1109 1778 1187; baseline 0.002 -21"><span class='ocrx_word' id='word_1_123' title='bbox 65 1110 197 1167; x_wconf 87' lang='lat' dir='ltr'>luntate.</span> <span class='ocrx_word' id='word_1_124' title='bbox 210 1111 290 1167; x_wconf 89' lang='lat' dir='ltr'>Nam</span> <span class='ocrx_word' id='word_1_125' title='bbox 300 1109 446 1168; x_wconf 79' lang='lat' dir='ltr'>voluntas</span> <span class='ocrx_word' id='word_1_126' title='bbox 461 1111 518 1167; x_wconf 91' lang='lat' dir='ltr'>Dei</span> <span class='ocrx_word' id='word_1_127' title='bbox 528 1112 561 1168; x_wconf 91' lang='lat' dir='ltr'>iu</span> <span class='ocrx_word' id='word_1_128' title='bbox 574 1127 660 1177; x_wconf 78' lang='lat' dir='ltr'>sacra</span> <span class='ocrx_word' id='word_1_129' title='bbox 671 1112 828 1186; x_wconf 83' lang='lat' dir='ltr'>Scriptura</span> <span class='ocrx_word' id='word_1_130' title='bbox 841 1113 895 1168; x_wconf 88' lang='lat' dir='ltr'>ali·</span> <span class='ocrx_word' id='word_1_131' title='bbox 950 1129 1018 1184; x_wconf 83' lang='lat' dir='ltr'>quae</span> <span class='ocrx_word' id='word_1_132' title='bbox 1030 1113 1117 1183; x_wconf 87' lang='lat' dir='ltr'>liunt,</span> <span class='ocrx_word' id='word_1_133' title='bbox 1125 1128 1160 1169; x_wconf 88' lang='lat' dir='ltr'>ea</span> <span class='ocrx_word' id='word_1_134' title='bbox 1170 1112 1306 1182; x_wconf 65' lang='lat' dir='ltr'>nonsult</span> <span class='ocrx_word' id='word_1_135' title='bbox 1314 1112 1407 1181; x_wconf 78' lang='lat' dir='ltr'>Daue,</span> <span class='ocrx_word' id='word_1_136' title='bbox 1416 1113 1447 1169; x_wconf 90' lang='lat' dir='ltr'>id</span> <span class='ocrx_word' id='word_1_137' title='bbox 1455 1117 1567 1169; x_wconf 88' lang='lat' dir='ltr'>estnon</span> <span class='ocrx_word' id='word_1_138' title='bbox 1575 1114 1734 1187; x_wconf 87' lang='lat' dir='ltr'>approbat;</span> <span class='ocrx_word' id='word_1_139' title='bbox 1748 1119 1778 1171; x_wconf 93' lang='lat' dir='ltr'>et</span> 
     </span>
     <span class='ocr_line' id='line_1_11' title="bbox 66 1200 1776 1275; baseline 0.002 -18"><span class='ocrx_word' id='word_1_140' title='bbox 66 1201 193 1273; x_wconf 85' lang='lat' dir='ltr'>quando</span> <span class='ocrx_word' id='word_1_141' title='bbox 200 1201 424 1273; x_wconf 87' lang='lat' dir='ltr'>accipituripsa</span> <span class='ocrx_word' id='word_1_142' title='bbox 431 1200 794 1273; x_wconf 72' lang='lat' dir='ltr'>quaidemesteumDeo,</span> <span class='ocrx_word' id='word_1_143' title='bbox 802 1202 896 1275; x_wconf 88' lang='lat' dir='ltr'>stipsi</span> <span class='ocrx_word' id='word_1_144' title='bbox 950 1204 1052 1258; x_wconf 90' lang='lat' dir='ltr'>tamen</span> <span class='ocrx_word' id='word_1_145' title='bbox 1065 1202 1132 1258; x_wconf 80' lang='lat' dir='ltr'>vult</span> <span class='ocrx_word' id='word_1_146' title='bbox 1145 1217 1181 1258; x_wconf 90' lang='lat' dir='ltr'>ea</span> <span class='ocrx_word' id='word_1_147' title='bbox 1194 1217 1270 1271; x_wconf 88' lang='lat' dir='ltr'>esse,</span> <span class='ocrx_word' id='word_1_148' title='bbox 1284 1201 1357 1273; x_wconf 89' lang='lat' dir='ltr'>quia</span> <span class='ocrx_word' id='word_1_149' title='bbox 1376 1202 1491 1257; x_wconf 89' lang='lat' dir='ltr'>bonum</span> <span class='ocrx_word' id='word_1_150' title='bbox 1506 1206 1551 1258; x_wconf 88' lang='lat' dir='ltr'>est</span> <span class='ocrx_word' id='word_1_151' title='bbox 1566 1216 1601 1258; x_wconf 91' lang='lat' dir='ltr'>ea</span> <span class='ocrx_word' id='word_1_152' title='bbox 1616 1217 1691 1258; x_wconf 86' lang='lat' dir='ltr'>esse.</span> <span class='ocrx_word' id='word_1_153' title='bbox 1709 1202 1776 1260; x_wconf 88' lang='lat' dir='ltr'>Nisi</span> 
     </span>
     <span class='ocr_line' id='line_1_12' title="bbox 66 1289 1775 1364; baseline 0.002 -19"><span class='ocrx_word' id='word_1_154' title='bbox 66 1292 285 1358; x_wconf 85' lang='lat' dir='ltr'>coaeternaest;</span> <span class='ocrx_word' id='word_1_155' title='bbox 296 1292 327 1345; x_wconf 88' lang='lat' dir='ltr'>et</span> <span class='ocrx_word' id='word_1_156' title='bbox 339 1289 678 1362; x_wconf 83' lang='lat' dir='ltr'>baecvoluntassemper</span> <span class='ocrx_word' id='word_1_157' title='bbox 687 1290 841 1363; x_wconf 90' lang='lat' dir='ltr'>impletur.</span> <span class='ocrx_word' id='word_1_158' title='bbox 851 1290 896 1346; x_wconf 88' lang='lat' dir='ltr'>De</span> <span class='ocrx_word' id='word_1_159' title='bbox 951 1291 1032 1347; x_wconf 89' lang='lat' dir='ltr'>euim</span> <span class='ocrx_word' id='word_1_160' title='bbox 1046 1290 1138 1348; x_wconf 86' lang='lat' dir='ltr'>vellet</span> <span class='ocrx_word' id='word_1_161' title='bbox 1161 1291 1242 1364; x_wconf 85' lang='lat' dir='ltr'>quod</span> <span class='ocrx_word' id='word_1_162' title='bbox 1266 1291 1347 1346; x_wconf 88' lang='lat' dir='ltr'>mala</span> <span class='ocrx_word' id='word_1_163' title='bbox 1370 1295 1481 1361; x_wconf 85' lang='lat' dir='ltr'>essent,</span> <span class='ocrx_word' id='word_1_164' title='bbox 1496 1290 1580 1347; x_wconf 89' lang='lat' dir='ltr'>nullo</span> <span class='ocrx_word' id='word_1_165' title='bbox 1596 1291 1686 1348; x_wconf 90' lang='lat' dir='ltr'>modo</span> <span class='ocrx_word' id='word_1_166' title='bbox 1709 1307 1775 1348; x_wconf 88' lang='lat' dir='ltr'>esse</span> 
     </span>
     <span class='ocr_line' id='line_1_13' title="bbox 66 1377 1778 1453; baseline 0.002 -19"><span class='ocrx_word' id='word_1_167' title='bbox 66 1378 125 1435; x_wconf 89' lang='lat' dir='ltr'>hae</span> <span class='ocrx_word' id='word_1_168' title='bbox 134 1377 211 1434; x_wconf 87' lang='lat' dir='ltr'>dicit</span> <span class='ocrx_word' id='word_1_169' title='bbox 223 1377 404 1451; x_wconf 89' lang='lat' dir='ltr'>Apostolus:</span> <span class='ocrx_word' id='word_1_170' title='bbox 418 1380 664 1447; x_wconf 79' lang='lat' dir='ltr'>Voluntatiejns</span> <span class='ocrx_word' id='word_1_171' title='bbox 675 1377 897 1448; x_wconf 79' lang='lat' dir='ltr'>quiereststitl</span> <span class='ocrx_word' id='word_1_172' title='bbox 950 1384 1084 1453; x_wconf 80' lang='lat' dir='ltr'>possent.</span> <span class='ocrx_word' id='word_1_173' title='bbox 1109 1380 1195 1437; x_wconf 90' lang='lat' dir='ltr'>Sicut</span> <span class='ocrx_word' id='word_1_174' title='bbox 1218 1379 1299 1436; x_wconf 92' lang='lat' dir='ltr'>enim</span> <span class='ocrx_word' id='word_1_175' title='bbox 1324 1396 1358 1436; x_wconf 90' lang='lat' dir='ltr'>ea</span> <span class='ocrx_word' id='word_1_176' title='bbox 1377 1378 1468 1436; x_wconf 84' lang='lat' dir='ltr'>vellet</span> <span class='ocrx_word' id='word_1_177' title='bbox 1490 1395 1552 1435; x_wconf 90' lang='lat' dir='ltr'>nou</span> <span class='ocrx_word' id='word_1_178' title='bbox 1576 1396 1650 1450; x_wconf 87' lang='lat' dir='ltr'>esse,</span> <span class='ocrx_word' id='word_1_179' title='bbox 1667 1384 1697 1437; x_wconf 91' lang='lat' dir='ltr'>et</span> <span class='ocrx_word' id='word_1_180' title='bbox 1716 1397 1778 1438; x_wconf 91' lang='lat' dir='ltr'>nou</span> 
     </span>
     <span class='ocr_line' id='line_1_14' title="bbox 67 1466 1778 1552; baseline 0 -27"><span class='ocrx_word' id='word_1_181' title='bbox 67 1470 169 1539; x_wconf 79' lang='lat' dir='ltr'>(Rom.</span> <span class='ocrx_word' id='word_1_182' title='bbox 183 1466 392 1552; x_wconf 81' lang='lat' dir='ltr'>rx.)Etalibi:</span> <span class='ocrx_word' id='word_1_183' title='bbox 408 1469 445 1524; x_wconf 84' lang='lat' dir='ltr'>Vt</span> <span class='ocrx_word' id='word_1_184' title='bbox 453 1470 596 1538; x_wconf 84' lang='lat' dir='ltr'>probetis</span> <span class='ocrx_word' id='word_1_185' title='bbox 607 1471 893 1539; x_wconf 75' lang='lat' dir='ltr'>quoesirvotuntas</span> <span class='ocrx_word' id='word_1_186' title='bbox 950 1474 1053 1542; x_wconf 91' lang='lat' dir='ltr'>posset</span> <span class='ocrx_word' id='word_1_187' title='bbox 1064 1470 1122 1525; x_wconf 87' lang='lat' dir='ltr'>hoc</span> <span class='ocrx_word' id='word_1_188' title='bbox 1147 1469 1271 1538; x_wconf 82' lang='lat' dir='ltr'>efficere,</span> <span class='ocrx_word' id='word_1_189' title='bbox 1286 1469 1440 1542; x_wconf 84' lang='lat' dir='ltr'>impotens</span> <span class='ocrx_word' id='word_1_190' title='bbox 1464 1474 1559 1539; x_wconf 75' lang='lat' dir='ltr'>esset,</span> <span class='ocrx_word' id='word_1_191' title='bbox 1576 1471 1655 1527; x_wconf 89' lang='lat' dir='ltr'>sicut</span> <span class='ocrx_word' id='word_1_192' title='bbox 1678 1474 1708 1526; x_wconf 94' lang='lat' dir='ltr'>et</span> <span class='ocrx_word' id='word_1_193' title='bbox 1721 1484 1778 1526; x_wconf 88' lang='lat' dir='ltr'>nos</span> 
     </span>
     <span class='ocr_line' id='line_1_15' title="bbox 66 1557 1776 1632; baseline 0.001 -19"><span class='ocrx_word' id='word_1_194' title='bbox 66 1557 898 1629; x_wconf 77' lang='lat' dir='ltr'>Dctbonaetbeneptacenretpersecta(Romxu).Et</span> <span class='ocrx_word' id='word_1_195' title='bbox 951 1573 1069 1628; x_wconf 90' lang='lat' dir='ltr'>sumus,</span> <span class='ocrx_word' id='word_1_196' title='bbox 1085 1559 1139 1631; x_wconf 89' lang='lat' dir='ltr'>qui</span> <span class='ocrx_word' id='word_1_197' title='bbox 1154 1559 1236 1630; x_wconf 83' lang='lat' dir='ltr'>quod</span> <span class='ocrx_word' id='word_1_198' title='bbox 1254 1558 1397 1615; x_wconf 82' lang='lat' dir='ltr'>volumus</span> <span class='ocrx_word' id='word_1_199' title='bbox 1416 1559 1600 1632; x_wconf 83' lang='lat' dir='ltr'>qrrmrdoque</span> <span class='ocrx_word' id='word_1_200' title='bbox 1621 1574 1683 1615; x_wconf 90' lang='lat' dir='ltr'>non</span> <span class='ocrx_word' id='word_1_201' title='bbox 1708 1574 1776 1631; x_wconf 90' lang='lat' dir='ltr'>pos·</span> 
     </span>
     <span class='ocr_line' id='line_1_16' title="bbox 66 1633 1851 1720; baseline 0.001 -18"><span class='ocrx_word' id='word_1_202' title='bbox 66 1644 632 1718; x_wconf 83' lang='lat' dir='ltr'>potesthaeevoluntasbeneplacitum</span> <span class='ocrx_word' id='word_1_203' title='bbox 647 1645 895 1718; x_wconf 86' lang='lat' dir='ltr'>Deiveldisposi-</span> <span class='ocrx_word' id='word_1_204' title='bbox 952 1663 1069 1716; x_wconf 90' lang='lat' dir='ltr'>sumus,</span> <span class='ocrx_word' id='word_1_205' title='bbox 1084 1648 1263 1719; x_wconf 86' lang='lat' dir='ltr'>itaquenon</span> <span class='ocrx_word' id='word_1_206' title='bbox 1278 1652 1403 1720; x_wconf 86' lang='lat' dir='ltr'>possent</span> <span class='ocrx_word' id='word_1_207' title='bbox 1417 1663 1482 1704; x_wconf 84' lang='lat' dir='ltr'>esse</span> <span class='ocrx_word' id='word_1_208' title='bbox 1503 1648 1581 1704; x_wconf 90' lang='lat' dir='ltr'>male</span> <span class='ocrx_word' id='word_1_209' title='bbox 1606 1649 1667 1704; x_wconf 86' lang='lat' dir='ltr'>nisi</span> <span class='ocrx_word' id='word_1_210' title='bbox 1687 1647 1779 1704; x_wconf 80' lang='lat' dir='ltr'>vellet</span> <span class='ocrx_word' id='word_1_211' title='bbox 1844 1633 1851 1641; x_wconf 69' lang='grc'><em>“</em></span> 
     </span>
     <span class='ocr_line' id='line_1_17' title="bbox 67 1733 1776 1808; baseline 0.001 -19"><span class='ocrx_word' id='word_1_212' title='bbox 67 1734 112 1790; x_wconf 90' lang='lat' dir='ltr'>tio</span> <span class='ocrx_word' id='word_1_213' title='bbox 120 1733 283 1807; x_wconf 88' lang='lat' dir='ltr'>appellari.</span> <span class='ocrx_word' id='word_1_214' title='bbox 297 1734 385 1791; x_wconf 88' lang='lat' dir='ltr'>Unde</span> <span class='ocrx_word' id='word_1_215' title='bbox 394 1734 564 1807; x_wconf 83' lang='lat' dir='ltr'>Propheta:</span> <span class='ocrx_word' id='word_1_216' title='bbox 579 1737 782 1805; x_wconf 79' lang='lat' dir='ltr'>Quoecunque</span> <span class='ocrx_word' id='word_1_217' title='bbox 794 1736 898 1791; x_wconf 84' lang='lat' dir='ltr'>votuit</span> <span class='ocrx_word' id='word_1_218' title='bbox 913 1739 937 1794; x_wconf 92' lang='lat' dir='ltr'><strong>B</strong></span> <span class='ocrx_word' id='word_1_219' title='bbox 952 1751 987 1791; x_wconf 90' lang='lat' dir='ltr'>ea</span> <span class='ocrx_word' id='word_1_220' title='bbox 999 1751 1073 1792; x_wconf 90' lang='lat' dir='ltr'>esse.</span> <span class='ocrx_word' id='word_1_221' title='bbox 1082 1736 1125 1792; x_wconf 77' lang='lat' dir='ltr'>lio</span> <span class='ocrx_word' id='word_1_222' title='bbox 1136 1752 1269 1808; x_wconf 84' lang='lat' dir='ltr'>namquo</span> <span class='ocrx_word' id='word_1_223' title='bbox 1280 1737 1378 1792; x_wconf 84' lang='lat' dir='ltr'>invito</span> <span class='ocrx_word' id='word_1_224' title='bbox 1390 1736 1542 1808; x_wconf 87' lang='lat' dir='ltr'>quomodo</span> <span class='ocrx_word' id='word_1_225' title='bbox 1553 1735 1670 1808; x_wconf 89' lang='lat' dir='ltr'>aliquid</span> <span class='ocrx_word' id='word_1_226' title='bbox 1680 1736 1776 1804; x_wconf 88' lang='lat' dir='ltr'>tieret,</span> 
     </span>
     <span class='ocr_line' id='line_1_18' title="bbox 65 1822 1777 1897; baseline 0.001 -19"><span class='ocrx_word' id='word_1_227' title='bbox 65 1822 369 1895; x_wconf 74' lang='lat' dir='ltr'>secittPral.cxu1);</span> <span class='ocrx_word' id='word_1_228' title='bbox 385 1822 417 1878; x_wconf 88' lang='lat' dir='ltr'>id</span> <span class='ocrx_word' id='word_1_229' title='bbox 432 1826 686 1896; x_wconf 81' lang='lat' dir='ltr'>est‚quaecunque</span> <span class='ocrx_word' id='word_1_230' title='bbox 700 1823 850 1895; x_wconf 86' lang='lat' dir='ltr'>disposuit</span> <span class='ocrx_word' id='word_1_231' title='bbox 863 1839 896 1879; x_wconf 89' lang='lat' dir='ltr'>se</span> <span class='ocrx_word' id='word_1_232' title='bbox 950 1839 1018 1880; x_wconf 89' lang='lat' dir='ltr'>cum</span> <span class='ocrx_word' id='word_1_233' title='bbox 1042 1823 1123 1880; x_wconf 90' lang='lat' dir='ltr'>dicat</span> <span class='ocrx_word' id='word_1_234' title='bbox 1143 1825 1324 1897; x_wconf 80' lang='lat' dir='ltr'>Scriptura:</span> <span class='ocrx_word' id='word_1_235' title='bbox 1347 1827 1515 1881; x_wconf 83' lang='lat' dir='ltr'>Voluntati</span> <span class='ocrx_word' id='word_1_236' title='bbox 1534 1828 1604 1894; x_wconf 80' lang='lat' dir='ltr'>ejrrs</span> <span class='ocrx_word' id='word_1_237' title='bbox 1630 1828 1705 1896; x_wconf 82' lang='lat' dir='ltr'>quis</span> <span class='ocrx_word' id='word_1_238' title='bbox 1729 1839 1777 1880; x_wconf 82' lang='lat' dir='ltr'>re·</span> 
     </span>
     <span class='ocr_line' id='line_1_19' title="bbox 66 1911 1778 1986; baseline 0.002 -18"><span class='ocrx_word' id='word_1_239' title='bbox 66 1911 419 1984; x_wconf 81' lang='lat' dir='ltr'>iacturumAliquando</span> <span class='ocrx_word' id='word_1_240' title='bbox 430 1912 592 1985; x_wconf 79' lang='lat' dir='ltr'>praeceptio</span> <span class='ocrx_word' id='word_1_241' title='bbox 605 1911 653 1968; x_wconf 89' lang='lat' dir='ltr'>vel</span> <span class='ocrx_word' id='word_1_242' title='bbox 664 1911 829 1984; x_wconf 85' lang='lat' dir='ltr'>prohibitio</span> <span class='ocrx_word' id='word_1_243' title='bbox 839 1912 896 1969; x_wconf 91' lang='lat' dir='ltr'>Dei</span> <span class='ocrx_word' id='word_1_244' title='bbox 949 1911 1060 1969; x_wconf 73' lang='lat' dir='ltr'>sistit?</span> <span class='ocrx_word' id='word_1_245' title='bbox 1073 1914 1173 1985; x_wconf 85' lang='lat' dir='ltr'>(Rom.</span> <span class='ocrx_word' id='word_1_246' title='bbox 1191 1914 1248 1984; x_wconf 90' lang='lat' dir='ltr'>rx).</span> <span class='ocrx_word' id='word_1_247' title='bbox 1264 1914 1340 1970; x_wconf 87' lang='lat' dir='ltr'>Cum</span> <span class='ocrx_word' id='word_1_248' title='bbox 1353 1915 1449 1986; x_wconf 88' lang='lat' dir='ltr'>igitur</span> <span class='ocrx_word' id='word_1_249' title='bbox 1464 1914 1547 1970; x_wconf 90' lang='lat' dir='ltr'>Dens</span> <span class='ocrx_word' id='word_1_250' title='bbox 1562 1915 1601 1971; x_wconf 92' lang='lat' dir='ltr'>ab</span> <span class='ocrx_word' id='word_1_251' title='bbox 1616 1918 1730 1971; x_wconf 83' lang='lat' dir='ltr'>aeterno</span> <span class='ocrx_word' id='word_1_252' title='bbox 1745 1914 1778 1971; x_wconf 92' lang='lat' dir='ltr'>in</span> 
     </span>
     <span class='ocr_line' id='line_1_20' title="bbox 66 2000 1777 2074; baseline 0 -18"><span class='ocrx_word' id='word_1_253' title='bbox 66 2000 214 2058; x_wconf 83' lang='lat' dir='ltr'>voluntas</span> <span class='ocrx_word' id='word_1_254' title='bbox 229 2001 284 2057; x_wconf 91' lang='lat' dir='ltr'>Dei</span> <span class='ocrx_word' id='word_1_255' title='bbox 304 2000 438 2070; x_wconf 89' lang='lat' dir='ltr'>dicitur;</span> <span class='ocrx_word' id='word_1_256' title='bbox 453 2001 526 2074; x_wconf 80' lang='lat' dir='ltr'>quia</span> <span class='ocrx_word' id='word_1_257' title='bbox 541 2000 897 2073; x_wconf 82' lang='lat' dir='ltr'>signasuntdivinaevo</span> <span class='ocrx_word' id='word_1_258' title='bbox 950 2001 1141 2073; x_wconf 72' lang='lat' dir='ltr'>prescientia</span> <span class='ocrx_word' id='word_1_259' title='bbox 1168 2005 1199 2058; x_wconf 88' lang='lat' dir='ltr'>et</span> <span class='ocrx_word' id='word_1_260' title='bbox 1222 2003 1373 2074; x_wconf 83' lang='lat' dir='ltr'>sapientia</span> <span class='ocrx_word' id='word_1_261' title='bbox 1396 2018 1453 2058; x_wconf 91' lang='lat' dir='ltr'>sun</span> <span class='ocrx_word' id='word_1_262' title='bbox 1479 2003 1583 2058; x_wconf 89' lang='lat' dir='ltr'>omnia</span> <span class='ocrx_word' id='word_1_263' title='bbox 1608 2006 1670 2058; x_wconf 91' lang='lat' dir='ltr'>tam</span> <span class='ocrx_word' id='word_1_264' title='bbox 1695 2002 1777 2057; x_wconf 90' lang='lat' dir='ltr'>bona</span> 
     </span>
     <span class='ocr_line' id='line_1_21' title="bbox 65 2088 1775 2163; baseline 0 -17"><span class='ocrx_word' id='word_1_265' title='bbox 65 2089 208 2147; x_wconf 87' lang='lat' dir='ltr'>luntatis.</span> <span class='ocrx_word' id='word_1_266' title='bbox 226 2089 268 2146; x_wconf 90' lang='lat' dir='ltr'>Ut</span> <span class='ocrx_word' id='word_1_267' title='bbox 280 2090 369 2161; x_wconf 89' lang='lat' dir='ltr'>signa</span> <span class='ocrx_word' id='word_1_268' title='bbox 390 2090 443 2146; x_wconf 78' lang='lat' dir='ltr'>irae</span> <span class='ocrx_word' id='word_1_269' title='bbox 458 2088 652 2162; x_wconf 85' lang='lat' dir='ltr'>appellantur</span> <span class='ocrx_word' id='word_1_270' title='bbox 666 2088 733 2160; x_wconf 76' lang='lat' dir='ltr'>tra3</span> <span class='ocrx_word' id='word_1_271' title='bbox 749 2089 793 2146; x_wconf 89' lang='lat' dir='ltr'>ita</span> <span class='ocrx_word' id='word_1_272' title='bbox 807 2090 896 2161; x_wconf 85' lang='lat' dir='ltr'>signa</span> <span class='ocrx_word' id='word_1_273' title='bbox 950 2105 1043 2162; x_wconf 90' lang='lat' dir='ltr'>quam</span> <span class='ocrx_word' id='word_1_274' title='bbox 1067 2090 1149 2145; x_wconf 87' lang='lat' dir='ltr'>mala</span> <span class='ocrx_word' id='word_1_275' title='bbox 1173 2090 1294 2159; x_wconf 88' lang='lat' dir='ltr'>viderit,</span> <span class='ocrx_word' id='word_1_276' title='bbox 1309 2090 1389 2146; x_wconf 90' lang='lat' dir='ltr'>inter</span> <span class='ocrx_word' id='word_1_277' title='bbox 1413 2091 1517 2148; x_wconf 89' lang='lat' dir='ltr'>omnia</span> <span class='ocrx_word' id='word_1_278' title='bbox 1539 2091 1593 2146; x_wconf 92' lang='lat' dir='ltr'>illa</span> <span class='ocrx_word' id='word_1_279' title='bbox 1616 2091 1695 2146; x_wconf 86' lang='lat' dir='ltr'>vidit</span> <span class='ocrx_word' id='word_1_280' title='bbox 1709 2091 1775 2163; x_wconf 89' lang='lat' dir='ltr'>ipse</span> 
     </span>
     <span class='ocr_line' id='line_1_22' title="bbox 66 2176 1776 2252; baseline -0.001 -17"><span class='ocrx_word' id='word_1_281' title='bbox 66 2177 384 2247; x_wconf 72' lang='lat' dir='ltr'>dilectionisdilectio.</span> <span class='ocrx_word' id='word_1_282' title='bbox 395 2178 553 2236; x_wconf 85' lang='lat' dir='ltr'>Etdicitur</span> <span class='ocrx_word' id='word_1_283' title='bbox 563 2178 662 2234; x_wconf 91' lang='lat' dir='ltr'>iratus</span> <span class='ocrx_word' id='word_1_284' title='bbox 672 2178 756 2235; x_wconf 87' lang='lat' dir='ltr'>Deus</span> <span class='ocrx_word' id='word_1_285' title='bbox 766 2180 850 2235; x_wconf 85' lang='lat' dir='ltr'>etim</span> <span class='ocrx_word' id='word_1_286' title='bbox 861 2180 894 2236; x_wconf 92' lang='lat' dir='ltr'>in</span> <span class='ocrx_word' id='word_1_287' title='bbox 950 2179 1090 2252; x_wconf 75' lang='lat' dir='ltr'>quadam</span> <span class='ocrx_word' id='word_1_288' title='bbox 1105 2194 1174 2252; x_wconf 78' lang='lat' dir='ltr'>quse</span> <span class='ocrx_word' id='word_1_289' title='bbox 1189 2180 1215 2234; x_wconf 91' lang='lat' dir='ltr'>si</span> <span class='ocrx_word' id='word_1_290' title='bbox 1230 2184 1332 2236; x_wconf 87' lang='lat' dir='ltr'>esseut</span> <span class='ocrx_word' id='word_1_291' title='bbox 1346 2179 1427 2236; x_wconf 86' lang='lat' dir='ltr'>bona</span> <span class='ocrx_word' id='word_1_292' title='bbox 1445 2180 1478 2236; x_wconf 91' lang='lat' dir='ltr'>in</span> <span class='ocrx_word' id='word_1_293' title='bbox 1502 2196 1544 2250; x_wconf 89' lang='lat' dir='ltr'>se,</span> <span class='ocrx_word' id='word_1_294' title='bbox 1558 2184 1658 2236; x_wconf 84' lang='lat' dir='ltr'>essent</span> <span class='ocrx_word' id='word_1_295' title='bbox 1683 2183 1714 2236; x_wconf 90' lang='lat' dir='ltr'>et</span> <span class='ocrx_word' id='word_1_296' title='bbox 1736 2176 1776 2234; x_wconf 86' lang='lat' dir='ltr'>ad</span> 
     </span>
     <span class='ocr_line' id='line_1_23' title="bbox 68 2266 1776 2342; baseline 0.001 -19"><span class='ocrx_word' id='word_1_297' title='bbox 68 2283 102 2324; x_wconf 87' lang='lat' dir='ltr'>eo</span> <span class='ocrx_word' id='word_1_298' title='bbox 114 2282 179 2324; x_wconf 91' lang='lat' dir='ltr'>uon</span> <span class='ocrx_word' id='word_1_299' title='bbox 191 2272 249 2336; x_wconf 84' lang='lat' dir='ltr'>est;</span> <span class='ocrx_word' id='word_1_300' title='bbox 259 2266 313 2324; x_wconf 86' lang='lat' dir='ltr'>sed</span> <span class='ocrx_word' id='word_1_301' title='bbox 328 2268 451 2338; x_wconf 86' lang='lat' dir='ltr'>signum</span> <span class='ocrx_word' id='word_1_302' title='bbox 466 2270 587 2324; x_wconf 86' lang='lat' dir='ltr'>tanturn</span> <span class='ocrx_word' id='word_1_303' title='bbox 602 2267 685 2339; x_wconf 85' lang='lat' dir='ltr'>quod</span> <span class='ocrx_word' id='word_1_304' title='bbox 699 2269 775 2325; x_wconf 81' lang='lat' dir='ltr'>foris</span> <span class='ocrx_word' id='word_1_305' title='bbox 785 2269 819 2324; x_wconf 87' lang='lat' dir='ltr'>tit</span> <span class='ocrx_word' id='word_1_306' title='bbox 834 2283 896 2342; x_wconf 90' lang='lat' dir='ltr'>quo</span> <span class='ocrx_word' id='word_1_307' title='bbox 950 2269 1034 2325; x_wconf 90' lang='lat' dir='ltr'>aliud</span> <span class='ocrx_word' id='word_1_308' title='bbox 1043 2285 1052 2339; x_wconf 88' lang='lat'>;</span> <span class='ocrx_word' id='word_1_309' title='bbox 1067 2273 1098 2325; x_wconf 89' lang='lat' dir='ltr'>ct</span> <span class='ocrx_word' id='word_1_310' title='bbox 1111 2284 1146 2324; x_wconf 89' lang='lat' dir='ltr'>ea</span> <span class='ocrx_word' id='word_1_311' title='bbox 1158 2283 1221 2326; x_wconf 91' lang='lat' dir='ltr'>non</span> <span class='ocrx_word' id='word_1_312' title='bbox 1234 2267 1332 2325; x_wconf 90' lang='lat' dir='ltr'>solum</span> <span class='ocrx_word' id='word_1_313' title='bbox 1348 2269 1461 2339; x_wconf 73' lang='lat' dir='ltr'>soluit,</span> <span class='ocrx_word' id='word_1_314' title='bbox 1479 2269 1531 2325; x_wconf 87' lang='lat' dir='ltr'>sed</span> <span class='ocrx_word' id='word_1_315' title='bbox 1546 2273 1573 2326; x_wconf 90' lang='lat' dir='ltr'>et</span> <span class='ocrx_word' id='word_1_316' title='bbox 1590 2285 1654 2325; x_wconf 87' lang='lat' dir='ltr'>esse</span> <span class='ocrx_word' id='word_1_317' title='bbox 1669 2266 1776 2325; x_wconf 83' lang='lat' dir='ltr'>voluit.</span> 
     </span>
     <span class='ocr_line' id='line_1_24' title="bbox 67 2356 1776 2430; baseline -0.001 -17"><span class='ocrx_word' id='word_1_318' title='bbox 67 2356 152 2413; x_wconf 88' lang='lat' dir='ltr'>Deus</span> <span class='ocrx_word' id='word_1_319' title='bbox 181 2357 282 2412; x_wconf 88' lang='lat' dir='ltr'>iratus</span> <span class='ocrx_word' id='word_1_320' title='bbox 307 2357 490 2423; x_wconf 81' lang='lat' dir='ltr'>ostenditur,</span> <span class='ocrx_word' id='word_1_321' title='bbox 519 2357 566 2412; x_wconf 89' lang='lat' dir='ltr'>ira</span> <span class='ocrx_word' id='word_1_322' title='bbox 594 2357 776 2428; x_wconf 88' lang='lat' dir='ltr'>appellatur,</span> <span class='ocrx_word' id='word_1_323' title='bbox 803 2363 838 2414; x_wconf 87' lang='lat' dir='ltr'>ut</span> <span class='ocrx_word' id='word_1_324' title='bbox 863 2359 896 2414; x_wconf 91' lang='lat' dir='ltr'>in</span> <span class='ocrx_word' id='word_1_325' title='bbox 950 2357 1034 2414; x_wconf 89' lang='lat' dir='ltr'>Vidit</span> <span class='ocrx_word' id='word_1_326' title='bbox 1048 2361 1078 2415; x_wconf 92' lang='lat' dir='ltr'>et</span> <span class='ocrx_word' id='word_1_327' title='bbox 1092 2357 1229 2430; x_wconf 82' lang='lat' dir='ltr'>aliaquae</span> <span class='ocrx_word' id='word_1_328' title='bbox 1244 2358 1272 2412; x_wconf 92' lang='lat' dir='ltr'>si</span> <span class='ocrx_word' id='word_1_329' title='bbox 1286 2361 1397 2428; x_wconf 89' lang='lat' dir='ltr'>essent,</span> <span class='ocrx_word' id='word_1_330' title='bbox 1408 2357 1478 2415; x_wconf 92' lang='lat' dir='ltr'>licet</span> <span class='ocrx_word' id='word_1_331' title='bbox 1489 2360 1521 2416; x_wconf 88' lang='lat' dir='ltr'>in</span> <span class='ocrx_word' id='word_1_332' title='bbox 1531 2373 1562 2415; x_wconf 89' lang='lat' dir='ltr'>se</span> <span class='ocrx_word' id='word_1_333' title='bbox 1572 2358 1653 2415; x_wconf 85' lang='lat' dir='ltr'>bona</span> <span class='ocrx_word' id='word_1_334' title='bbox 1663 2360 1776 2426; x_wconf 85' lang='lat' dir='ltr'>essent,</span> 
     </span>
     <span class='ocr_line' id='line_1_25' title="bbox 66 2445 1778 2521; baseline 0 -19"><span class='ocrx_word' id='word_1_335' title='bbox 66 2445 223 2519; x_wconf 74' lang='lat' dir='ltr'>AEgyptiis</span> <span class='ocrx_word' id='word_1_336' title='bbox 236 2445 415 2502; x_wconf 83' lang='lat' dir='ltr'>submersis.</span> <span class='ocrx_word' id='word_1_337' title='bbox 433 2445 481 2503; x_wconf 91' lang='lat' dir='ltr'>lta</span> <span class='ocrx_word' id='word_1_338' title='bbox 495 2447 657 2520; x_wconf 73' lang='lat' dir='ltr'>praeceptio</span> <span class='ocrx_word' id='word_1_339' title='bbox 672 2446 720 2502; x_wconf 89' lang='lat' dir='ltr'>vel</span> <span class='ocrx_word' id='word_1_340' title='bbox 729 2446 896 2520; x_wconf 89' lang='lat' dir='ltr'>prohibitio</span> <span class='ocrx_word' id='word_1_341' title='bbox 951 2464 1012 2506; x_wconf 92' lang='lat' dir='ltr'>non</span> <span class='ocrx_word' id='word_1_342' title='bbox 1028 2452 1130 2504; x_wconf 86' lang='lat' dir='ltr'>tamen</span> <span class='ocrx_word' id='word_1_343' title='bbox 1143 2448 1182 2504; x_wconf 90' lang='lat' dir='ltr'>ad</span> <span class='ocrx_word' id='word_1_344' title='bbox 1204 2447 1308 2517; x_wconf 89' lang='lat' dir='ltr'>aliud;</span> <span class='ocrx_word' id='word_1_345' title='bbox 1328 2451 1358 2504; x_wconf 89' lang='lat' dir='ltr'>et</span> <span class='ocrx_word' id='word_1_346' title='bbox 1380 2448 1448 2505; x_wconf 90' lang='lat' dir='ltr'>ideo</span> <span class='ocrx_word' id='word_1_347' title='bbox 1471 2449 1528 2505; x_wconf 91' lang='lat' dir='ltr'>etsi</span> <span class='ocrx_word' id='word_1_348' title='bbox 1549 2448 1708 2521; x_wconf 85' lang='lat' dir='ltr'>approbet,</span> <span class='ocrx_word' id='word_1_349' title='bbox 1723 2446 1778 2519; x_wconf 88' lang='lat' dir='ltr'>qui</span> 
     </span>
     <span class='ocr_line' id='line_1_26' title="bbox 68 2534 1777 2609; baseline -0.001 -16"><span class='ocrx_word' id='word_1_350' title='bbox 68 2535 154 2609; x_wconf 86' lang='lat' dir='ltr'>(quia</span> <span class='ocrx_word' id='word_1_351' title='bbox 170 2534 310 2592; x_wconf 89' lang='lat' dir='ltr'>iudicant</span> <span class='ocrx_word' id='word_1_352' title='bbox 324 2534 415 2591; x_wconf 89' lang='lat' dir='ltr'>nohis</span> <span class='ocrx_word' id='word_1_353' title='bbox 426 2534 502 2608; x_wconf 89' lang='lat' dir='ltr'>quid</span> <span class='ocrx_word' id='word_1_354' title='bbox 516 2534 600 2591; x_wconf 90' lang='lat' dir='ltr'>Deus</span> <span class='ocrx_word' id='word_1_355' title='bbox 622 2534 696 2592; x_wconf 86' lang='lat' dir='ltr'>velit</span> <span class='ocrx_word' id='word_1_356' title='bbox 721 2540 757 2592; x_wconf 91' lang='lat' dir='ltr'>ut</span> <span class='ocrx_word' id='word_1_357' title='bbox 781 2535 835 2592; x_wconf 87' lang='lat' dir='ltr'>tlat</span> <span class='ocrx_word' id='word_1_358' title='bbox 849 2535 897 2593; x_wconf 84' lang='lat' dir='ltr'>vel</span> <span class='ocrx_word' id='word_1_359' title='bbox 951 2536 1017 2594; x_wconf 89' lang='lat' dir='ltr'>sine</span> <span class='ocrx_word' id='word_1_360' title='bbox 1031 2551 1124 2592; x_wconf 86' lang='lat' dir='ltr'>causa</span> <span class='ocrx_word' id='word_1_361' title='bbox 1137 2535 1215 2593; x_wconf 91' lang='lat' dir='ltr'>nibil</span> <span class='ocrx_word' id='word_1_362' title='bbox 1237 2535 1306 2593; x_wconf 90' lang='lat' dir='ltr'>vult</span> <span class='ocrx_word' id='word_1_363' title='bbox 1329 2552 1404 2607; x_wconf 87' lang='lat' dir='ltr'>esse,</span> <span class='ocrx_word' id='word_1_364' title='bbox 1421 2537 1520 2593; x_wconf 89' lang='lat' dir='ltr'>noluit</span> <span class='ocrx_word' id='word_1_365' title='bbox 1545 2552 1581 2593; x_wconf 87' lang='lat' dir='ltr'>aa</span> <span class='ocrx_word' id='word_1_366' title='bbox 1606 2552 1681 2592; x_wconf 88' lang='lat' dir='ltr'>asse.</span> <span class='ocrx_word' id='word_1_367' title='bbox 1699 2536 1777 2592; x_wconf 89' lang='lat' dir='ltr'>Item</span> 
     </span>
     <span class='ocr_line' id='line_1_27' title="bbox 67 2623 1775 2698; baseline 0.001 -19"><span class='ocrx_word' id='word_1_368' title='bbox 67 2639 129 2681; x_wconf 89' lang='lat' dir='ltr'>uon</span> <span class='ocrx_word' id='word_1_369' title='bbox 142 2623 210 2695; x_wconf 86' lang='lat' dir='ltr'>flat)</span> <span class='ocrx_word' id='word_1_370' title='bbox 227 2624 372 2681; x_wconf 84' lang='lat' dir='ltr'>voluntas</span> <span class='ocrx_word' id='word_1_371' title='bbox 387 2625 597 2682; x_wconf 88' lang='lat' dir='ltr'>nominantur.</span> <span class='ocrx_word' id='word_1_372' title='bbox 612 2625 657 2680; x_wconf 93' lang='lat' dir='ltr'>De</span> <span class='ocrx_word' id='word_1_373' title='bbox 672 2641 734 2697; x_wconf 89' lang='lat' dir='ltr'>qua</span> <span class='ocrx_word' id='word_1_374' title='bbox 745 2625 897 2681; x_wconf 89' lang='lat' dir='ltr'>Dominus</span> <span class='ocrx_word' id='word_1_375' title='bbox 950 2640 1019 2682; x_wconf 91' lang='lat' dir='ltr'>oum</span> <span class='ocrx_word' id='word_1_376' title='bbox 1034 2624 1145 2681; x_wconf 81' lang='lat' dir='ltr'>viderit</span> <span class='ocrx_word' id='word_1_377' title='bbox 1159 2624 1220 2679; x_wconf 90' lang='lat' dir='ltr'>alia</span> <span class='ocrx_word' id='word_1_378' title='bbox 1229 2641 1298 2698; x_wconf 77' lang='lat' dir='ltr'>quas</span> <span class='ocrx_word' id='word_1_379' title='bbox 1312 2624 1345 2680; x_wconf 90' lang='lat' dir='ltr'>in</span> <span class='ocrx_word' id='word_1_380' title='bbox 1359 2640 1392 2681; x_wconf 93' lang='lat' dir='ltr'>se</span> <span class='ocrx_word' id='word_1_381' title='bbox 1405 2624 1487 2682; x_wconf 85' lang='lat' dir='ltr'>mala</span> <span class='ocrx_word' id='word_1_382' title='bbox 1500 2629 1529 2681; x_wconf 90' lang='lat' dir='ltr'>et</span> <span class='ocrx_word' id='word_1_383' title='bbox 1539 2625 1578 2680; x_wconf 86' lang='lat' dir='ltr'>ad</span> <span class='ocrx_word' id='word_1_384' title='bbox 1588 2624 1672 2680; x_wconf 91' lang='lat' dir='ltr'>aliud</span> <span class='ocrx_word' id='word_1_385' title='bbox 1683 2625 1775 2693; x_wconf 90' lang='lat' dir='ltr'>bona,</span> 
     </span>
     <span class='ocr_line' id='line_1_28' title="bbox 66 2711 1776 2785; baseline -0.002 -14"><span class='ocrx_word' id='word_1_386' title='bbox 66 2715 100 2771; x_wconf 92' lang='lat' dir='ltr'>in</span> <span class='ocrx_word' id='word_1_387' title='bbox 114 2711 284 2785; x_wconf 83' lang='lat' dir='ltr'>Evangelio</span> <span class='ocrx_word' id='word_1_388' title='bbox 300 2729 306 2768; x_wconf 95' lang='lat'><strong>:</strong></span> <span class='ocrx_word' id='word_1_389' title='bbox 322 2714 401 2769; x_wconf 76' lang='lat' dir='ltr'>Fiat</span> <span class='ocrx_word' id='word_1_390' title='bbox 415 2719 568 2770; x_wconf 81' lang='lat' dir='ltr'>vetantur</span> <span class='ocrx_word' id='word_1_391' title='bbox 586 2719 645 2770; x_wconf 84' lang='lat' dir='ltr'>tua</span> <span class='ocrx_word' id='word_1_392' title='bbox 665 2717 752 2772; x_wconf 83' lang='lat' dir='ltr'>sicut</span> <span class='ocrx_word' id='word_1_393' title='bbox 767 2717 804 2770; x_wconf 84' lang='lat' dir='ltr'>in</span> <span class='ocrx_word' id='word_1_394' title='bbox 819 2717 897 2771; x_wconf 86' lang='lat' dir='ltr'>coelo</span> <span class='ocrx_word' id='word_1_395' title='bbox 951 2715 1048 2771; x_wconf 88' lang='lat' dir='ltr'>voluit</span> <span class='ocrx_word' id='word_1_396' title='bbox 1063 2730 1098 2769; x_wconf 88' lang='lat' dir='ltr'>ea</span> <span class='ocrx_word' id='word_1_397' title='bbox 1121 2729 1196 2771; x_wconf 89' lang='lat' dir='ltr'>esse.</span> <span class='ocrx_word' id='word_1_398' title='bbox 1212 2713 1291 2780; x_wconf 88' lang='lat' dir='ltr'>Quid</span> <span class='ocrx_word' id='word_1_399' title='bbox 1310 2715 1392 2771; x_wconf 89' lang='lat' dir='ltr'>enim</span> <span class='ocrx_word' id='word_1_400' title='bbox 1408 2715 1517 2771; x_wconf 89' lang='lat' dir='ltr'>melius</span> <span class='ocrx_word' id='word_1_401' title='bbox 1535 2718 1581 2771; x_wconf 91' lang='lat' dir='ltr'>est</span> <span class='ocrx_word' id='word_1_402' title='bbox 1596 2730 1671 2784; x_wconf 90' lang='lat' dir='ltr'>esse,</span> <span class='ocrx_word' id='word_1_403' title='bbox 1685 2729 1725 2770; x_wconf 88' lang='lat' dir='ltr'>an</span> <span class='ocrx_word' id='word_1_404' title='bbox 1740 2728 1776 2769; x_wconf 89' lang='lat' dir='ltr'>ea</span> 
     </span>
     <span class='ocr_line' id='line_1_29' title="bbox 67 2802 1779 2876; baseline -0.001 -15"><span class='ocrx_word' id='word_1_405' title='bbox 67 2809 99 2861; x_wconf 79' lang='lat' dir='ltr'>et</span> <span class='ocrx_word' id='word_1_406' title='bbox 112 2805 152 2859; x_wconf 82' lang='lat' dir='ltr'>in</span> <span class='ocrx_word' id='word_1_407' title='bbox 168 2809 260 2861; x_wconf 84' lang='lat' dir='ltr'>terra</span> <span class='ocrx_word' id='word_1_408' title='bbox 276 2804 403 2876; x_wconf 75' lang='lat' dir='ltr'>(Mettis.</span> <span class='ocrx_word' id='word_1_409' title='bbox 419 2802 474 2875; x_wconf 86' lang='lat' dir='ltr'>vr).</span> <span class='ocrx_word' id='word_1_410' title='bbox 488 2804 527 2860; x_wconf 85' lang='lat' dir='ltr'>Et</span> <span class='ocrx_word' id='word_1_411' title='bbox 548 2804 643 2860; x_wconf 89' lang='lat' dir='ltr'>alibi:</span> <span class='ocrx_word' id='word_1_412' title='bbox 660 2806 722 2867; x_wconf 74' lang='lat' dir='ltr'>eat·</span> <span class='ocrx_word' id='word_1_413' title='bbox 740 2804 824 2875; x_wconf 76' lang='lat' dir='ltr'>facit</span> <span class='ocrx_word' id='word_1_414' title='bbox 846 2819 895 2861; x_wconf 85' lang='lat' dir='ltr'>vo·</span> <span class='ocrx_word' id='word_1_415' title='bbox 951 2820 1019 2876; x_wconf 76' lang='lat' dir='ltr'>quse</span> <span class='ocrx_word' id='word_1_416' title='bbox 1035 2807 1107 2860; x_wconf 90' lang='lat' dir='ltr'>suut</span> <span class='ocrx_word' id='word_1_417' title='bbox 1120 2803 1202 2860; x_wconf 90' lang='lat' dir='ltr'>bona</span> <span class='ocrx_word' id='word_1_418' title='bbox 1227 2804 1260 2860; x_wconf 89' lang='lat' dir='ltr'>in</span> <span class='ocrx_word' id='word_1_419' title='bbox 1285 2820 1327 2873; x_wconf 89' lang='lat' dir='ltr'>se,</span> <span class='ocrx_word' id='word_1_420' title='bbox 1342 2808 1475 2873; x_wconf 89' lang='lat' dir='ltr'>tantum,</span> <span class='ocrx_word' id='word_1_421' title='bbox 1492 2819 1532 2859; x_wconf 87' lang='lat' dir='ltr'>an</span> <span class='ocrx_word' id='word_1_422' title='bbox 1556 2819 1593 2859; x_wconf 91' lang='lat' dir='ltr'>ea</span> <span class='ocrx_word' id='word_1_423' title='bbox 1616 2818 1685 2875; x_wconf 82' lang='lat' dir='ltr'>qum</span> <span class='ocrx_word' id='word_1_424' title='bbox 1706 2806 1737 2858; x_wconf 92' lang='lat' dir='ltr'>et</span> <span class='ocrx_word' id='word_1_425' title='bbox 1750 2803 1779 2859; x_wconf 91' lang='lat' dir='ltr'>si</span> 
     </span>
     <span class='ocr_line' id='line_1_30' title="bbox 68 2887 1777 2963; baseline -0.001 -15"><span class='ocrx_word' id='word_1_426' title='bbox 68 2895 237 2948; x_wconf 72' lang='lat' dir='ltr'>teutatem</span> <span class='ocrx_word' id='word_1_427' title='bbox 259 2892 372 2948; x_wconf 84' lang='lat' dir='ltr'>Patris</span> <span class='ocrx_word' id='word_1_428' title='bbox 398 2894 463 2947; x_wconf 82' lang='lat' dir='ltr'>mei</span> <span class='ocrx_word' id='word_1_429' title='bbox 484 2895 543 2962; x_wconf 77' lang='lat' dir='ltr'>qui</span> <span class='ocrx_word' id='word_1_430' title='bbox 566 2895 603 2947; x_wconf 83' lang='lat' dir='ltr'>in</span> <span class='ocrx_word' id='word_1_431' title='bbox 631 2894 721 2948; x_wconf 84' lang='lat' dir='ltr'>coetis</span> <span class='ocrx_word' id='word_1_432' title='bbox 746 2898 804 2962; x_wconf 88' lang='lat' dir='ltr'>est,</span> <span class='ocrx_word' id='word_1_433' title='bbox 829 2894 897 2963; x_wconf 82' lang='lat' dir='ltr'>ipse</span> <span class='ocrx_word' id='word_1_434' title='bbox 951 2909 1014 2950; x_wconf 89' lang='lat' dir='ltr'>nou</span> <span class='ocrx_word' id='word_1_435' title='bbox 1028 2896 1101 2948; x_wconf 86' lang='lat' dir='ltr'>sunt</span> <span class='ocrx_word' id='word_1_436' title='bbox 1115 2893 1240 2948; x_wconf 86' lang='lat' dir='ltr'>bauain</span> <span class='ocrx_word' id='word_1_437' title='bbox 1256 2909 1297 2962; x_wconf 89' lang='lat' dir='ltr'>se,</span> <span class='ocrx_word' id='word_1_438' title='bbox 1315 2891 1468 2949; x_wconf 85' lang='lat' dir='ltr'>taruenad</span> <span class='ocrx_word' id='word_1_439' title='bbox 1489 2890 1574 2947; x_wconf 88' lang='lat' dir='ltr'>aliud</span> <span class='ocrx_word' id='word_1_440' title='bbox 1588 2894 1662 2946; x_wconf 91' lang='lat' dir='ltr'>sunt</span> <span class='ocrx_word' id='word_1_441' title='bbox 1676 2887 1777 2947; x_wconf 80' lang='lat' dir='ltr'>bonai</span> 
     </span>
     <span class='ocr_line' id='line_1_31' title="bbox 65 2979 1777 3054; baseline -0.001 -16"><span class='ocrx_word' id='word_1_442' title='bbox 65 2980 178 3050; x_wconf 75' lang='lat' dir='ltr'>frater</span> <span class='ocrx_word' id='word_1_443' title='bbox 192 2996 285 3038; x_wconf 82' lang='lat' dir='ltr'>meus</span> <span class='ocrx_word' id='word_1_444' title='bbox 307 2987 338 3037; x_wconf 85' lang='lat' dir='ltr'>et</span> <span class='ocrx_word' id='word_1_445' title='bbox 361 2996 454 3038; x_wconf 81' lang='lat' dir='ltr'>soror</span> <span class='ocrx_word' id='word_1_446' title='bbox 476 2987 523 3038; x_wconf 82' lang='lat' dir='ltr'>est</span> <span class='ocrx_word' id='word_1_447' title='bbox 542 2982 669 3053; x_wconf 73' lang='lat' dir='ltr'>lustru.</span> <span class='ocrx_word' id='word_1_448' title='bbox 693 2983 760 3047; x_wconf 68' lang='grc' dir='ltr'>ιιι).</span> <span class='ocrx_word' id='word_1_449' title='bbox 783 2981 898 3039; x_wconf 83' lang='lat' dir='ltr'>Contra</span> <span class='ocrx_word' id='word_1_450' title='bbox 951 2982 995 3040; x_wconf 74' lang='lat' dir='ltr'>lla</span> <span class='ocrx_word' id='word_1_451' title='bbox 1009 2982 1116 3053; x_wconf 87' lang='lat' dir='ltr'>utique</span> <span class='ocrx_word' id='word_1_452' title='bbox 1137 2997 1207 3054; x_wconf 82' lang='lat' dir='ltr'>quas</span> <span class='ocrx_word' id='word_1_453' title='bbox 1232 2981 1271 3037; x_wconf 89' lang='lat' dir='ltr'>ad</span> <span class='ocrx_word' id='word_1_454' title='bbox 1286 2981 1370 3037; x_wconf 88' lang='lat' dir='ltr'>aliud</span> <span class='ocrx_word' id='word_1_455' title='bbox 1385 2984 1458 3036; x_wconf 90' lang='lat' dir='ltr'>sunt</span> <span class='ocrx_word' id='word_1_456' title='bbox 1481 2980 1573 3038; x_wconf 89' lang='lat' dir='ltr'>hona.</span> <span class='ocrx_word' id='word_1_457' title='bbox 1589 2979 1660 3036; x_wconf 91' lang='lat' dir='ltr'>Non</span> <span class='ocrx_word' id='word_1_458' title='bbox 1674 2983 1777 3037; x_wconf 86' lang='lat' dir='ltr'>tamon</span> 
     </span>
     <span class='ocr_line' id='line_1_32' title="bbox 66 3067 1779 3142; baseline -0.002 -15"><span class='ocrx_word' id='word_1_459' title='bbox 66 3069 152 3127; x_wconf 84' lang='lat' dir='ltr'>bane</span> <span class='ocrx_word' id='word_1_460' title='bbox 165 3067 354 3126; x_wconf 79' lang='lat' dir='ltr'>voluntatem</span> <span class='ocrx_word' id='word_1_461' title='bbox 365 3069 763 3140; x_wconf 85' lang='lat' dir='ltr'>multasrunt.Augustinus</span> <span class='ocrx_word' id='word_1_462' title='bbox 774 3070 807 3125; x_wconf 92' lang='lat' dir='ltr'>tn</span> <span class='ocrx_word' id='word_1_463' title='bbox 816 3069 897 3127; x_wconf 88' lang='lat' dir='ltr'>libro</span> <span class='ocrx_word' id='word_1_464' title='bbox 914 3086 938 3142; x_wconf 79' lang='lat' dir='ltr'>c</span> <span class='ocrx_word' id='word_1_465' title='bbox 951 3071 1145 3129; x_wconf 80' lang='lat' dir='ltr'>concedimus</span> <span class='ocrx_word' id='word_1_466' title='bbox 1160 3071 1186 3128; x_wconf 91' lang='lat' dir='ltr'>si</span> <span class='ocrx_word' id='word_1_467' title='bbox 1201 3071 1268 3127; x_wconf 86' lang='lat' dir='ltr'>vult</span> <span class='ocrx_word' id='word_1_468' title='bbox 1282 3086 1317 3128; x_wconf 82' lang='lat' dir='ltr'>ea</span> <span class='ocrx_word' id='word_1_469' title='bbox 1331 3069 1492 3142; x_wconf 87' lang='lat' dir='ltr'>essequod</span> <span class='ocrx_word' id='word_1_470' title='bbox 1512 3073 1542 3125; x_wconf 90' lang='lat' dir='ltr'>et</span> <span class='ocrx_word' id='word_1_471' title='bbox 1565 3067 1632 3125; x_wconf 80' lang='lat' dir='ltr'>vult</span> <span class='ocrx_word' id='word_1_472' title='bbox 1646 3084 1702 3139; x_wconf 86' lang='lat' dir='ltr'>ea;</span> <span class='ocrx_word' id='word_1_473' title='bbox 1724 3082 1779 3124; x_wconf 89' lang='lat' dir='ltr'>nee</span> 
     </span>
     <span class='ocr_line' id='line_1_33' title="bbox 66 3157 1777 3231; baseline -0.002 -15"><span class='ocrx_word' id='word_1_474' title='bbox 66 3158 112 3216; x_wconf 85' lang='lat' dir='ltr'>De</span> <span class='ocrx_word' id='word_1_475' title='bbox 136 3157 253 3230; x_wconf 88' lang='lat' dir='ltr'>spiritu</span> <span class='ocrx_word' id='word_1_476' title='bbox 272 3162 302 3214; x_wconf 92' lang='lat' dir='ltr'>st</span> <span class='ocrx_word' id='word_1_477' title='bbox 322 3157 426 3214; x_wconf 89' lang='lat' dir='ltr'>littera</span> <span class='ocrx_word' id='word_1_478' title='bbox 446 3175 453 3213; x_wconf 91' lang='lat'>:</span> <span class='ocrx_word' id='word_1_479' title='bbox 479 3157 621 3215; x_wconf 87' lang='lat' dir='ltr'>Infideles</span> <span class='ocrx_word' id='word_1_480' title='bbox 645 3158 768 3230; x_wconf 86' lang='lat' dir='ltr'>quidem</span> <span class='ocrx_word' id='word_1_481' title='bbox 793 3162 900 3215; x_wconf 88' lang='lat' dir='ltr'>contra</span> <span class='ocrx_word' id='word_1_482' title='bbox 952 3159 1039 3230; x_wconf 88' lang='lat' dir='ltr'>illud,</span> <span class='ocrx_word' id='word_1_483' title='bbox 1054 3160 1081 3216; x_wconf 87' lang='lat' dir='ltr'>si</span> <span class='ocrx_word' id='word_1_484' title='bbox 1096 3164 1169 3216; x_wconf 89' lang='lat' dir='ltr'>sunt</span> <span class='ocrx_word' id='word_1_485' title='bbox 1177 3160 1260 3216; x_wconf 90' lang='lat' dir='ltr'>bona</span> <span class='ocrx_word' id='word_1_486' title='bbox 1269 3159 1309 3216; x_wconf 93' lang='lat' dir='ltr'>ad</span> <span class='ocrx_word' id='word_1_487' title='bbox 1322 3159 1417 3229; x_wconf 89' lang='lat' dir='ltr'>aliud,</span> <span class='ocrx_word' id='word_1_488' title='bbox 1428 3157 1510 3231; x_wconf 87' lang='lat' dir='ltr'>quod</span> <span class='ocrx_word' id='word_1_489' title='bbox 1519 3161 1592 3215; x_wconf 89' lang='lat' dir='ltr'>tuno</span> <span class='ocrx_word' id='word_1_490' title='bbox 1602 3161 1675 3215; x_wconf 91' lang='lat' dir='ltr'>sunt</span> <span class='ocrx_word' id='word_1_491' title='bbox 1684 3157 1777 3213; x_wconf 92' lang='lat' dir='ltr'>bona.</span> 
     </span>
     <span class='ocr_line' id='line_1_34' title="bbox 65 3244 1778 3321; baseline -0.001 -18"><span class='ocrx_word' id='word_1_492' title='bbox 65 3245 263 3303; x_wconf 75' lang='lat' dir='ltr'>volunmtem</span> <span class='ocrx_word' id='word_1_493' title='bbox 276 3244 333 3303; x_wconf 90' lang='lat' dir='ltr'>Dei</span> <span class='ocrx_word' id='word_1_494' title='bbox 346 3246 558 3316; x_wconf 86' lang='lat' dir='ltr'>iaciunt,cum</span> <span class='ocrx_word' id='word_1_495' title='bbox 573 3247 639 3320; x_wconf 86' lang='lat' dir='ltr'>ejus</span> <span class='ocrx_word' id='word_1_496' title='bbox 654 3245 821 3318; x_wconf 84' lang='lat' dir='ltr'>Evangelio</span> <span class='ocrx_word' id='word_1_497' title='bbox 837 3262 898 3304; x_wconf 90' lang='lat' dir='ltr'>uon</span> <span class='ocrx_word' id='word_1_498' title='bbox 952 3248 1030 3307; x_wconf 85' lang='lat' dir='ltr'>Cum</span> <span class='ocrx_word' id='word_1_499' title='bbox 1053 3249 1159 3314; x_wconf 81' lang='lat' dir='ltr'>itauue</span> <span class='ocrx_word' id='word_1_500' title='bbox 1187 3248 1300 3320; x_wconf 89' lang='lat' dir='ltr'>aliquis</span> <span class='ocrx_word' id='word_1_501' title='bbox 1326 3251 1441 3321; x_wconf 85' lang='lat' dir='ltr'>peccat,</span> <span class='ocrx_word' id='word_1_502' title='bbox 1460 3250 1567 3303; x_wconf 86' lang='lat' dir='ltr'>eontra</span> <span class='ocrx_word' id='word_1_503' title='bbox 1588 3245 1778 3302; x_wconf 87' lang='lat' dir='ltr'>voluntatem</span> 
     </span>
     <span class='ocr_line' id='line_1_35' title="bbox 68 3332 1780 3410; baseline -0.001 -18"><span class='ocrx_word' id='word_1_504' title='bbox 68 3335 211 3392; x_wconf 88' lang='lat' dir='ltr'>credunt.</span> <span class='ocrx_word' id='word_1_505' title='bbox 224 3332 310 3392; x_wconf 89' lang='lat' dir='ltr'>Sicut</span> <span class='ocrx_word' id='word_1_506' title='bbox 323 3335 486 3408; x_wconf 80' lang='lat' dir='ltr'>praeceptio</span> <span class='ocrx_word' id='word_1_507' title='bbox 501 3340 531 3391; x_wconf 90' lang='lat' dir='ltr'>et</span> <span class='ocrx_word' id='word_1_508' title='bbox 542 3335 710 3407; x_wconf 91' lang='lat' dir='ltr'>probibitio</span> <span class='ocrx_word' id='word_1_509' title='bbox 723 3336 811 3407; x_wconf 91' lang='lat' dir='ltr'>signa</span> <span class='ocrx_word' id='word_1_510' title='bbox 825 3339 900 3393; x_wconf 87' lang='lat' dir='ltr'>sunt</span> <span class='ocrx_word' id='word_1_511' title='bbox 952 3338 1009 3395; x_wconf 91' lang='lat' dir='ltr'>Dei</span> <span class='ocrx_word' id='word_1_512' title='bbox 1022 3338 1114 3401; x_wconf 72' lang='lat' dir='ltr'>iacit,</span> <span class='ocrx_word' id='word_1_513' title='bbox 1131 3337 1205 3410; x_wconf 88' lang='lat' dir='ltr'>quin</span> <span class='ocrx_word' id='word_1_514' title='bbox 1226 3341 1333 3394; x_wconf 91' lang='lat' dir='ltr'>contra</span> <span class='ocrx_word' id='word_1_515' title='bbox 1354 3341 1542 3410; x_wconf 71' lang='lat' dir='ltr'>preceptum</span> <span class='ocrx_word' id='word_1_516' title='bbox 1566 3335 1643 3408; x_wconf 87' lang='lat' dir='ltr'>ejus,</span> <span class='ocrx_word' id='word_1_517' title='bbox 1659 3339 1688 3391; x_wconf 90' lang='lat' dir='ltr'>et</span> <span class='ocrx_word' id='word_1_518' title='bbox 1706 3335 1780 3408; x_wconf 88' lang='lat' dir='ltr'>quta</span> 
     </span>
     <span class='ocr_line' id='line_1_36' title="bbox 65 3422 1780 3499; baseline 0.001 -20"><span class='ocrx_word' id='word_1_519' title='bbox 65 3423 239 3481; x_wconf 80' lang='lat' dir='ltr'>voluntatis</span> <span class='ocrx_word' id='word_1_520' title='bbox 251 3423 375 3494; x_wconf 81' lang='lat' dir='ltr'>divinas,</span> <span class='ocrx_word' id='word_1_521' title='bbox 388 3424 434 3480; x_wconf 88' lang='lat' dir='ltr'>ita</span> <span class='ocrx_word' id='word_1_522' title='bbox 448 3429 479 3480; x_wconf 86' lang='lat' dir='ltr'>et</span> <span class='ocrx_word' id='word_1_523' title='bbox 493 3424 630 3497; x_wconf 91' lang='lat' dir='ltr'>operatio</span> <span class='ocrx_word' id='word_1_524' title='bbox 646 3428 677 3480; x_wconf 86' lang='lat' dir='ltr'>et</span> <span class='ocrx_word' id='word_1_525' title='bbox 691 3425 855 3498; x_wconf 88' lang='lat' dir='ltr'>permissio</span> <span class='ocrx_word' id='word_1_526' title='bbox 870 3429 900 3482; x_wconf 89' lang='lat' dir='ltr'>et</span> <span class='ocrx_word' id='word_1_527' title='bbox 952 3442 1015 3483; x_wconf 93' lang='lat' dir='ltr'>non</span> <span class='ocrx_word' id='word_1_528' title='bbox 1031 3427 1097 3483; x_wconf 89' lang='lat' dir='ltr'>vult</span> <span class='ocrx_word' id='word_1_529' title='bbox 1112 3427 1195 3482; x_wconf 85' lang='lat' dir='ltr'>Deus</span> <span class='ocrx_word' id='word_1_530' title='bbox 1216 3426 1299 3499; x_wconf 82' lang='lat' dir='ltr'>quod</span> <span class='ocrx_word' id='word_1_531' title='bbox 1320 3426 1413 3495; x_wconf 82' lang='lat' dir='ltr'>iacit3</span> <span class='ocrx_word' id='word_1_532' title='bbox 1428 3429 1458 3481; x_wconf 90' lang='lat' dir='ltr'>et</span> <span class='ocrx_word' id='word_1_533' title='bbox 1480 3430 1584 3481; x_wconf 87' lang='lat' dir='ltr'>tamen</span> <span class='ocrx_word' id='word_1_534' title='bbox 1602 3424 1677 3481; x_wconf 85' lang='lat' dir='ltr'>tacit</span> <span class='ocrx_word' id='word_1_535' title='bbox 1697 3422 1780 3496; x_wconf 84' lang='lat' dir='ltr'>quod</span> 
     </span>
     <span class='ocr_line' id='line_1_37' title="bbox 66 3511 1775 3587; baseline -0.001 -17"><span class='ocrx_word' id='word_1_536' title='bbox 66 3513 135 3571; x_wconf 85' lang='lat' dir='ltr'>ideo</span> <span class='ocrx_word' id='word_1_537' title='bbox 144 3515 179 3571; x_wconf 90' lang='lat' dir='ltr'>in</span> <span class='ocrx_word' id='word_1_538' title='bbox 189 3514 344 3587; x_wconf 89' lang='lat' dir='ltr'>scriptura</span> <span class='ocrx_word' id='word_1_539' title='bbox 353 3529 439 3570; x_wconf 88' lang='lat' dir='ltr'>sacra</span> <span class='ocrx_word' id='word_1_540' title='bbox 454 3529 534 3586; x_wconf 83' lang='lat' dir='ltr'>saepe</span> <span class='ocrx_word' id='word_1_541' title='bbox 552 3513 899 3586; x_wconf 83' lang='lat' dir='ltr'>appellanturuoluntas</span> <span class='ocrx_word' id='word_1_542' title='bbox 952 3515 1020 3573; x_wconf 86' lang='lat' dir='ltr'>vult</span> <span class='ocrx_word' id='word_1_543' title='bbox 1031 3532 1106 3573; x_wconf 88' lang='lat' dir='ltr'>esse.</span> <span class='ocrx_word' id='word_1_544' title='bbox 1121 3516 1213 3572; x_wconf 88' lang='lat' dir='ltr'>Verbi</span> <span class='ocrx_word' id='word_1_545' title='bbox 1226 3516 1326 3587; x_wconf 87' lang='lat' dir='ltr'>gratia</span> <span class='ocrx_word' id='word_1_546' title='bbox 1342 3531 1348 3570; x_wconf 78' lang='grc' dir='ltr'>ε</span> <span class='ocrx_word' id='word_1_547' title='bbox 1364 3514 1382 3570; x_wconf 88' lang='lat' dir='ltr'>J</span> <span class='ocrx_word' id='word_1_548' title='bbox 1386 3514 1463 3571; x_wconf 73' lang='lat' dir='ltr'>udrai</span> <span class='ocrx_word' id='word_1_549' title='bbox 1486 3513 1642 3571; x_wconf 88' lang='lat' dir='ltr'>Christum</span> <span class='ocrx_word' id='word_1_550' title='bbox 1660 3511 1775 3569; x_wconf 87' lang='lat' dir='ltr'>crucitl·</span> 
     </span>
     <span class='ocr_line' id='line_1_38' title="bbox 67 3600 1780 3676; baseline -0.002 -16"><span class='ocrx_word' id='word_1_551' title='bbox 67 3602 135 3660; x_wconf 86' lang='lat' dir='ltr'>Dei.</span> <span class='ocrx_word' id='word_1_552' title='bbox 147 3601 238 3660; x_wconf 84' lang='lat' dir='ltr'>Unde</span> <span class='ocrx_word' id='word_1_553' title='bbox 246 3601 491 3676; x_wconf 89' lang='lat' dir='ltr'>illudApostoli:</span> <span class='ocrx_word' id='word_1_554' title='bbox 509 3605 584 3658; x_wconf 84' lang='lat' dir='ltr'>Vult</span> <span class='ocrx_word' id='word_1_555' title='bbox 592 3606 816 3660; x_wconf 82' lang='lat' dir='ltr'>omnesratoos</span> <span class='ocrx_word' id='word_1_556' title='bbox 824 3605 899 3676; x_wconf 78' lang='lat' dir='ltr'>fieri</span> <span class='ocrx_word' id='word_1_557' title='bbox 953 3609 1074 3675; x_wconf 80' lang='lat' dir='ltr'>xerunt,</span> <span class='ocrx_word' id='word_1_558' title='bbox 1099 3604 1263 3661; x_wconf 86' lang='lat' dir='ltr'>occidendo</span> <span class='ocrx_word' id='word_1_559' title='bbox 1287 3607 1394 3659; x_wconf 88' lang='lat' dir='ltr'>contra</span> <span class='ocrx_word' id='word_1_560' title='bbox 1413 3601 1604 3657; x_wconf 87' lang='lat' dir='ltr'>voluntatem</span> <span class='ocrx_word' id='word_1_561' title='bbox 1627 3600 1685 3656; x_wconf 91' lang='lat' dir='ltr'>Dei</span> <span class='ocrx_word' id='word_1_562' title='bbox 1707 3600 1780 3657; x_wconf 78' lang='lat' dir='ltr'>lece</span> 
     </span>
     <span class='ocr_line' id='line_1_39' title="bbox 68 3688 1777 3764; baseline -0.004 -16"><span class='ocrx_word' id='word_1_563' title='bbox 68 3692 98 3759; x_wconf 87' lang='lat' dir='ltr'>(l</span> <span class='ocrx_word' id='word_1_564' title='bbox 114 3693 198 3748; x_wconf 81' lang='lat' dir='ltr'>Tim.</span> <span class='ocrx_word' id='word_1_565' title='bbox 209 3690 257 3762; x_wconf 87' lang='lat'>11).</span> <span class='ocrx_word' id='word_1_566' title='bbox 267 3689 357 3757; x_wconf 81' lang='lat' dir='ltr'>Quod</span> <span class='ocrx_word' id='word_1_567' title='bbox 369 3691 415 3747; x_wconf 89' lang='lat' dir='ltr'>ita</span> <span class='ocrx_word' id='word_1_568' title='bbox 427 3692 553 3764; x_wconf 83' lang='lat' dir='ltr'>exponit</span> <span class='ocrx_word' id='word_1_569' title='bbox 568 3692 761 3763; x_wconf 83' lang='lat' dir='ltr'>Augustinus</span> <span class='ocrx_word' id='word_1_570' title='bbox 772 3693 805 3748; x_wconf 92' lang='lat' dir='ltr'>in</span> <span class='ocrx_word' id='word_1_571' title='bbox 820 3693 899 3750; x_wconf 90' lang='lat' dir='ltr'>libro</span> <span class='ocrx_word' id='word_1_572' title='bbox 954 3698 1043 3763; x_wconf 79' lang='lat' dir='ltr'>ruut3</span> <span class='ocrx_word' id='word_1_573' title='bbox 1057 3698 1088 3750; x_wconf 90' lang='lat' dir='ltr'>et</span> <span class='ocrx_word' id='word_1_574' title='bbox 1103 3697 1205 3750; x_wconf 88' lang='lat' dir='ltr'>tamen</span> <span class='ocrx_word' id='word_1_575' title='bbox 1220 3691 1342 3748; x_wconf 85' lang='lat' dir='ltr'>volebat</span> <span class='ocrx_word' id='word_1_576' title='bbox 1365 3689 1448 3747; x_wconf 86' lang='lat' dir='ltr'>Deus</span> <span class='ocrx_word' id='word_1_577' title='bbox 1471 3688 1548 3745; x_wconf 87' lang='lat' dir='ltr'>illud</span> <span class='ocrx_word' id='word_1_578' title='bbox 1571 3688 1686 3745; x_wconf 89' lang='lat' dir='ltr'>malum</span> <span class='ocrx_word' id='word_1_579' title='bbox 1701 3701 1777 3759; x_wconf 87' lang='lat' dir='ltr'>esse,</span> 
     </span>
     <span class='ocr_line' id='line_1_40' title="bbox 65 3777 1316 3855; baseline -0.002 -17"><span class='ocrx_word' id='word_1_580' title='bbox 65 3780 111 3838; x_wconf 88' lang='lat' dir='ltr'>De</span> <span class='ocrx_word' id='word_1_581' title='bbox 135 3777 328 3838; x_wconf 82' lang='lat' dir='ltr'>&#39;corrections</span> <span class='ocrx_word' id='word_1_582' title='bbox 356 3784 387 3837; x_wconf 91' lang='lat' dir='ltr'>et</span> <span class='ocrx_word' id='word_1_583' title='bbox 411 3782 520 3852; x_wconf 88' lang='lat' dir='ltr'>gratia.</span> <span class='ocrx_word' id='word_1_584' title='bbox 552 3783 626 3837; x_wconf 83' lang='lat' dir='ltr'>Vult</span> <span class='ocrx_word' id='word_1_585' title='bbox 650 3797 761 3837; x_wconf 78' lang='lat' dir='ltr'>earnes</span> <span class='ocrx_word' id='word_1_586' title='bbox 792 3786 899 3839; x_wconf 82' lang='lat' dir='ltr'>salvor</span> <span class='ocrx_word' id='word_1_587' title='bbox 954 3781 1077 3855; x_wconf 86' lang='lat' dir='ltr'>quiaad</span> <span class='ocrx_word' id='word_1_588' title='bbox 1092 3781 1176 3838; x_wconf 91' lang='lat' dir='ltr'>aliud</span> <span class='ocrx_word' id='word_1_589' title='bbox 1190 3782 1316 3837; x_wconf 91' lang='lat' dir='ltr'>bonnm.</span> 
     </span>
    </p>

    <p class='ocr_par' dir='ltr' id='par_1_4' title="bbox 63 3865 1842 5900">
     <span class='ocr_line' id='line_1_41' title="bbox 64 3865 1779 3944; baseline -0.001 -18"><span class='ocrx_word' id='word_1_590' title='bbox 64 3870 140 3941; x_wconf 73' lang='lat' dir='ltr'>fieri</span> <span class='ocrx_word' id='word_1_591' title='bbox 152 3886 163 3940; x_wconf 64' lang='grc' dir='ltr'><strong><em>ς</em></strong></span> <span class='ocrx_word' id='word_1_592' title='bbox 176 3869 211 3926; x_wconf 91' lang='lat' dir='ltr'>id</span> <span class='ocrx_word' id='word_1_593' title='bbox 232 3873 279 3926; x_wconf 90' lang='lat' dir='ltr'>est</span> <span class='ocrx_word' id='word_1_594' title='bbox 292 3884 349 3926; x_wconf 91' lang='lat' dir='ltr'>uos</span> <span class='ocrx_word' id='word_1_595' title='bbox 373 3869 448 3926; x_wconf 86' lang='lat' dir='ltr'>lacit</span> <span class='ocrx_word' id='word_1_596' title='bbox 466 3870 552 3926; x_wconf 90' lang='lat' dir='ltr'>velle.</span> <span class='ocrx_word' id='word_1_597' title='bbox 574 3869 649 3927; x_wconf 81' lang='lat' dir='ltr'>Ecce</span> <span class='ocrx_word' id='word_1_598' title='bbox 663 3869 747 3942; x_wconf 83' lang='lat' dir='ltr'>quod</span> <span class='ocrx_word' id='word_1_599' title='bbox 761 3870 814 3926; x_wconf 84' lang='lat' dir='ltr'>illa</span> <span class='ocrx_word' id='word_1_600' title='bbox 829 3887 899 3944; x_wconf 83' lang='lat' dir='ltr'>quae</span> <span class='ocrx_word' id='word_1_601' title='bbox 988 3870 1093 3927; x_wconf 86' lang='lat' dir='ltr'>Solent</span> <span class='ocrx_word' id='word_1_602' title='bbox 1106 3870 1231 3943; x_wconf 80' lang='lat' dir='ltr'>quidam</span> <span class='ocrx_word' id='word_1_603' title='bbox 1246 3871 1290 3927; x_wconf 92' lang='lat' dir='ltr'>sic</span> <span class='ocrx_word' id='word_1_604' title='bbox 1301 3882 1463 3943; x_wconf 89' lang='lat' dir='ltr'>opponere.</span> <span class='ocrx_word' id='word_1_605' title='bbox 1476 3866 1580 3924; x_wconf 89' lang='lat' dir='ltr'>Voluit</span> <span class='ocrx_word' id='word_1_606' title='bbox 1594 3865 1678 3924; x_wconf 84' lang='lat' dir='ltr'>Deus</span> <span class='ocrx_word' id='word_1_607' title='bbox 1687 3865 1779 3924; x_wconf 84' lang='lat' dir='ltr'>Pater</span> 
     </span>
     <span class='ocr_line' id='line_1_42' title="bbox 64 3955 1777 4032; baseline -0.001 -18"><span class='ocrx_word' id='word_1_608' title='bbox 64 3960 213 4032; x_wconf 83' lang='lat' dir='ltr'>operatur</span> <span class='ocrx_word' id='word_1_609' title='bbox 226 3958 260 4014; x_wconf 90' lang='lat' dir='ltr'>in</span> <span class='ocrx_word' id='word_1_610' title='bbox 276 3957 365 4014; x_wconf 88' lang='lat' dir='ltr'>nobis</span> <span class='ocrx_word' id='word_1_611' title='bbox 380 3957 524 4014; x_wconf 86' lang='lat' dir='ltr'>voluntas</span> <span class='ocrx_word' id='word_1_612' title='bbox 539 3958 596 4025; x_wconf 88' lang='lat' dir='ltr'>Dei</span> <span class='ocrx_word' id='word_1_613' title='bbox 610 3960 799 4016; x_wconf 89' lang='lat' dir='ltr'>nominatur.</span> <span class='ocrx_word' id='word_1_614' title='bbox 814 3959 901 4016; x_wconf 87' lang='lat' dir='ltr'>Simi·</span> <span class='ocrx_word' id='word_1_615' title='bbox 953 3959 1111 4016; x_wconf 87' lang='lat' dir='ltr'>Christum</span> <span class='ocrx_word' id='word_1_616' title='bbox 1133 3959 1198 4032; x_wconf 87' lang='lat' dir='ltr'>pati</span> <span class='ocrx_word' id='word_1_617' title='bbox 1223 3964 1253 4015; x_wconf 90' lang='lat' dir='ltr'>at</span> <span class='ocrx_word' id='word_1_618' title='bbox 1281 3960 1375 4027; x_wconf 73' lang='lat' dir='ltr'>mori,</span> <span class='ocrx_word' id='word_1_619' title='bbox 1400 3972 1471 4028; x_wconf 90' lang='lat' dir='ltr'>ergo</span> <span class='ocrx_word' id='word_1_620' title='bbox 1496 3957 1593 4014; x_wconf 89' lang='lat' dir='ltr'>voluit</span> <span class='ocrx_word' id='word_1_621' title='bbox 1617 3959 1652 4012; x_wconf 90' lang='lat' dir='ltr'>ut</span> <span class='ocrx_word' id='word_1_622' title='bbox 1677 3955 1777 4013; x_wconf 80' lang='lat' dir='ltr'>Jndmi</span> 
     </span>
     <span class='ocr_line' id='line_1_43' title="bbox 63 4044 1780 4121; baseline -0.003 -16"><span class='ocrx_word' id='word_1_623' title='bbox 63 4048 134 4105; x_wconf 88' lang='lat' dir='ltr'>liter</span> <span class='ocrx_word' id='word_1_624' title='bbox 157 4052 190 4104; x_wconf 90' lang='lat' dir='ltr'>et</span> <span class='ocrx_word' id='word_1_625' title='bbox 213 4049 386 4121; x_wconf 79' lang='lat' dir='ltr'>permissis.</span> <span class='ocrx_word' id='word_1_626' title='bbox 413 4048 501 4105; x_wconf 89' lang='lat' dir='ltr'>Unde</span> <span class='ocrx_word' id='word_1_627' title='bbox 524 4047 601 4104; x_wconf 84' lang='lat' dir='ltr'>illud</span> <span class='ocrx_word' id='word_1_628' title='bbox 615 4048 775 4120; x_wconf 87' lang='lat' dir='ltr'>Apostoli:</span> <span class='ocrx_word' id='word_1_629' title='bbox 800 4053 922 4111; x_wconf 79' lang='lat' dir='ltr'>Quem·</span> <span class='ocrx_word' id='word_1_630' title='bbox 954 4048 1142 4121; x_wconf 86' lang='lat' dir='ltr'>flagellarent</span> <span class='ocrx_word' id='word_1_631' title='bbox 1166 4052 1196 4104; x_wconf 92' lang='lat' dir='ltr'>et</span> <span class='ocrx_word' id='word_1_632' title='bbox 1219 4047 1389 4103; x_wconf 84' lang='lat' dir='ltr'>occiderent</span> <span class='ocrx_word' id='word_1_633' title='bbox 1413 4061 1482 4102; x_wconf 87' lang='lat' dir='ltr'>eum</span> <span class='ocrx_word' id='word_1_634' title='bbox 1499 4062 1506 4101; x_wconf 89' lang='lat'>:</span> <span class='ocrx_word' id='word_1_635' title='bbox 1523 4049 1553 4102; x_wconf 90' lang='lat' dir='ltr'>et</span> <span class='ocrx_word' id='word_1_636' title='bbox 1573 4045 1617 4102; x_wconf 86' lang='lat' dir='ltr'>ita</span> <span class='ocrx_word' id='word_1_637' title='bbox 1641 4044 1780 4101; x_wconf 84' lang='lat' dir='ltr'>iecerunt</span> 
     </span>
     <span class='ocr_line' id='line_1_44' title="bbox 64 4133 1778 4211; baseline 0 -19"><span class='ocrx_word' id='word_1_638' title='bbox 64 4141 134 4195; x_wconf 80' lang='lat' dir='ltr'>vult</span> <span class='ocrx_word' id='word_1_639' title='bbox 148 4139 294 4193; x_wconf 78' lang='lat' dir='ltr'>indurat</span> <span class='ocrx_word' id='word_1_640' title='bbox 304 4138 404 4209; x_wconf 79' lang='lat' dir='ltr'>(Rom.</span> <span class='ocrx_word' id='word_1_641' title='bbox 416 4137 473 4208; x_wconf 84' lang='lat' dir='ltr'>rx).</span> <span class='ocrx_word' id='word_1_642' title='bbox 485 4138 525 4192; x_wconf 81' lang='lat' dir='ltr'>ut</span> <span class='ocrx_word' id='word_1_643' title='bbox 536 4138 730 4208; x_wconf 76' lang='lat' dir='ltr'>Augustinus</span> <span class='ocrx_word' id='word_1_644' title='bbox 745 4139 777 4194; x_wconf 91' lang='lat' dir='ltr'>in</span> <span class='ocrx_word' id='word_1_645' title='bbox 789 4140 899 4196; x_wconf 80' lang='lat' dir='ltr'>Enchi·</span> <span class='ocrx_word' id='word_1_646' title='bbox 954 4138 1037 4211; x_wconf 90' lang='lat' dir='ltr'>quod</span> <span class='ocrx_word' id='word_1_647' title='bbox 1051 4137 1173 4195; x_wconf 73' lang='lat' dir='ltr'>volebat</span> <span class='ocrx_word' id='word_1_648' title='bbox 1184 4137 1277 4193; x_wconf 89' lang='lat' dir='ltr'>Deus.</span> <span class='ocrx_word' id='word_1_649' title='bbox 1294 4135 1381 4203; x_wconf 86' lang='lat' dir='ltr'>Quod</span> <span class='ocrx_word' id='word_1_650' title='bbox 1405 4150 1466 4191; x_wconf 92' lang='lat' dir='ltr'>non</span> <span class='ocrx_word' id='word_1_651' title='bbox 1486 4139 1532 4191; x_wconf 90' lang='lat' dir='ltr'>est</span> <span class='ocrx_word' id='word_1_652' title='bbox 1546 4135 1590 4192; x_wconf 86' lang='lat' dir='ltr'>ita</span> <span class='ocrx_word' id='word_1_653' title='bbox 1615 4133 1778 4192; x_wconf 88' lang='lat' dir='ltr'>conceden-</span> 
     </span>
     <span class='ocr_line' id='line_1_45' title="bbox 64 4223 1780 4299; baseline -0.001 -17"><span class='ocrx_word' id='word_1_654' title='bbox 64 4226 141 4282; x_wconf 82' lang='lat' dir='ltr'>ridio</span> <span class='ocrx_word' id='word_1_655' title='bbox 157 4242 164 4281; x_wconf 94' lang='lat'><strong>:</strong></span> <span class='ocrx_word' id='word_1_656' title='bbox 181 4223 253 4282; x_wconf 86' lang='lat' dir='ltr'>Nou</span> <span class='ocrx_word' id='word_1_657' title='bbox 266 4225 300 4281; x_wconf 88' lang='lat' dir='ltr'>iit</span> <span class='ocrx_word' id='word_1_658' title='bbox 310 4223 430 4297; x_wconf 84' lang='lat' dir='ltr'>aliquid</span> <span class='ocrx_word' id='word_1_659' title='bbox 445 4226 505 4282; x_wconf 89' lang='lat' dir='ltr'>nisi</span> <span class='ocrx_word' id='word_1_660' title='bbox 519 4225 713 4298; x_wconf 89' lang='lat' dir='ltr'>omnipotens</span> <span class='ocrx_word' id='word_1_661' title='bbox 729 4228 803 4284; x_wconf 79' lang='lat' dir='ltr'>velit</span> <span class='ocrx_word' id='word_1_662' title='bbox 818 4229 898 4299; x_wconf 81' lang='lat' dir='ltr'>tieri;</span> <span class='ocrx_word' id='word_1_663' title='bbox 953 4228 1027 4285; x_wconf 91' lang='lat' dir='ltr'>dum</span> <span class='ocrx_word' id='word_1_664' title='bbox 1036 4243 1044 4297; x_wconf 84' lang='lat'>;</span> <span class='ocrx_word' id='word_1_665' title='bbox 1060 4227 1133 4298; x_wconf 84' lang='lat' dir='ltr'>quia</span> <span class='ocrx_word' id='word_1_666' title='bbox 1154 4242 1223 4282; x_wconf 88' lang='lat' dir='ltr'>eum</span> <span class='ocrx_word' id='word_1_667' title='bbox 1245 4230 1332 4282; x_wconf 89' lang='lat' dir='ltr'>actus</span> <span class='ocrx_word' id='word_1_668' title='bbox 1353 4230 1433 4281; x_wconf 89' lang='lat' dir='ltr'>esset</span> <span class='ocrx_word' id='word_1_669' title='bbox 1448 4224 1548 4280; x_wconf 89' lang='lat' dir='ltr'>malus</span> <span class='ocrx_word' id='word_1_670' title='bbox 1567 4223 1701 4293; x_wconf 89' lang='lat' dir='ltr'>illorum,</span> <span class='ocrx_word' id='word_1_671' title='bbox 1717 4237 1780 4280; x_wconf 90' lang='lat' dir='ltr'>nou</span> 
     </span>
     <span class='ocr_line' id='line_1_46' title="bbox 63 4311 1779 4390; baseline -0.001 -21"><span class='ocrx_word' id='word_1_672' title='bbox 63 4315 110 4371; x_wconf 79' lang='lat' dir='ltr'>rel</span> <span class='ocrx_word' id='word_1_673' title='bbox 119 4313 254 4371; x_wconf 90' lang='lat' dir='ltr'>sinendo</span> <span class='ocrx_word' id='word_1_674' title='bbox 265 4320 301 4370; x_wconf 91' lang='lat' dir='ltr'>ut</span> <span class='ocrx_word' id='word_1_675' title='bbox 312 4315 377 4384; x_wconf 82' lang='lat' dir='ltr'>frat,</span> <span class='ocrx_word' id='word_1_676' title='bbox 386 4315 507 4388; x_wconf 86' lang='lat' dir='ltr'>velipse</span> <span class='ocrx_word' id='word_1_677' title='bbox 518 4315 667 4371; x_wconf 79' lang='lat' dir='ltr'>iaciendo.</span> <span class='ocrx_word' id='word_1_678' title='bbox 681 4316 747 4372; x_wconf 90' lang='lat' dir='ltr'>Nan</span> <span class='ocrx_word' id='word_1_679' title='bbox 761 4317 901 4374; x_wconf 80' lang='lat' dir='ltr'>‹lnhitan</span> <span class='ocrx_word' id='word_1_680' title='bbox 954 4316 1092 4390; x_wconf 85' lang='lat' dir='ltr'>placebat</span> <span class='ocrx_word' id='word_1_681' title='bbox 1102 4315 1227 4387; x_wconf 86' lang='lat' dir='ltr'>Deoqui</span> <span class='ocrx_word' id='word_1_682' title='bbox 1237 4315 1355 4370; x_wconf 90' lang='lat' dir='ltr'>nullum</span> <span class='ocrx_word' id='word_1_683' title='bbox 1366 4312 1482 4369; x_wconf 86' lang='lat' dir='ltr'>malum</span> <span class='ocrx_word' id='word_1_684' title='bbox 1492 4311 1639 4380; x_wconf 84' lang='lat' dir='ltr'>vnlt‚etsi</span> <span class='ocrx_word' id='word_1_685' title='bbox 1647 4311 1779 4383; x_wconf 87' lang='lat' dir='ltr'>placeret</span> 
     </span>
     <span class='ocr_line' id='line_1_47' title="bbox 64 4400 1819 4491; baseline 0.001 -33"><span class='ocrx_word' id='word_1_686' title='bbox 64 4402 136 4458; x_wconf 88' lang='lat' dir='ltr'>dum</span> <span class='ocrx_word' id='word_1_687' title='bbox 151 4407 200 4459; x_wconf 88' lang='lat' dir='ltr'>est</span> <span class='ocrx_word' id='word_1_688' title='bbox 215 4402 316 4459; x_wconf 88' lang='lat' dir='ltr'>Deum</span> <span class='ocrx_word' id='word_1_689' title='bbox 339 4403 536 4472; x_wconf 83' lang='lat' dir='ltr'>benefacere;</span> <span class='ocrx_word' id='word_1_690' title='bbox 561 4404 654 4460; x_wconf 88' lang='lat' dir='ltr'>etiam</span> <span class='ocrx_word' id='word_1_691' title='bbox 679 4404 807 4462; x_wconf 89' lang='lat' dir='ltr'>sinendo</span> <span class='ocrx_word' id='word_1_692' title='bbox 832 4407 897 4464; x_wconf 87' lang='lat' dir='ltr'>fieri</span> <span class='ocrx_word' id='word_1_693' title='bbox 911 4436 939 4491; x_wconf 81' lang='lat' dir='ltr'><strong>D</strong></span> <span class='ocrx_word' id='word_1_694' title='bbox 955 4405 1019 4462; x_wconf 84' lang='lat' dir='ltr'>Deo</span> <span class='ocrx_word' id='word_1_695' title='bbox 1031 4409 1066 4460; x_wconf 91' lang='lat' dir='ltr'>ut</span> <span class='ocrx_word' id='word_1_696' title='bbox 1081 4409 1161 4460; x_wconf 87' lang='lat' dir='ltr'>esset</span> <span class='ocrx_word' id='word_1_697' title='bbox 1173 4408 1259 4459; x_wconf 87' lang='lat' dir='ltr'>actus</span> <span class='ocrx_word' id='word_1_698' title='bbox 1271 4403 1331 4460; x_wconf 91' lang='lat' dir='ltr'>ille.</span> <span class='ocrx_word' id='word_1_699' title='bbox 1349 4403 1396 4458; x_wconf 87' lang='lat' dir='ltr'>Ita</span> <span class='ocrx_word' id='word_1_700' title='bbox 1407 4402 1488 4457; x_wconf 88' lang='lat' dir='ltr'>euim</span> <span class='ocrx_word' id='word_1_701' title='bbox 1499 4400 1597 4457; x_wconf 87' lang='lat' dir='ltr'>solent</span> <span class='ocrx_word' id='word_1_702' title='bbox 1607 4400 1701 4473; x_wconf 86' lang='lat' dir='ltr'>accipi</span> <span class='ocrx_word' id='word_1_703' title='bbox 1713 4401 1777 4457; x_wconf 81' lang='lat' dir='ltr'>haec</span> <span class='ocrx_word' id='word_1_704' title='bbox 1817 4457 1819 4460; x_wconf 86' lang='grc'><em>,</em></span> 
     </span>
     <span class='ocr_line' id='line_1_48' title="bbox 64 4486 1780 4567; baseline -0.002 -20"><span class='ocrx_word' id='word_1_705' title='bbox 64 4491 901 4567; x_wconf 72' lang='lat' dir='ltr'>quacunquefiuntmalauonenimhaenisijustoju.</span> <span class='ocrx_word' id='word_1_706' title='bbox 953 4495 1046 4550; x_wconf 83' lang='lat' dir='ltr'>verba</span> <span class='ocrx_word' id='word_1_707' title='bbox 1063 4511 1069 4548; x_wconf 90' lang='lat'>:</span> <span class='ocrx_word' id='word_1_708' title='bbox 1084 4493 1144 4549; x_wconf 91' lang='lat' dir='ltr'>Ista</span> <span class='ocrx_word' id='word_1_709' title='bbox 1159 4492 1327 4563; x_wconf 71' lang='lat' dir='ltr'>sarcitquorl</span> <span class='ocrx_word' id='word_1_710' title='bbox 1351 4491 1417 4546; x_wconf 88' lang='lat' dir='ltr'>vult</span> <span class='ocrx_word' id='word_1_711' title='bbox 1441 4491 1540 4558; x_wconf 87' lang='lat' dir='ltr'>Deus;</span> <span class='ocrx_word' id='word_1_712' title='bbox 1566 4490 1598 4544; x_wconf 89' lang='lat' dir='ltr'>id</span> <span class='ocrx_word' id='word_1_713' title='bbox 1623 4492 1670 4544; x_wconf 89' lang='lat' dir='ltr'>est</span> <span class='ocrx_word' id='word_1_714' title='bbox 1696 4486 1780 4560; x_wconf 84' lang='lat' dir='ltr'>quod</span> 
     </span>
     <span class='ocr_line' id='line_1_49' title="bbox 63 4577 1777 4655; baseline -0.001 -20"><span class='ocrx_word' id='word_1_715' title='bbox 63 4579 245 4649; x_wconf 73' lang='lat' dir='ltr'>dirissimi,</span> <span class='ocrx_word' id='word_1_716' title='bbox 261 4581 435 4653; x_wconf 86' lang='lat' dir='ltr'>etprolecto</span> <span class='ocrx_word' id='word_1_717' title='bbox 447 4580 564 4636; x_wconf 85' lang='lat' dir='ltr'>honam</span> <span class='ocrx_word' id='word_1_718' title='bbox 580 4584 625 4636; x_wconf 89' lang='lat' dir='ltr'>est</span> <span class='ocrx_word' id='word_1_719' title='bbox 641 4596 731 4637; x_wconf 90' lang='lat' dir='ltr'>omne</span> <span class='ocrx_word' id='word_1_720' title='bbox 743 4582 825 4652; x_wconf 82' lang='lat' dir='ltr'>qtrod</span> <span class='ocrx_word' id='word_1_721' title='bbox 838 4585 900 4655; x_wconf 87' lang='lat' dir='ltr'>jus·</span> <span class='ocrx_word' id='word_1_722' title='bbox 954 4582 1028 4638; x_wconf 88' lang='lat' dir='ltr'>lacit</span> <span class='ocrx_word' id='word_1_723' title='bbox 1041 4587 1224 4648; x_wconf 88' lang='lat' dir='ltr'>remunerat,</span> <span class='ocrx_word' id='word_1_724' title='bbox 1239 4586 1361 4652; x_wconf 85' lang='lat' dir='ltr'>gratum</span> <span class='ocrx_word' id='word_1_725' title='bbox 1374 4580 1475 4635; x_wconf 82' lang='lat' dir='ltr'>habet.</span> <span class='ocrx_word' id='word_1_726' title='bbox 1489 4580 1575 4636; x_wconf 86' lang='lat' dir='ltr'>Patet</span> <span class='ocrx_word' id='word_1_727' title='bbox 1586 4579 1679 4650; x_wconf 88' lang='lat' dir='ltr'>igitur</span> <span class='ocrx_word' id='word_1_728' title='bbox 1694 4577 1777 4650; x_wconf 86' lang='lat' dir='ltr'>quod</span> 
     </span>
     <span class='ocr_line' id='line_1_50' title="bbox 65 4666 1776 4742; baseline 0.001 -20"><span class='ocrx_word' id='word_1_729' title='bbox 65 4674 130 4724; x_wconf 91' lang='lat' dir='ltr'>tum</span> <span class='ocrx_word' id='word_1_730' title='bbox 144 4673 203 4725; x_wconf 87' lang='lat' dir='ltr'>est.</span> <span class='ocrx_word' id='word_1_731' title='bbox 224 4668 384 4725; x_wconf 85' lang='lat' dir='ltr'>Habemus</span> <span class='ocrx_word' id='word_1_732' title='bbox 395 4670 501 4742; x_wconf 86' lang='lat' dir='ltr'>itaque</span> <span class='ocrx_word' id='word_1_733' title='bbox 525 4674 659 4742; x_wconf 84' lang='lat' dir='ltr'>quatuor</span> <span class='ocrx_word' id='word_1_734' title='bbox 681 4671 771 4741; x_wconf 81' lang='lat' dir='ltr'>signa</span> <span class='ocrx_word' id='word_1_735' title='bbox 784 4672 899 4728; x_wconf 78' lang='lat' dir='ltr'>divinos</span> <span class='ocrx_word' id='word_1_736' title='bbox 954 4671 1038 4727; x_wconf 89' lang='lat' dir='ltr'>Deus</span> <span class='ocrx_word' id='word_1_737' title='bbox 1052 4670 1119 4725; x_wconf 84' lang='lat' dir='ltr'>vult</span> <span class='ocrx_word' id='word_1_738' title='bbox 1129 4670 1244 4725; x_wconf 80' lang='lat' dir='ltr'>uratum</span> <span class='ocrx_word' id='word_1_739' title='bbox 1255 4685 1330 4738; x_wconf 85' lang='lat' dir='ltr'>esse,</span> <span class='ocrx_word' id='word_1_740' title='bbox 1342 4672 1372 4724; x_wconf 91' lang='lat' dir='ltr'>et</span> <span class='ocrx_word' id='word_1_741' title='bbox 1384 4672 1486 4723; x_wconf 89' lang='lat' dir='ltr'>tamen</span> <span class='ocrx_word' id='word_1_742' title='bbox 1499 4684 1559 4723; x_wconf 90' lang='lat' dir='ltr'>uon</span> <span class='ocrx_word' id='word_1_743' title='bbox 1572 4666 1639 4723; x_wconf 89' lang='lat' dir='ltr'>vult</span> <span class='ocrx_word' id='word_1_744' title='bbox 1649 4667 1776 4735; x_wconf 69' lang='lat' dir='ltr'>malmin</span> 
     </span>
     <span class='ocr_line' id='line_1_51' title="bbox 65 4755 1776 4833; baseline 0.001 -22"><span class='ocrx_word' id='word_1_745' title='bbox 65 4756 247 4815; x_wconf 76' lang='lat' dir='ltr'>voluntatis.</span> <span class='ocrx_word' id='word_1_746' title='bbox 263 4757 337 4815; x_wconf 75' lang='lat' dir='ltr'>Haec</span> <span class='ocrx_word' id='word_1_747' title='bbox 349 4762 425 4814; x_wconf 90' lang='lat' dir='ltr'>sunt</span> <span class='ocrx_word' id='word_1_748' title='bbox 444 4761 619 4833; x_wconf 86' lang='lat' dir='ltr'>praeceptio,</span> <span class='ocrx_word' id='word_1_749' title='bbox 633 4759 813 4832; x_wconf 90' lang='lat' dir='ltr'>prohibitio,</span> <span class='ocrx_word' id='word_1_750' title='bbox 830 4775 898 4832; x_wconf 90' lang='lat' dir='ltr'>ope·</span> <span class='ocrx_word' id='word_1_751' title='bbox 955 4775 1009 4815; x_wconf 88' lang='lat' dir='ltr'>uec</span> <span class='ocrx_word' id='word_1_752' title='bbox 1023 4761 1089 4815; x_wconf 92' lang='lat' dir='ltr'>vult</span> <span class='ocrx_word' id='word_1_753' title='bbox 1104 4763 1139 4814; x_wconf 88' lang='lat' dir='ltr'>ut</span> <span class='ocrx_word' id='word_1_754' title='bbox 1154 4758 1266 4830; x_wconf 87' lang='lat' dir='ltr'>aliquis</span> <span class='ocrx_word' id='word_1_755' title='bbox 1281 4759 1374 4814; x_wconf 64' lang='lat' dir='ltr'>sarciat</span> <span class='ocrx_word' id='word_1_756' title='bbox 1399 4758 1525 4824; x_wconf 89' lang='lat' dir='ltr'>malum,</span> <span class='ocrx_word' id='word_1_757' title='bbox 1539 4757 1614 4828; x_wconf 77' lang='lat' dir='ltr'>quin</span> <span class='ocrx_word' id='word_1_758' title='bbox 1628 4755 1700 4812; x_wconf 77' lang='lat' dir='ltr'>tnta</span> <span class='ocrx_word' id='word_1_759' title='bbox 1715 4771 1776 4812; x_wconf 88' lang='lat' dir='ltr'>uon</span> 
     </span>
     <span class='ocr_line' id='line_1_52' title="bbox 66 4846 1780 4919; baseline 0 -18"><span class='ocrx_word' id='word_1_760' title='bbox 66 4846 156 4916; x_wconf 87' lang='lat' dir='ltr'>ratio,</span> <span class='ocrx_word' id='word_1_761' title='bbox 170 4846 333 4919; x_wconf 88' lang='lat' dir='ltr'>permissio</span> <span class='ocrx_word' id='word_1_762' title='bbox 338 4863 348 4916; x_wconf 74' lang='lat'><em>3</em></span> <span class='ocrx_word' id='word_1_763' title='bbox 361 4862 431 4903; x_wconf 89' lang='lat' dir='ltr'>cum</span> <span class='ocrx_word' id='word_1_764' title='bbox 447 4851 550 4904; x_wconf 90' lang='lat' dir='ltr'>tamen</span> <span class='ocrx_word' id='word_1_765' title='bbox 564 4847 620 4904; x_wconf 92' lang='lat' dir='ltr'>Dei</span> <span class='ocrx_word' id='word_1_766' title='bbox 632 4847 777 4904; x_wconf 80' lang='lat' dir='ltr'>voluntas</span> <span class='ocrx_word' id='word_1_767' title='bbox 792 4864 855 4904; x_wconf 89' lang='lat' dir='ltr'>una</span> <span class='ocrx_word' id='word_1_768' title='bbox 869 4852 900 4904; x_wconf 91' lang='lat' dir='ltr'>et</span> <span class='ocrx_word' id='word_1_769' title='bbox 954 4851 1138 4917; x_wconf 86' lang='lat' dir='ltr'>remunerat,</span> <span class='ocrx_word' id='word_1_770' title='bbox 1152 4849 1214 4904; x_wconf 91' lang='lat' dir='ltr'>imo</span> <span class='ocrx_word' id='word_1_771' title='bbox 1229 4847 1319 4919; x_wconf 89' lang='lat' dir='ltr'>punit</span> <span class='ocrx_word' id='word_1_772' title='bbox 1326 4863 1335 4916; x_wconf 87' lang='lat'>;</span> <span class='ocrx_word' id='word_1_773' title='bbox 1351 4846 1404 4902; x_wconf 90' lang='lat' dir='ltr'>sed</span> <span class='ocrx_word' id='word_1_774' title='bbox 1413 4846 1527 4902; x_wconf 91' lang='lat' dir='ltr'>bonum</span> <span class='ocrx_word' id='word_1_775' title='bbox 1539 4846 1606 4901; x_wconf 84' lang='lat' dir='ltr'>vult</span> <span class='ocrx_word' id='word_1_776' title='bbox 1616 4850 1731 4914; x_wconf 88' lang='lat' dir='ltr'>esse,et</span> <span class='ocrx_word' id='word_1_777' title='bbox 1746 4848 1780 4900; x_wconf 93' lang='lat' dir='ltr'>ut</span> 
     </span>
     <span class='ocr_line' id='line_1_53' title="bbox 66 4933 1780 5009; baseline 0.001 -19"><span class='ocrx_word' id='word_1_778' title='bbox 66 4933 273 4992; x_wconf 88' lang='lat' dir='ltr'>immutabilis</span> <span class='ocrx_word' id='word_1_779' title='bbox 286 4941 475 5009; x_wconf 86' lang='lat' dir='ltr'>permaneat.</span> <span class='ocrx_word' id='word_1_780' title='bbox 497 4935 598 5002; x_wconf 88' lang='lat' dir='ltr'>Quare</span> <span class='ocrx_word' id='word_1_781' title='bbox 612 4936 777 5008; x_wconf 81' lang='lat' dir='ltr'>diligenter</span> <span class='ocrx_word' id='word_1_782' title='bbox 791 4941 839 4993; x_wconf 89' lang='lat' dir='ltr'>est</span> <span class='ocrx_word' id='word_1_783' title='bbox 851 4936 898 4992; x_wconf 92' lang='lat' dir='ltr'>in·</span> <span class='ocrx_word' id='word_1_784' title='bbox 954 4937 1093 4995; x_wconf 88' lang='lat' dir='ltr'>homines</span> <span class='ocrx_word' id='word_1_785' title='bbox 1107 4937 1184 4993; x_wconf 89' lang='lat' dir='ltr'>illud</span> <span class='ocrx_word' id='word_1_786' title='bbox 1198 4936 1323 5005; x_wconf 85' lang='lat' dir='ltr'>iaciant,</span> <span class='ocrx_word' id='word_1_787' title='bbox 1341 4935 1415 5007; x_wconf 85' lang='lat' dir='ltr'>quia</span> <span class='ocrx_word' id='word_1_788' title='bbox 1436 4940 1558 5006; x_wconf 85' lang='lat' dir='ltr'>gratum</span> <span class='ocrx_word' id='word_1_789' title='bbox 1584 4935 1677 4991; x_wconf 88' lang='lat' dir='ltr'>habet</span> <span class='ocrx_word' id='word_1_790' title='bbox 1691 4940 1721 4991; x_wconf 91' lang='lat' dir='ltr'>et</span> <span class='ocrx_word' id='word_1_791' title='bbox 1734 4950 1780 4991; x_wconf 89' lang='lat' dir='ltr'>re·</span> 
     </span>
     <span class='ocr_line' id='line_1_54' title="bbox 67 5023 1781 5100; baseline 0.001 -21"><span class='ocrx_word' id='word_1_792' title='bbox 67 5023 217 5081; x_wconf 88' lang='lat' dir='ltr'>tuendum</span> <span class='ocrx_word' id='word_1_793' title='bbox 231 5024 287 5082; x_wconf 90' lang='lat' dir='ltr'>ubi</span> <span class='ocrx_word' id='word_1_794' title='bbox 300 5024 446 5099; x_wconf 89' lang='lat' dir='ltr'>loquatur</span> <span class='ocrx_word' id='word_1_795' title='bbox 468 5025 626 5100; x_wconf 88' lang='lat' dir='ltr'>Scriptura</span> <span class='ocrx_word' id='word_1_796' title='bbox 638 5027 675 5083; x_wconf 90' lang='lat' dir='ltr'>de</span> <span class='ocrx_word' id='word_1_797' title='bbox 689 5028 758 5100; x_wconf 91' lang='lat' dir='ltr'>ipso</span> <span class='ocrx_word' id='word_1_798' title='bbox 776 5027 832 5084; x_wconf 90' lang='lat' dir='ltr'>Dei</span> <span class='ocrx_word' id='word_1_799' title='bbox 847 5027 897 5084; x_wconf 89' lang='lat' dir='ltr'>be·</span> <span class='ocrx_word' id='word_1_800' title='bbox 955 5030 1106 5082; x_wconf 82' lang='lat' dir='ltr'>nrurrerat.</span> <span class='ocrx_word' id='word_1_801' title='bbox 1123 5025 1233 5082; x_wconf 82' lang='lat' dir='ltr'>lithos</span> <span class='ocrx_word' id='word_1_802' title='bbox 1257 5029 1303 5080; x_wconf 89' lang='lat' dir='ltr'>cst</span> <span class='ocrx_word' id='word_1_803' title='bbox 1329 5024 1411 5095; x_wconf 80' lang='lat' dir='ltr'>quod</span> <span class='ocrx_word' id='word_1_804' title='bbox 1437 5025 1630 5095; x_wconf 81' lang='lat' dir='ltr'>Augustinus</span> <span class='ocrx_word' id='word_1_805' title='bbox 1651 5024 1725 5081; x_wconf 86' lang='lat' dir='ltr'>dicit</span> <span class='ocrx_word' id='word_1_806' title='bbox 1748 5024 1781 5080; x_wconf 91' lang='lat' dir='ltr'>iu</span> 
     </span>
     <span class='ocr_line' id='line_1_55' title="bbox 66 5112 1781 5187; baseline 0.001 -17"><span class='ocrx_word' id='word_1_807' title='bbox 66 5112 233 5186; x_wconf 80' lang='lat' dir='ltr'>beplacito,</span> <span class='ocrx_word' id='word_1_808' title='bbox 249 5114 302 5171; x_wconf 89' lang='lat' dir='ltr'>ubi</span> <span class='ocrx_word' id='word_1_809' title='bbox 317 5120 347 5172; x_wconf 90' lang='lat' dir='ltr'>et</span> <span class='ocrx_word' id='word_1_810' title='bbox 361 5114 398 5172; x_wconf 87' lang='lat' dir='ltr'>de</span> <span class='ocrx_word' id='word_1_811' title='bbox 411 5115 499 5187; x_wconf 89' lang='lat' dir='ltr'>signo</span> <span class='ocrx_word' id='word_1_812' title='bbox 515 5114 708 5187; x_wconf 87' lang='lat' dir='ltr'>beneplaciti.</span> <span class='ocrx_word' id='word_1_813' title='bbox 723 5115 801 5172; x_wconf 87' lang='lat' dir='ltr'>Cum</span> <span class='ocrx_word' id='word_1_814' title='bbox 816 5115 898 5173; x_wconf 87' lang='lat' dir='ltr'>enim</span> <span class='ocrx_word' id='word_1_815' title='bbox 955 5114 1131 5172; x_wconf 83' lang='lat' dir='ltr'>Euchiridio</span> <span class='ocrx_word' id='word_1_816' title='bbox 1149 5129 1155 5170; x_wconf 93' lang='lat'>:</span> <span class='ocrx_word' id='word_1_817' title='bbox 1173 5113 1322 5170; x_wconf 89' lang='lat' dir='ltr'>Voluntas</span> <span class='ocrx_word' id='word_1_818' title='bbox 1337 5114 1393 5169; x_wconf 85' lang='lat' dir='ltr'>Dei</span> <span class='ocrx_word' id='word_1_819' title='bbox 1408 5129 1526 5186; x_wconf 90' lang='lat' dir='ltr'>semper</span> <span class='ocrx_word' id='word_1_820' title='bbox 1538 5114 1693 5187; x_wconf 89' lang='lat' dir='ltr'>impletur,</span> <span class='ocrx_word' id='word_1_821' title='bbox 1704 5112 1781 5171; x_wconf 85' lang='lat' dir='ltr'>utde</span> 
     </span>
     <span class='ocr_line' id='line_1_56' title="bbox 67 5201 1781 5275; baseline 0.001 -18"><span class='ocrx_word' id='word_1_822' title='bbox 67 5201 250 5259; x_wconf 87' lang='lat' dir='ltr'>iuvenitur:</span> <span class='ocrx_word' id='word_1_823' title='bbox 271 5202 337 5259; x_wconf 86' lang='lat' dir='ltr'>vult</span> <span class='ocrx_word' id='word_1_824' title='bbox 356 5204 441 5261; x_wconf 90' lang='lat' dir='ltr'>Deus</span> <span class='ocrx_word' id='word_1_825' title='bbox 462 5205 588 5274; x_wconf 90' lang='lat' dir='ltr'>honum,</span> <span class='ocrx_word' id='word_1_826' title='bbox 602 5219 665 5260; x_wconf 91' lang='lat' dir='ltr'>non</span> <span class='ocrx_word' id='word_1_827' title='bbox 683 5203 752 5260; x_wconf 86' lang='lat' dir='ltr'>vult</span> <span class='ocrx_word' id='word_1_828' title='bbox 770 5203 898 5272; x_wconf 78' lang='lat' dir='ltr'>maiorm</span> <span class='ocrx_word' id='word_1_829' title='bbox 955 5203 1045 5260; x_wconf 91' lang='lat' dir='ltr'>nobis</span> <span class='ocrx_word' id='word_1_830' title='bbox 1060 5206 1115 5257; x_wconf 89' lang='lat' dir='ltr'>aut</span> <span class='ocrx_word' id='word_1_831' title='bbox 1135 5203 1266 5258; x_wconf 87' lang='lat' dir='ltr'>anobis.</span> <span class='ocrx_word' id='word_1_832' title='bbox 1283 5202 1329 5259; x_wconf 87' lang='lat' dir='ltr'>De</span> <span class='ocrx_word' id='word_1_833' title='bbox 1354 5202 1443 5259; x_wconf 91' lang='lat' dir='ltr'>nobis</span> <span class='ocrx_word' id='word_1_834' title='bbox 1468 5202 1624 5275; x_wconf 90' lang='lat' dir='ltr'>impletur,</span> <span class='ocrx_word' id='word_1_835' title='bbox 1640 5203 1694 5258; x_wconf 85' lang='lat' dir='ltr'>sed</span> <span class='ocrx_word' id='word_1_836' title='bbox 1719 5216 1781 5258; x_wconf 89' lang='lat' dir='ltr'>nou</span> 
     </span>
     <span class='ocr_line' id='line_1_57' title="bbox 67 5289 1783 5366; baseline -0.001 -20"><span class='ocrx_word' id='word_1_837' title='bbox 67 5291 101 5348; x_wconf 90' lang='lat' dir='ltr'>de</span> <span class='ocrx_word' id='word_1_838' title='bbox 115 5289 312 5363; x_wconf 82' lang='lat' dir='ltr'>beneplacito</span> <span class='ocrx_word' id='word_1_839' title='bbox 337 5290 394 5348; x_wconf 89' lang='lat' dir='ltr'>Dei</span> <span class='ocrx_word' id='word_1_840' title='bbox 416 5293 610 5363; x_wconf 87' lang='lat' dir='ltr'>intelligitur.</span> <span class='ocrx_word' id='word_1_841' title='bbox 627 5291 701 5348; x_wconf 92' lang='lat' dir='ltr'>Vult</span> <span class='ocrx_word' id='word_1_842' title='bbox 726 5292 854 5362; x_wconf 89' lang='lat' dir='ltr'>bonum,</span> <span class='ocrx_word' id='word_1_843' title='bbox 868 5289 900 5346; x_wconf 88' lang='lat' dir='ltr'>id</span> <span class='ocrx_word' id='word_1_844' title='bbox 955 5295 1059 5347; x_wconf 87' lang='lat' dir='ltr'>tamen</span> <span class='ocrx_word' id='word_1_845' title='bbox 1073 5291 1236 5363; x_wconf 89' lang='lat' dir='ltr'>implemus</span> <span class='ocrx_word' id='word_1_846' title='bbox 1248 5308 1315 5347; x_wconf 89' lang='lat' dir='ltr'>eam</span> <span class='ocrx_word' id='word_1_847' title='bbox 1329 5293 1453 5364; x_wconf 86' lang='lat' dir='ltr'>quando</span> <span class='ocrx_word' id='word_1_848' title='bbox 1468 5308 1639 5366; x_wconf 85' lang='lat' dir='ltr'>peccamus.</span> <span class='ocrx_word' id='word_1_849' title='bbox 1652 5291 1679 5348; x_wconf 82' lang='lat' dir='ltr'>A</span> <span class='ocrx_word' id='word_1_850' title='bbox 1693 5289 1783 5346; x_wconf 87' lang='lat' dir='ltr'>nobis</span> 
     </span>
     <span class='ocr_line' id='line_1_58' title="bbox 67 5377 1784 5452; baseline -0.002 -17"><span class='ocrx_word' id='word_1_851' title='bbox 67 5383 112 5435; x_wconf 84' lang='lat' dir='ltr'>est</span> <span class='ocrx_word' id='word_1_852' title='bbox 122 5377 288 5452; x_wconf 86' lang='lat' dir='ltr'>approbat,</span> <span class='ocrx_word' id='word_1_853' title='bbox 300 5378 419 5452; x_wconf 88' lang='lat' dir='ltr'>judicat</span> <span class='ocrx_word' id='word_1_854' title='bbox 435 5381 494 5437; x_wconf 90' lang='lat' dir='ltr'>sibi</span> <span class='ocrx_word' id='word_1_855' title='bbox 516 5380 719 5448; x_wconf 86' lang='lat' dir='ltr'>concordare;</span> <span class='ocrx_word' id='word_1_856' title='bbox 745 5396 808 5435; x_wconf 89' lang='lat' dir='ltr'>non</span> <span class='ocrx_word' id='word_1_857' title='bbox 831 5378 901 5435; x_wconf 84' lang='lat' dir='ltr'>vult</span> <span class='ocrx_word' id='word_1_858' title='bbox 953 5380 1100 5452; x_wconf 87' lang='lat' dir='ltr'>impletur</span> <span class='ocrx_word' id='word_1_859' title='bbox 1115 5380 1239 5452; x_wconf 86' lang='lat' dir='ltr'>qnando</span> <span class='ocrx_word' id='word_1_860' title='bbox 1253 5381 1369 5436; x_wconf 81' lang='lat' dir='ltr'>botrum</span> <span class='ocrx_word' id='word_1_861' title='bbox 1384 5383 1523 5437; x_wconf 85' lang='lat' dir='ltr'>tacimus.</span> <span class='ocrx_word' id='word_1_862' title='bbox 1535 5380 1606 5438; x_wconf 87' lang='lat' dir='ltr'>ideo</span> <span class='ocrx_word' id='word_1_863' title='bbox 1618 5379 1700 5435; x_wconf 89' lang='lat' dir='ltr'>enim</span> <span class='ocrx_word' id='word_1_864' title='bbox 1713 5377 1784 5433; x_wconf 87' lang='lat' dir='ltr'>taci-</span> 
     </span>
     <span class='ocr_line' id='line_1_59' title="bbox 66 5465 1783 5542; baseline 0 -19"><span class='ocrx_word' id='word_1_865' title='bbox 66 5465 159 5536; x_wconf 77' lang='lat' dir='ltr'>mala,</span> <span class='ocrx_word' id='word_1_866' title='bbox 174 5465 208 5523; x_wconf 91' lang='lat' dir='ltr'>id</span> <span class='ocrx_word' id='word_1_867' title='bbox 223 5472 271 5524; x_wconf 88' lang='lat' dir='ltr'>est</span> <span class='ocrx_word' id='word_1_868' title='bbox 284 5484 347 5524; x_wconf 89' lang='lat' dir='ltr'>nou</span> <span class='ocrx_word' id='word_1_869' title='bbox 362 5469 522 5542; x_wconf 87' lang='lat' dir='ltr'>approbat,</span> <span class='ocrx_word' id='word_1_870' title='bbox 538 5484 600 5524; x_wconf 90' lang='lat' dir='ltr'>non</span> <span class='ocrx_word' id='word_1_871' title='bbox 610 5468 729 5541; x_wconf 86' lang='lat' dir='ltr'>judicat</span> <span class='ocrx_word' id='word_1_872' title='bbox 748 5468 797 5522; x_wconf 88' lang='lat' dir='ltr'>sui</span> <span class='ocrx_word' id='word_1_873' title='bbox 815 5467 899 5524; x_wconf 90' lang='lat' dir='ltr'>siml·</span> <span class='ocrx_word' id='word_1_874' title='bbox 914 5469 917 5475; x_wconf 83' lang='lat'><em>&#39;</em></span> <span class='ocrx_word' id='word_1_875' title='bbox 955 5485 1024 5524; x_wconf 84' lang='lat' dir='ltr'>uias</span> <span class='ocrx_word' id='word_1_876' title='bbox 1039 5468 1121 5541; x_wconf 86' lang='lat' dir='ltr'>quod</span> <span class='ocrx_word' id='word_1_877' title='bbox 1136 5471 1199 5525; x_wconf 89' lang='lat' dir='ltr'>Deo</span> <span class='ocrx_word' id='word_1_878' title='bbox 1219 5469 1333 5525; x_wconf 86' lang='lat' dir='ltr'>solmus</span> <span class='ocrx_word' id='word_1_879' title='bbox 1346 5470 1472 5542; x_wconf 84' lang='lat' dir='ltr'>placere.</span> <span class='ocrx_word' id='word_1_880' title='bbox 1489 5468 1692 5539; x_wconf 80' lang='lat' dir='ltr'>Augustinus.</span> <span class='ocrx_word' id='word_1_881' title='bbox 1709 5467 1783 5523; x_wconf 72' lang='lat' dir='ltr'>llaec</span> 
     </span>
     <span class='ocr_line' id='line_1_60' title="bbox 67 5555 1782 5629; baseline 0.001 -19"><span class='ocrx_word' id='word_1_882' title='bbox 67 5555 119 5611; x_wconf 85' lang='lat' dir='ltr'>lia.</span> <span class='ocrx_word' id='word_1_883' title='bbox 137 5555 178 5612; x_wconf 79' lang='lat' dir='ltr'>ut</span> <span class='ocrx_word' id='word_1_884' title='bbox 190 5558 335 5629; x_wconf 86' lang='lat' dir='ltr'>quamvis</span> <span class='ocrx_word' id='word_1_885' title='bbox 354 5573 416 5614; x_wconf 91' lang='lat' dir='ltr'>non</span> <span class='ocrx_word' id='word_1_886' title='bbox 431 5557 499 5614; x_wconf 91' lang='lat' dir='ltr'>vult</span> <span class='ocrx_word' id='word_1_887' title='bbox 512 5557 609 5626; x_wconf 85' lang='lat' dir='ltr'>mala;</span> <span class='ocrx_word' id='word_1_888' title='bbox 621 5560 724 5612; x_wconf 88' lang='lat' dir='ltr'>tamen</span> <span class='ocrx_word' id='word_1_889' title='bbox 738 5556 806 5612; x_wconf 83' lang='lat' dir='ltr'>vult</span> <span class='ocrx_word' id='word_1_890' title='bbox 818 5555 900 5612; x_wconf 86' lang='lat' dir='ltr'>mala</span> <span class='ocrx_word' id='word_1_891' title='bbox 956 5562 1028 5613; x_wconf 89' lang='lat' dir='ltr'>sunt</span> <span class='ocrx_word' id='word_1_892' title='bbox 1051 5573 1174 5629; x_wconf 78' lang='lat' dir='ltr'>rrrnpun</span> <span class='ocrx_word' id='word_1_893' title='bbox 1195 5575 1291 5627; x_wconf 84' lang='lat' dir='ltr'>opera</span> <span class='ocrx_word' id='word_1_894' title='bbox 1313 5561 1445 5616; x_wconf 83' lang='lat' dir='ltr'>Domini</span> <span class='ocrx_word' id='word_1_895' title='bbox 1460 5559 1628 5626; x_wconf 69' lang='lat' dir='ltr'>aequisita</span> <span class='ocrx_word' id='word_1_896' title='bbox 1644 5558 1680 5611; x_wconf 81' lang='lat' dir='ltr'>in</span> <span class='ocrx_word' id='word_1_897' title='bbox 1696 5572 1782 5612; x_wconf 75' lang='lat' dir='ltr'>onzes</span> 
     </span>
     <span class='ocr_line' id='line_1_61' title="bbox 69 5644 1786 5719; baseline -0.001 -20"><span class='ocrx_word' id='word_1_898' title='bbox 69 5644 198 5700; x_wconf 78' lang='lat' dir='ltr'>esseAd</span> <span class='ocrx_word' id='word_1_899' title='bbox 213 5644 296 5717; x_wconf 86' lang='lat' dir='ltr'>quod</span> <span class='ocrx_word' id='word_1_900' title='bbox 306 5646 471 5704; x_wconf 84' lang='lat' dir='ltr'>videndum</span> <span class='ocrx_word' id='word_1_901' title='bbox 485 5645 567 5719; x_wconf 87' lang='lat' dir='ltr'>quod</span> <span class='ocrx_word' id='word_1_902' title='bbox 579 5644 720 5719; x_wconf 72' lang='lat' dir='ltr'>quaedam</span> <span class='ocrx_word' id='word_1_903' title='bbox 734 5649 807 5701; x_wconf 92' lang='lat' dir='ltr'>sunt</span> <span class='ocrx_word' id='word_1_904' title='bbox 818 5645 900 5703; x_wconf 84' lang='lat' dir='ltr'>boun</span> <span class='ocrx_word' id='word_1_905' title='bbox 957 5650 1141 5703; x_wconf 72' lang='lat' dir='ltr'>saturitates</span> <span class='ocrx_word' id='word_1_906' title='bbox 1154 5651 1225 5715; x_wconf 70' lang='lat' dir='ltr'>eires</span> <span class='ocrx_word' id='word_1_907' title='bbox 1240 5649 1341 5718; x_wconf 73' lang='lat' dir='ltr'>(Psoi.</span> <span class='ocrx_word' id='word_1_908' title='bbox 1358 5647 1409 5715; x_wconf 77' lang='lat' dir='ltr'>cx)</span> <span class='ocrx_word' id='word_1_909' title='bbox 1417 5663 1426 5715; x_wconf 87' lang='lat'>;</span> <span class='ocrx_word' id='word_1_910' title='bbox 1441 5650 1470 5701; x_wconf 88' lang='lat' dir='ltr'>et</span> <span class='ocrx_word' id='word_1_911' title='bbox 1485 5651 1547 5700; x_wconf 85' lang='lat' dir='ltr'>tam</span> <span class='ocrx_word' id='word_1_912' title='bbox 1562 5646 1718 5716; x_wconf 82' lang='lat' dir='ltr'>sapienter</span> <span class='ocrx_word' id='word_1_913' title='bbox 1732 5661 1786 5698; x_wconf 73' lang='lat' dir='ltr'>ea·</span> 
     </span>
     <span class='ocr_line' id='line_1_62' title="bbox 67 5733 1808 5810; baseline -0.005 -23"><span class='ocrx_word' id='word_1_914' title='bbox 67 5733 100 5788; x_wconf 93' lang='lat' dir='ltr'>iu</span> <span class='ocrx_word' id='word_1_915' title='bbox 115 5747 151 5789; x_wconf 86' lang='lat' dir='ltr'>se</span> <span class='ocrx_word' id='word_1_916' title='bbox 165 5736 197 5789; x_wconf 84' lang='lat' dir='ltr'>et</span> <span class='ocrx_word' id='word_1_917' title='bbox 211 5733 251 5791; x_wconf 84' lang='lat' dir='ltr'>ad</span> <span class='ocrx_word' id='word_1_918' title='bbox 265 5735 367 5807; x_wconf 87' lang='lat' dir='ltr'>aliud;</span> <span class='ocrx_word' id='word_1_919' title='bbox 383 5740 414 5792; x_wconf 87' lang='lat' dir='ltr'>et</span> <span class='ocrx_word' id='word_1_920' title='bbox 432 5734 576 5810; x_wconf 79' lang='lat' dir='ltr'>quadam</span> <span class='ocrx_word' id='word_1_921' title='bbox 599 5735 681 5791; x_wconf 89' lang='lat' dir='ltr'>bona</span> <span class='ocrx_word' id='word_1_922' title='bbox 703 5733 743 5790; x_wconf 86' lang='lat' dir='ltr'>ad</span> <span class='ocrx_word' id='word_1_923' title='bbox 764 5733 848 5790; x_wconf 86' lang='lat' dir='ltr'>aliud</span> <span class='ocrx_word' id='word_1_924' title='bbox 870 5737 900 5793; x_wconf 85' lang='lat' dir='ltr'>et</span> <span class='ocrx_word' id='word_1_925' title='bbox 955 5736 1070 5807; x_wconf 85' lang='lat' dir='ltr'>quisita</span> <span class='ocrx_word' id='word_1_926' title='bbox 1084 5740 1201 5792; x_wconf 85' lang='lat' dir='ltr'>utcum</span> <span class='ocrx_word' id='word_1_927' title='bbox 1216 5735 1359 5808; x_wconf 79' lang='lat' dir='ltr'>angelica</span> <span class='ocrx_word' id='word_1_928' title='bbox 1371 5735 1728 5792; x_wconf 71' lang='lat' dir='ltr'>ethumauasreatura</span> <span class='ocrx_word' id='word_1_929' title='bbox 1735 5742 1808 5796; x_wconf 67' lang='lat' dir='ltr'>pso·</span> 
     </span>
     <span class='ocr_line' id='line_1_63' title="bbox 70 5811 1842 5900; baseline -0.002 -22"><span class='ocrx_word' id='word_1_930' title='bbox 70 5836 134 5879; x_wconf 86' lang='lat' dir='ltr'>uon</span> <span class='ocrx_word' id='word_1_931' title='bbox 147 5820 182 5879; x_wconf 91' lang='lat' dir='ltr'>lu</span> <span class='ocrx_word' id='word_1_932' title='bbox 192 5836 236 5894; x_wconf 74' lang='lat' dir='ltr'>se,</span> <span class='ocrx_word' id='word_1_933' title='bbox 247 5827 278 5881; x_wconf 91' lang='lat' dir='ltr'>et</span> <span class='ocrx_word' id='word_1_934' title='bbox 291 5823 433 5897; x_wconf 84' lang='lat' dir='ltr'>quaedam</span> <span class='ocrx_word' id='word_1_935' title='bbox 447 5824 529 5882; x_wconf 86' lang='lat' dir='ltr'>hona</span> <span class='ocrx_word' id='word_1_936' title='bbox 544 5824 577 5882; x_wconf 91' lang='lat' dir='ltr'>iu</span> <span class='ocrx_word' id='word_1_937' title='bbox 587 5838 620 5881; x_wconf 87' lang='lat' dir='ltr'>se</span> <span class='ocrx_word' id='word_1_938' title='bbox 631 5826 661 5880; x_wconf 91' lang='lat' dir='ltr'>et</span> <span class='ocrx_word' id='word_1_939' title='bbox 673 5837 735 5882; x_wconf 90' lang='lat' dir='ltr'>non</span> <span class='ocrx_word' id='word_1_940' title='bbox 750 5821 789 5881; x_wconf 91' lang='lat' dir='ltr'>ad</span> <span class='ocrx_word' id='word_1_941' title='bbox 801 5821 896 5884; x_wconf 89' lang='lat' dir='ltr'>aliud.</span> <span class='ocrx_word' id='word_1_942' title='bbox 956 5830 1069 5899; x_wconf 88' lang='lat' dir='ltr'>oasset,</span> <span class='ocrx_word' id='word_1_943' title='bbox 1085 5825 1118 5885; x_wconf 89' lang='lat' dir='ltr'>id</span> <span class='ocrx_word' id='word_1_944' title='bbox 1131 5831 1181 5886; x_wconf 88' lang='lat' dir='ltr'>ost</span> <span class='ocrx_word' id='word_1_945' title='bbox 1194 5843 1262 5886; x_wconf 84' lang='lat' dir='ltr'>nou</span> <span class='ocrx_word' id='word_1_946' title='bbox 1277 5824 1368 5900; x_wconf 80' lang='lat' dir='ltr'>quod</span> <span class='ocrx_word' id='word_1_947' title='bbox 1380 5824 1453 5900; x_wconf 79' lang='lat' dir='ltr'>ills,</span> <span class='ocrx_word' id='word_1_948' title='bbox 1465 5823 1529 5883; x_wconf 78' lang='lat' dir='ltr'>sed.</span> <span class='ocrx_word' id='word_1_949' title='bbox 1539 5811 1842 5900; x_wconf 54' lang='lat' dir='ltr'>aususausus*</span> 
     </span>
    </p>
   </div>
   <div class='ocr_carea' id='block_1_4' title="bbox 0 0 1880 6082">
    <p class='ocr_par' dir='ltr' id='par_1_5' title="bbox 0 0 1880 6082">
     <span class='ocr_line' id='line_1_64' title="bbox 0 0 1880 6082; baseline 0 0"><span class='ocrx_word' id='word_1_950' title='bbox 0 0 1880 6082; x_wconf 95' lang='lat' dir='ltr'> </span> 
     </span>
    </p>
   </div>
  </div>
 </body>
</html>
