3742 6082
73 161 130 221 619
386 160 563 223 HUGONIS
580 162 635 222 Dll
652 161 684 221 S.
703 156 874 220 VlGTORE
892 155 977 215 OPP.
997 155 1099 217 PARS
1116 158 1157 218 11.
1176 188 1213 202 -
1230 156 1475 219 umbramen.
1724 154 1781 219 020

76 286 107 339 at
119 283 308 343 infirmitatis
320 291 432 346 nostra
444 288 699 362 magnitudinem,
714 290 745 343 st
759 282 961 358 reparationis
974 283 1100 342 modum
1115 299 1289 358 agnoscere,
1303 285 1376 358 quia
1391 286 1445 359 qui
1468 287 1586 377 quanta
1601 283 1660 340 sibi
1678 281 1781 355 gratia

78 372 188 430 collata
202 374 243 430 sit
257 377 363 446 nescit,
379 382 512 450 quantas
525 376 664 449 largitori
677 377 779 447 grates
791 372 900 430 debeat
914 387 976 430 non
990 373 1144 445 intelligit.
1154 374 1277 430 Primus
1289 374 1395 447 itaque
1410 374 1502 431 homo
1517 373 1625 430 adhoc
1639 370 1781 428 conditus

77 461 148 531 tuit,
161 466 197 519 ut
215 463 316 539 sipon
335 471 498 538 peccasset,
516 482 570 540 per
587 462 854 536 contemplationis
877 463 1073 535 praeentiam
1086 463 1187 520 vultui
1202 465 1355 522 creatoris
1368 465 1416 521 sui
1432 480 1551 538 semper
1565 464 1732 533 assisteret,
1747 466 1782 518 ut

77 565 147 607 eum
171 567 290 626 semper
307 553 448 622 videndo,
464 570 583 627 semper
595 556 722 623 ammei,
738 567 858 624 semper
871 551 1012 623 amando,
1030 568 1150 626 semper
1170 554 1198 610 ei
1216 553 1393 625 adhaereret,
1408 569 1527 627 semper
1541 553 1569 610 ei
1584 550 1782 622 adbaerendo,

77 640 131 712 qui
143 641 327 698 immortalis
340 644 395 711 est,
408 643 500 698 etiam
509 643 543 698 in
554 643 622 716 ipso
633 642 730 698 vitam
742 642 808 697 sine
823 641 953 697 termino
965 640 1143 713 possideret.
1158 642 1222 698 Hoc
1236 658 1308 715 ergo
1318 647 1384 700 erat
1394 658 1491 699 unum
1502 643 1533 698 et
1545 656 1653 697 verum
1663 640 1781 696 bonum

77 728 222 799 hominis,
230 728 467 801 plenavidelicet
477 735 508 788 et
517 732 651 806 perfecta
663 730 796 802 cognitio
807 730 855 787 sui
862 728 1039 799 conditoris,
1048 729 1139 802 plena
1149 731 1264 787 scilicet
1273 730 1442 788 secuudum
1448 730 1534 787 illam
1543 729 1778 803 plenitudinem,

77 833 170 891 quam
183 822 302 874 creatus
314 825 480 892 acceperat,
495 835 557 877 non
568 819 736 877 secundum
750 817 835 874 illam
851 833 944 891 quam
959 821 1029 891 post
1043 822 1198 892 peractam
1212 819 1418 877 obedientiam
1434 822 1614 893 accepturus
1629 820 1705 874 erat.
1722 816 1780 874 Sed

76 905 229 977 projectus
249 910 295 962 est
317 923 336 960 a
357 908 434 964 facis
453 909 579 965 Domini
601 907 747 981 quoniam
772 911 896 980 propter
919 911 1076 980 peccatum
1091 909 1229 964 caeoitate
1243 909 1426 980 ignorantiae
1440 923 1604 982 percussus
1617 907 1657 964 ab
1671 906 1783 963 intima

76 994 343 1068 contemplationis
353 996 438 1053 illius
451 997 518 1055 luce
533 998 616 1054 foras
628 996 724 1066 venit,
740 1010 835 1068 eoque
850 994 1035 1068 profundius
1049 995 1089 1053 ad
1103 996 1252 1054 desideria
1264 1001 1385 1054 terrena
1394 1003 1527 1054 montem
1536 996 1782 1070 inclinantque

75 1083 175 1154 magis
194 1099 397 1156 supernorum
415 1084 606 1142 dulcedinem
620 1085 764 1158 (quorum
776 1085 840 1156 jam
855 1087 981 1156 gustum
995 1085 1179 1158 perdiderat)
1196 1085 1334 1142 oblivisci
1359 1087 1449 1159 coepit
1458 1102 1466 1155 ;
1492 1086 1596 1158 sicque
1620 1086 1723 1142 iactus
1735 1090 1782 1143 est

75 1186 184 1242 vagus,
198 1176 228 1228 et
239 1172 389 1245 profugus
402 1180 627 1248 superterram.
640 1175 744 1246 Vagus
756 1173 895 1230 videlicet
908 1189 963 1246 per
972 1173 1181 1230 inordinatam
1196 1175 1474 1248 concupiscentiam
1486 1174 1636 1247 profugus
1649 1190 1705 1247 per
1716 1189 1784 1248 peo-

76 1260 218 1316 catricem
233 1261 460 1319 conscientiam.
475 1263 570 1336 Cujus
583 1279 656 1321 vocs
669 1264 761 1320 etiam
776 1262 853 1318 illud
867 1265 937 1335 apte
950 1262 1158 1335 subjungitur.
1172 1265 1325 1335 Quisquis
1341 1265 1430 1319 enim
1446 1264 1612 1320 invenerit
1627 1279 1689 1332 me,
1703 1265 1781 1320 occi·

76 1350 131 1404 det
143 1363 194 1404 me
210 1349 299 1420 (Gen.
316 1350 370 1423 ιν).
387 1351 465 1418 Quia
478 1357 612 1410 mentem
628 1352 733 1409 divino
758 1351 910 1407 desertam
927 1351 1043 1407 auxilio
1064 1367 1255 1425 quaecunque
1277 1352 1406 1408 tentatio
1425 1351 1603 1425 impetierit,
1618 1352 1781 1410 subvertit.

74 1437 136 1493 Cor
149 1452 220 1509 ergo
232 1438 378 1510 hominis,
391 1441 474 1513 quod
484 1442 572 1514 prius
586 1441 691 1498 divino
707 1440 803 1497 amori
818 1440 941 1496 affixum
957 1440 1067 1498 stabile
1080 1442 1234 1515 praestitit,
1246 1445 1274 1497 et
1287 1456 1384 1497 unum
1396 1440 1527 1497 amando
1538 1456 1635 1497 unum
1643 1456 1783 1513 perman·

77 1527 128 1595 sit,
139 1530 303 1600 postquam
316 1544 370 1603 per
382 1529 533 1587 desideria
545 1535 665 1587 terrena
679 1530 806 1586 difluere
818 1529 919 1602 coepit;
934 1530 1023 1602 quasi
1036 1530 1069 1586 in
1084 1533 1130 1587 tot
1142 1529 1277 1586 divisum
1289 1533 1345 1599 est,
1361 1529 1443 1602 quod
1455 1544 1491 1585 ee
1507 1532 1580 1585 sunt
1595 1544 1664 1602 quse
1677 1544 1786 1586 concu-

76 1613 175 1687 piscit.
192 1614 303 1688 Sisque
317 1617 361 1687 iit,
376 1621 412 1675 ut
427 1633 515 1675 mens
531 1636 600 1692 quae
612 1635 719 1675 verum
734 1619 851 1675 bonum
866 1632 968 1674 amare
983 1619 1091 1690 nescit,
1105 1635 1265 1692 nunquam
1279 1619 1381 1675 valeat
1395 1632 1461 1675 esse
1476 1617 1607 1688 stabilis,
1621 1617 1696 1690 quia
1706 1616 1783 1674 desi·

77 1703 153 1760 dorii
166 1704 215 1759 sui
227 1705 318 1761 finem
333 1707 366 1762 in
381 1705 430 1767 his
443 1723 511 1780 quae
521 1707 716 1781 amplectitur
729 1723 791 1764 non
801 1707 971 1778 invenicus,
983 1707 1057 1764 dum
1067 1723 1186 1780 semper
1199 1724 1231 1764 se
1241 1707 1392 1765 desiderio
1406 1706 1544 1763 extendit
1558 1721 1690 1778 sequens
1701 1705 1785 1779 quod

77 1794 224 1865 consequi
235 1808 297 1849 non
307 1794 399 1863 valet,
410 1811 571 1869 nunquam
582 1797 755 1869 requiescit,
771 1795 843 1853 hinc
857 1796 952 1868 igitur
962 1797 1100 1854 nascitur
1110 1801 1213 1854 motus
1225 1797 1291 1853 sine
1304 1795 1482 1864 stabilitate,
1494 1794 1581 1851 labor
1591 1795 1658 1850 sine
1668 1794 1783 1867 requie,

75 1896 184 1938 cursus
198 1881 264 1938 sine
278 1885 486 1956 perventione,
501 1885 545 1941 ita
560 1888 594 1941 ut
609 1901 729 1958 semper
744 1885 785 1941 sit
806 1885 981 1958 inquietum
1002 1901 1053 1942 cor
1065 1888 1216 1956 nostrum,
1231 1885 1327 1942 donec
1340 1883 1386 1940 illi
1401 1883 1555 1940 adhaerers
1569 1881 1712 1955 coeperit;
1727 1883 1781 1940 ubi

76 1973 108 2026 et
120 1969 269 2027 desiderio
284 1986 340 2027 suo
355 1972 433 2028 nibil
447 1973 550 2030 deesse
564 1973 706 2045 gaudeat,
723 1976 753 2029 et
767 1989 803 2030 ea
830 1989 899 2048 quae
920 1973 1020 2046 diligit
1040 1989 1159 2048 semper
1180 1988 1328 2030 mansure
1342 1971 1485 2030 confidat.
1501 1972 1576 2028 Ecce
1591 1971 1784 2029 ostendimus

76 2059 217 2115 morbum
233 2075 284 2116 cor
298 2060 462 2132 fluctuans,
478 2076 529 2118 cor
542 2062 696 2131 instabile,
712 2078 764 2119 cor
778 2063 961 2136 inquietum.
979 2065 1018 2122 Et
1041 2078 1165 2120 causam
1180 2063 1291 2133 morbi,
1307 2077 1440 2119 amorem
1456 2060 1597 2118 videlicet
1617 2059 1739 2133 mundi,
1753 2066 1784 2119 et

77 2147 244 2204 remedium
260 2149 357 2205 morbi
371 2165 504 2206 amorem
520 2150 588 2221 Dei,
601 2151 715 2223 quibus
730 2153 900 2208 necessario
911 2156 1057 2225 quartum
1072 2152 1262 2225 adjungitur,
1279 2150 1400 2225 adeptio
1410 2149 1546 2220 remedii,
1557 2148 1670 2206 scilicet
1684 2149 1784 2223 quali.

77 2237 124 2292 ter
136 2237 291 2309 possimus
303 2239 475 2310 pertingere
489 2238 528 2294 ad
541 2254 676 2295 amorem
690 2239 758 2310 Dei,
774 2240 840 2297 sine
855 2256 916 2314 quo
931 2244 1041 2298 caetera
1054 2242 1216 2314 agnovisse
1231 2245 1286 2298 aut
1300 2256 1421 2315 parum,
1436 2243 1491 2296 aut
1504 2237 1583 2295 nihil
1595 2238 1744 2312 proderit.

667 2575 879 2690 LIBER
922 2572 1182 2691 PRIMUS

639 2803 759 2900 Cujus
785 2802 867 2876 haec
893 2807 987 2877 sunt
1013 2801 1212 2897 capitula:

113 3003 186 3060 Cur.
201 3003 226 3060 1.
240 3007 315 3066 oaae
329 3007 374 3062 sit
387 3007 576 3074 differentia
589 3007 679 3061 inter
692 3021 837 3063 amorem
850 3005 904 3060 Dei
916 3009 948 3061 et
957 3018 1102 3060 amorem
1117 3004 1246 3072 mundi,
1258 3007 1290 3059 et
1304 3004 1447 3073 qualiter
1455 3004 1618 3073 possimus
1633 3005 1677 3058 ad
1691 3017 1782 3059 amo·

76 3107 145 3147 rem
170 3095 229 3148 Dei
248 3095 445 3163 participare,
463 3099 494 3149 et
509 3097 624 3149 domus
639 3097 710 3162 ejas
724 3109 764 3150 ac
786 3095 915 3149 mansio
937 3094 1033 3164 affici.
1049 3122 1083 3133 -
1098 3091 1171 3149 Cae.
1188 3092 1227 3148 II.
1244 3093 1333 3154 Quod
1351 3093 1476 3148 duobus
1491 3093 1597 3148 modis
1615 3092 1778 3148 inhabitet

75 3181 161 3235 Deus
176 3194 230 3235 cor
241 3182 395 3248 bominis,
409 3188 441 3237 et
453 3186 565 3238 mattis
580 3185 769 3239 nominibus
784 3184 919 3239 dicatur
933 3183 1140 3248 inhabitatio,
1156 3186 1187 3236 et
1209 3183 1295 3237 Deus
1318 3180 1528 3236 inhabitator.
1543 3181 1585 3234 itt
1599 3181 1684 3249 quod
1699 3193 1781 3236 arca

76 3272 120 3322 sit
134 3271 303 3337 exemplar
317 3269 451 3340 aedificii
465 3272 662 3338 spiritualis.
674 3301 710 3312 -
724 3271 799 3327 Can.
816 3270 871 3327 111.
887 3273 931 3326 De
945 3268 1065 3338 forma,
1080 3274 1110 3324 et
1121 3270 1310 3337 quantitate
1323 3282 1409 3324 arcae
1420 3270 1602 3325 secandum
1619 3270 1781 3325 litteram.

75 3385 111 3398 —
126 3355 199 3413 Gar.
216 3355 266 3412 IV.
284 3358 325 3412 De
340 3371 420 3412 arca
434 3360 595 3429 Ecclesia,
612 3375 669 3416 aea
684 3362 840 3417 Ecclesia.

765 3542 1085 3555 ——u———oe-m—-a

97 3667 170 3724 Cur.
187 3682 324 3724 rnruuu.
338 3671 413 3729 Quae
426 3668 532 3737 iqitar
546 3669 587 3722 sit
599 3668 801 3736 differentia,
817 3671 874 3724 etc.
911 3667 940 3723 Α
953 3665 1036 3739 pulis
1058 3666 1133 3736 suis,
1149 3672 1181 3722 et
1195 3668 1408 3722 crediderant
1423 3667 1548 3722 ineam
1565 3663 1682 3736 (itia).
1700 3665 1782 3730 Quia

111 3755 196 3812 Inter
209 3772 342 3812 amorem
351 3756 444 3828 hujus
454 3756 562 3813 mundi
575 3761 605 3813 et
617 3774 751 3815 amorem
765 3758 821 3814 Dei
835 3757 900 3814 baec
953 3756 1025 3813 inde
1034 3759 1174 3828 peccator
1186 3759 1216 3811 et
1228 3755 1380 3827 poenitens
1388 3752 1783 3827 primumdemisericordia

75 3847 121 3898 est
137 3844 317 3914 differentia,
334 3845 417 3916 quod
431 3845 524 3917 hujus
544 3847 653 3902 mundi
668 3863 753 3903 amor
766 3847 800 3903 in
815 3847 899 3919 prin·
952 3844 1009 3901 Dei
1024 3844 1167 3901 fiduciam
1187 3844 1299 3900 habere
1312 3844 1432 3914 incipit,
1449 3841 1531 3915 quod
1544 3845 1589 3898 est
1603 3845 1673 3913 post
1686 3840 1782 3915 longa

75 3931 155 4003 cipio
168 3932 338 3988 dulcisesse
347 3933 470 3988 videtur
480 3935 533 3990 sed
543 3935 634 3991 finem
645 3937 737 3992 babet
748 3951 897 3992 amamm.
954 3935 1093 3990 moeroris
1115 3934 1207 3990 taedia
1228 3932 1326 3989 sancti
1345 3932 1478 4004 Spiritus
1501 3930 1709 3988 consolatione
1729 3947 1782 3988 cor

75 4020 170 4075 Amor
180 4035 252 4075 vero
263 4021 320 4077 Dei
331 4021 371 4076 ab
386 4022 590 4078 amaritudine
599 4025 717 4096 incipit,
728 4024 781 4081 sed
791 4025 901 4080 ultima
954 4038 1045 4079 suum
1067 4022 1161 4078 sentit
1182 4021 1320 4077 revelari.
1343 4020 1523 4086 Quaeramus
1545 4034 1616 4091 ergo
1639 4020 1722 4091 quod
1743 4021 1782 4077 ad

75 4108 141 4180 ejus
155 4107 314 4165 dulcedine
328 4108 419 4181 plena
433 4114 514 4165 sunt.
532 4110 618 4176 Quod
642 4112 848 4185 pulcherrima
860 4112 900 4167 si·
954 4126 1088 4176 amorem
1103 4111 1160 4165 Dei
1173 4110 1345 4182 pertingere
1361 4110 1525 4181 possimus,
1539 4108 1613 4181 quia
1622 4108 1688 4179 ipse
1699 4109 1781 4165 colli-

75 4197 248 4254 militudine
260 4198 453 4270 evangelicus
463 4215 563 4256 sermo
575 4201 664 4257 nobis
677 4201 821 4270 ostendit,
830 4216 900 4258 cum
953 4203 1015 4271 get,
1023 4203 1053 4255 et
1060 4198 1210 4255 stabilitet
1219 4197 1311 4254 corda
1319 4201 1435 4266 nostra,
1441 4198 1506 4268 ipse
1517 4212 1623 4270 pacem
1630 4197 1782 4269 restituet,

75 4286 113 4344 de
127 4288 232 4360 sponsi
246 4289 345 4344 nostri
359 4289 476 4361 nuptiis
490 4289 675 4359 decantaret,
692 4290 796 4345 dicens
812 4306 818 4345 :
835 4292 902 4345 Om-
954 4290 984 4343 et
1006 4286 1185 4343 continuam
1206 4286 1366 4358 praestabit
1386 4285 1535 4341 laetitiam.
1558 4285 1655 4342 Nemo
1679 4289 1782 4342 autem

38 4362 40 4367 ¹
77 4379 130 4432 nis
145 4378 396 4446 bomoprimam
412 4380 527 4433 vinam
544 4379 900 4447 incompositarum
955 4391 1058 4431 amare
1072 4379 1172 4447 potest
1182 4374 1264 4447 quod
1280 4375 1387 4445 nescit,
1399 4378 1429 4429 et
1442 4374 1510 4429 ideo
1526 4375 1552 4428 si
1566 4374 1664 4430 Deum
1679 4389 1783 4432 amare

76 4466 233 4521 inebriati
245 4465 375 4534 fuerim
388 4471 467 4521 tanc
481 4468 517 4520 id
528 4468 613 4534 quod
627 4468 774 4522 deterius
788 4472 849 4535 aat;
863 4472 900 4522 ta
954 4465 1096 4538 cupimus
1101 4465 1235 4536 primum
1243 4480 1312 4519 sum
1322 4476 1503 4537 cognoscere
1512 4466 1700 4534 satagamus,
1706 4479 1782 4537 prae-

75 4558 188 4610 autem
217 4555 358 4609 servasti
381 4555 498 4609 bonum
524 4556 639 4609 einum
664 4571 768 4625 usque
793 4557 902 4612 addam
955 4555 1042 4627 cipue
1056 4568 1126 4609 cum
1140 4554 1206 4626 ipse
1218 4553 1291 4608 talis
1306 4554 1357 4621 sit,
1370 4553 1425 4625 qui
1440 4556 1572 4625 nequeat
1587 4551 1785 4621 sciri,etnon

77 4642 184 4714 (Joan.
199 4641 247 4712 11).
264 4641 372 4698 Omnis
384 4656 518 4714 namque
541 4642 643 4713 homo,
659 4643 691 4699 id
712 4646 758 4699 est
769 4643 902 4701 carnalis
955 4642 1171 4702 amariTanta
1182 4645 1227 4698 est
1239 4642 1322 4698 euim
1333 4641 1448 4714 species
1460 4641 1784 4714 pulcblitudinisejus,

73 4731 209 4804 primum
223 4731 331 4787 vinum
345 4730 461 4788 bonum
484 4731 582 4805 ponit,
598 4732 672 4804 quie
685 4733 719 4788 in
743 4749 800 4790 sua
823 4733 901 4790 dele-
954 4738 991 4791 ut
1003 4733 1057 4807 qui
1072 4748 1142 4789 eum
1158 4731 1292 4805 potuerit
1316 4731 1429 4801 videre,
1445 4746 1507 4786 non
1525 4729 1624 4802 possit
1644 4745 1707 4786 non
1720 4729 1787 4787 dili·

75 4821 208 4878 ctatione
221 4820 331 4877 falsam
345 4820 511 4893 quamdam
524 4821 715 4879 dulcedinem
728 4824 832 4892 sentit,
849 4823 901 4880 sad
954 4836 1033 4895 gere.
1049 4822 1150 4878 Homo
1169 4821 1224 4893 qui
1245 4820 1314 4876 vult
1328 4819 1456 4876 alterius
1474 4817 1610 4875 hominis
1629 4832 1731 4875 mores
1754 4823 1786 4876 et

75 4913 239 4983 postquam
251 4910 339 4968 furor
349 4910 423 4966 mali
437 4910 579 4968 desiderii
592 4915 726 4968 mentem
737 4912 903 4969 inebriave-
955 4914 1070 4968 secreta
1085 4924 1258 4981 agnoscere,
1267 4909 1383 4965 tacitss
1397 4909 1426 4964 ei
1435 4906 1630 4976 familiarem,
1641 4906 1784 4978 frequen·

76 4998 126 5068 rit,
142 5001 217 5054 tunc
228 4999 312 5071 quod
329 4999 464 5055 deterius
485 5003 531 5056 est
550 5001 704 5073 propinat,
720 5003 794 5074 quia
816 5001 906 5075 spina
919 4998 944 5056 Β
956 5001 1002 5053 ter
1015 4998 1049 5054 in
1063 4996 1152 5053 domo
1167 4997 1234 5068 ejus
1248 4999 1457 5064 conversatur,
1473 4996 1503 5050 st
1521 5008 1591 5049 cum
1606 4991 1656 5062 iis,
1673 4993 1728 5065 qui
1739 4992 1787 5050 illi

75 5088 268 5145 conscientiae
290 5090 508 5160 superveniens
530 5096 673 5162 mentem,
697 5106 791 5163 quam
816 5090 903 5164 prius
956 5086 1125 5143 familiares
1140 5088 1222 5141 sunt.
1234 5084 1275 5141 Et
1287 5085 1314 5140 si
1323 5083 1435 5140 viderit
1448 5098 1494 5153 ea,
1506 5098 1574 5154 quse
1588 5082 1668 5138 circa
1681 5080 1787 5155 ipsum

74 5177 153 5235 falso
179 5176 359 5248 delectabat,
382 5179 518 5251 graviter
539 5182 664 5236 cruciat.
688 5180 746 5236 Sed
770 5195 903 5253 sponsus
956 5179 1040 5245 sunt,
1057 5173 1406 5246 honesteetpmdenter
1419 5171 1542 5244 disponi
1553 5171 1663 5227 certior
1674 5171 1788 5243 jamde

75 5270 338 5340 nosterpostremo
347 5268 456 5324 vinum
467 5268 583 5325 bonum
593 5269 734 5341 porrigit,
743 5283 812 5324 cum
823 5283 904 5323 men·
956 5264 1071 5320 virtute
1084 5264 1183 5336 ipsius
1197 5263 1375 5332 efficitur,et
1384 5261 1557 5332 amorsjam
1566 5259 1695 5331 dignum
1704 5259 1787 5332 judi·

76 5360 148 5427 tem,
164 5371 258 5429 quam
273 5357 322 5413 sui
332 5357 492 5414 dulcedine
501 5357 615 5413 amoris
627 5356 742 5429 replere
754 5356 902 5428 disponit,
957 5356 1016 5422 cst,
1031 5353 1119 5425 cujus
1141 5351 1304 5426 probitatis
1316 5355 1380 5408 tam
1396 5353 1503 5423 aperta
1517 5363 1549 5405 se
1575 5348 1689 5404 indicia
1704 5349 1788 5406 inve·

76 5446 210 5517 quadam
224 5447 311 5518 prius
323 5446 558 5502 tribulationum
574 5444 807 5517 compunctione
820 5458 902 5499 ama·
957 5442 1040 5499 nisse
1063 5442 1227 5514 cognoscit.
1256 5443 1295 5498 Et
1315 5456 1372 5497 nos
1394 5441 1491 5512 igitur
1512 5437 1708 5509 inquiramus
1734 5439 1790 5496 ubi

76 5533 166 5588 ricari
180 5534 265 5604 sinit,
282 5537 317 5590 ut
329 5538 401 5608 post
414 5537 540 5605 gustum
550 5531 767 5588 amaritudinis
781 5531 904 5589 avidius
957 5531 1077 5588 habitet
1098 5531 1192 5600 Deus,
1205 5531 1260 5586 ubi
1283 5530 1393 5586 domus
1416 5530 1483 5602 ejus
1498 5528 1549 5598 sit,
1562 5527 1790 5599 interrogemus

78 5619 205 5675 bibatur
218 5623 436 5679 suavissimum
452 5622 596 5696 poculum
608 5621 779 5678 charitatis.
791 5623 834 5677 Et
848 5623 905 5679 boo
957 5625 1048 5678 notos
1062 5620 1177 5693 ejusde
1189 5620 1267 5693 ipso.
1283 5621 1393 5678 Utrum
1412 5619 1548 5691 prudens
1561 5621 1618 5687 est,
1632 5620 1740 5675 utrum
1754 5618 1788 5674 ti-

78 5712 128 5766 est
140 5707 275 5782 primum
282 5712 406 5784 signum
420 5711 504 5785 quod
513 5712 608 5770 lesus
617 5710 698 5783 facit
707 5725 810 5771 coram
818 5711 905 5771 disci·
957 5709 1036 5768 detis
1048 5713 1104 5783 est,
1113 5713 1219 5768 utrum
1226 5708 1318 5767 bade
1327 5708 1440 5782 dignus
1453 5711 1511 5779 est,
1525 5711 1631 5766 utrum
1643 5707 1717 5780 pius
1729 5711 1787 5764 est.
