3742 6082
102 211 157 268 427
406 212 583 271 HUGONIS
600 212 655 270 bn
672 213 702 270 S.
723 207 894 269 VICTORE
911 205 996 264 OPP.
1017 206 1117 264 PARS
1135 207 1175 264 11.
1196 237 1232 250 -
1255 207 1500 266 DOGMATICA.
1752 210 1809 267 428

103 334 193 392 micri
207 335 314 407 gradu,
332 341 478 410 tanquam
502 338 651 394 columna
676 336 783 391 8118118
808 333 927 389 assiste·
939 330 966 387 A
980 330 1159 402 Dominum,
1174 333 1234 405 ipsi
1249 333 1414 389 hortantur
1425 348 1521 389 orare.
1539 332 1603 404 Ipsi
1616 331 1760 402 clamant,
1777 338 1809 389 et

105 426 182 492 rent,
199 424 290 480 etiam
305 440 367 480 888
382 426 447 481 8188
463 425 566 497 aliquo
581 424 744 497 septenarii
769 421 924 493 mysterio.
980 436 1085 493 pacem
1100 422 1159 493 ipsi
1172 422 1369 478 annuntiant.
1384 422 1450 477 Hoc
1464 422 1563 478 officio
1578 438 1654 478 usus
1681 427 1727 478 est
1751 424 1809 478 Do

103 512 140 570 In
155 527 217 586 quo
230 513 381 582 figuratur
391 518 425 569 ut
438 514 623 586 septiformis
633 512 739 584 gratiae
752 512 863 585 spiritu
873 511 928 566 iul·
981 511 1227 583 minus‚quando
1242 515 1311 583 post
1334 526 1451 567 88888111
1475 512 1598 583 8188118
1623 527 1674 568 818
1692 517 1722 567 81
1742 528 1808 584 pro·

104 604 220 673 gentes,
236 602 334 657 sancti
349 603 412 658 sint
428 601 929 675 881881811188111111Η181181888
980 600 1055 672 priis
1068 600 1212 654 manibus
1227 604 1419 655 sacramenta
1440 601 1577 656 coniecta
1600 600 1804 673 dispensavit,

104 687 927 763 1818883811188888818881181888888188111888818)
981 691 1011 742 81
1036 688 1159 761 quando
1175 688 1329 760 apostolos
1352 689 1553 744 dormitantes
1576 688 1614 744 ad
1637 689 1808 745 orationem

104 776 145 834 Hi
158 781 231 834 sunt
245 781 360 849 septem
381 778 563 836 candelabra
586 795 679 834 aurea
703 779 806 850 (Aper.
823 777 857 845 1).
886 777 928 832 Hi
980 777 1131 847 incitavit,
1146 778 1249 834 dicens
1259 795 1265 833 :
1275 780 1415 848 Vipitate
1428 784 1459 834 et
1467 783 1558 834 orate
1574 784 1692 834 utnon
1708 780 1808 834 intre-

102 881 191 923 voces
205 866 411 924 tonitruorum
427 871 530 939 (Apoc.
544 872 599 939 iv).
615 867 676 943 Ipsi
688 867 770 923 enim
785 866 868 922 clara
878 882 929 922 vo·
982 868 1024 922 tis
1036 869 1073 920 in
1089 869 1304 922 tentationem
1321 868 1447 939 (Metti.
1464 868 1564 937 xxv1).

105 970 138 1012 ce
164 955 197 1011 in
223 956 373 1013 mundum
400 957 548 1028 proeconis
587 956 753 1012 admonent
789 959 926 1025 cunctos,
1172 955 1245 1011 Car.
1263 955 1331 1011 XII.
1349 958 1388 1011 lie
1400 958 1608 1025 presbyteris.

102 1043 166 1101 siva
200 1044 239 1101 ad
267 1044 428 1114 orandum,
466 1045 530 1101 sive
555 1044 594 1100 81
635 1060 735 1115 genua
768 1045 925 1114 flectenda,
1016 1045 1151 1117 Septimo
1170 1046 1234 1101 loce
1248 1046 1447 1118 subsequitur
1458 1045 1530 1101 ordo
1543 1046 1807 1117 presbyterorum,

101 1133 165 1190 sive
193 1133 232 1188 81
244 1132 448 1205 psallendum,
475 1134 539 1189 sive
554 1133 593 1189 ad
618 1133 792 1205 legendum,
814 1137 843 1189 81
873 1149 924 1188 au·
980 1135 1080 1206 quiin
1096 1134 1437 1191 Veteril'estamentoa
1460 1134 1532 1190 filiis
1550 1137 1654 1190 Aaron
1676 1135 1810 1207 sumpsit

100 1220 246 1278 diendum
267 1221 404 1277 verbum.
424 1221 487 1293 lpsi
500 1221 722 1293 evangelizant,
744 1223 804 1294 ipsi
832 1237 927 1277 sacra·
979 1222 1114 1277 initium.
1129 1222 1210 1277 Nam
1230 1223 1283 1294 qui
1312 1226 1385 1278 tunc
1408 1222 1577 1279 secerdotes
1603 1223 1805 1292 vocabantur,

102 1312 206 1365 menta
219 1309 276 1364 Dei
288 1308 477 1382 dispensant.
494 1310 565 1366 Sine
579 1310 656 1383 ipsis
665 1310 805 1366 sacerdos
813 1326 926 1366 nemen
979 1311 1012 1366 hi
1027 1314 1099 1366 sunt
1114 1311 1168 1383 qui
1184 1327 1265 1366 nunc
1280 1310 1475 1383 appellantur
1500 1311 1680 1383 presbyteri,
1695 1316 1725 1366 et
1754 1313 1808 1384 qui

101 1397 205 1468 habet,
221 1395 353 1454 officium
365 1399 543 1456 nonhabet.
571 1399 651 1455 Nam
667 1400 746 1455 sicut
768 1399 801 1454 in
829 1414 924 1454 sacer·
979 1398 1253 1468 tuncdicebantur,
1265 1400 1419 1472 principes
1436 1400 1811 1472 sacerdotum,nuncepis·

101 1486 170 1545 dote
180 1488 377 1557 consecratio,
393 1489 438 1544 ita
455 1489 488 1544 18
504 1489 645 1544 ministro
668 1488 857 1561 dispensatio
882 1503 925 1542 sa·
979 1488 1556 1560 copinominantur.Presbyteriautem
1567 1489 1811 1560 interpretantur

101 1577 258 1632 crementi.
273 1577 352 1649 Ipsis
366 1578 459 1633 etiam
474 1577 684 1634 sacerdotibus
702 1580 825 1649 propter
849 1593 923 1648 8181-
978 1578 1208 1649 seniores,quia
1218 1577 1457 1633 senioresGraeci
1471 1578 1665 1649 presbyteres
1684 1583 1808 1634 vocant.

102 1665 308 1737 sumptionem
325 1681 386 1722 888
401 1665 472 1721 licet
484 1666 608 1722 calicem
623 1667 739 1722 domini
761 1667 795 1721 in
818 1664 1808 1737 11188888Β8118818818181881818118881818888881888811181)81;

102 1753 217 1824 tollere,
233 1755 294 1810 nisi
308 1755 440 1810 traditus
455 1755 498 1811 eis
513 1756 606 1811 luerit
621 1772 640 1810 a
654 1755 794 1811 diacono.
812 1755 926 1811 Levitae
983 1772 1044 1812 888
1057 1759 1178 1812 tantum
1196 1759 1285 1810 aetate
1300 1755 1445 1828 eorporis,
1469 1758 1621 1827 quantum
1642 1755 1808 1826 prudentia

102 1842 219 1898 hostias
234 1858 326 1915 super
338 1844 434 1899 altare
447 1848 577 1916 ponunt,
594 1845 653 1917 ipsi
666 1859 803 1899 mensam
828 1845 931 1900 Domi·

101 1932 135 1988 ni
143 1932 457 2004 componunt.Levitse
468 1934 611 2005 operiunt
623 1949 726 1989 arcam
740 1935 926 2003 testamenti,

102 2020 928 2095 8111888888188811181818188188188888818118111118·

99 2108 245 2164 terierum
252 2109 648 2181 quaeoperiunturalevitis.
660 2111 809 2183 Ipsialbis
825 2112 927 2167 induti

98 2197 927 2270 vestibusassistuntaltari,utcandorevestismuuditia

99 2285 171 2342 vitae
186 2286 384 2357 significetur,
411 2287 562 2360 nitidique
580 2288 619 2343 ad
633 2288 750 2345 hostias
764 2293 795 2344 et
818 2290 925 2344 imma·

100 2374 194 2431 culati
208 2374 362 2431 accedant.
376 2374 466 2432 Tales
481 2376 562 2432 enim
577 2377 747 2434 Dominum
767 2378 851 2434 decet
871 2379 924 2434 118-

99 2463 171 2519 bere
185 2464 354 2533 ministros,
378 2465 432 2537 qui
455 2463 539 2521 nulle
562 2467 664 2522 carnis
687 2471 926 2540 corrumpantur

100 2554 252 2624 contagio,
267 2554 319 2609 sed
332 2554 467 2626 perfecta
481 2555 594 2611 mentis
608 2558 639 2611 et
653 2557 788 2629 corporis
802 2559 924 2613 castita-

99 2644 129 2698 te
143 2641 446 2714 splendeant.Quales
460 2643 541 2698 enim
550 2642 669 2699 diaconi
678 2644 841 2701 ordinandi
849 2646 922 2715 sint,

101 2730 268 2803 Apostolus
279 2731 457 2803 plenissime
466 2731 553 2789 docet
566 2733 702 2789 scribens
712 2734 751 2789 81
761 2734 924 2791 Timothae·

98 2819 165 2890 um(
180 2821 199 2873 Ι
220 2820 445 2891 Tim.111).Nam
452 2837 521 2878 cum
528 2823 727 2895 praemisisset
738 2824 776 2879 de
791 2824 924 2880 sacerdo·

98 2911 166 2965 tum
181 2907 336 2979 electione,
352 2911 498 2967 continuo
514 2912 694 2984 subjunxit:
711 2915 922 2969 8188888811-

981 1861 1102 1901 morum
1117 1849 1147 1900 et
1161 1845 1340 1900 maturitate
1350 1844 1437 1900 bonae
1448 1844 1712 1912 conversiatioais,
1727 1845 1810 1900 sicut

981 1935 1208 2006 scriptumest:
1225 1936 1376 1989 Senectus
1392 1934 1588 1989 venerabilis
1599 1935 1808 1999 8118881118-

982 2028 1086 2078 turna
1100 2038 1204 2093 neque
1216 2037 1384 2078 annerum
1400 2036 1537 2076 numero
1553 2023 1810 2090 consputatam·

980 2113 1018 2166 ni
1039 2114 1128 2166 enim
1143 2115 1223 2165 sunt
1235 2125 1351 2165 sensus
1360 2111 1513 2177 hominis,
1528 2114 1558 2164 et
1573 2114 1808 2165 aetasseneetu·

981 2202 1024 2255 tis
1044 2202 1113 2255 vita
1130 2201 1348 2255 immaculata
1359 2198 1443 2269 (Sap.
1456 2197 1511 2267 iv).
1522 2197 1624 2252 Distat
1639 2200 1742 2252 autem
1751 2198 1809 2253 hoc

980 2293 1102 2346 tantum
1117 2289 1197 2344 inter
1211 2287 1380 2360 pontifices,
1395 2291 1426 2343 et
1439 2287 1533 2358 hujus
1543 2286 1689 2358 temporis
1710 2301 1808 2342 sacer-

979 2378 1075 2446 dotes,
1092 2376 1175 2449 quod
1186 2376 1259 2432 solis
1271 2375 1469 2449 pontificibus
1478 2374 1588 2431 addita
1613 2379 1658 2430 881
1682 2375 1806 2431 8181188-

979 2482 1048 2523 rum
1061 2465 1223 2522 ordinatio.
1240 2465 1441 2521 Basilicarum
1456 2465 1617 2535 dedicatio,
1629 2464 1808 2520 8881181188-

978 2556 1071 2612 matis
1082 2555 1280 2623 consecratio,
1296 2570 1409 2610 manus
1433 2555 1599 2626 impositio,
1625 2557 1655 2609 et
1676 2569 1809 2609 commu·

978 2647 1028 2702 nis
1040 2660 1132 2719 super
1145 2644 1292 2717 populum
1302 2644 1485 2700 benedictio.
1502 2645 1538 2701 Iu
1557 2643 1626 2699 81118
1641 2646 1745 2699 autem
1756 2659 1805 2698 sa·

978 2735 1142 2792 oramentis
1157 2735 1221 2789 sive
1238 2733 1352 2789 seilicet
1376 2732 1593 2802 catechizandi,
1618 2733 1681 2788 sive
1702 2731 1804 2804 bapti·

978 2824 1078 2894 randi,
1095 2824 1159 2879 sive
1170 2823 1297 2880 missam
1303 2822 1485 2892 celebrandi,
1493 2825 1522 2877 81
1535 2820 1733 2877 consecrandi
1739 2835 1803 2876 cor·

977 2915 1061 2987 poris
1076 2913 1236 2983 sanguinis
1246 2912 1360 2967 Christi
1376 2915 1611 2980 sacramentum,
1632 2911 1741 2966 sivein
1752 2910 1805 2964 Ee

98 2999 226 3054 militer
235 2998 516 3071 irreprehensibiles
524 3017 534 3070 ;
554 3001 611 3057 hoc
625 3005 681 3071 est,
695 3003 761 3058 sine
776 3003 920 3059 crimino:
942 3002 1072 3084 eclesia
1085 3002 1213 3058 verbum
1232 3000 1373 3069 faciendi,
1399 3001 1571 3056 communis
1596 3004 1641 3055 cst
1663 3000 1804 3070 utrisque

98 3088 178 3145 818111
191 3088 348 3162 episcopos
357 3093 506 3160 pudicos,
529 3091 578 3146 bic
593 3095 639 3147 est
654 3091 811 3148 alibidine
825 3094 920 3149 conti·

98 3181 223 3233 nentes:
239 3193 304 3233 non
319 3180 492 3250 bilingues,
508 3196 545 3235 ne
558 3181 684 3237 turbent
696 3182 845 3238 habentes
866 3200 919 3254 pa·

98 3282 162 3322 cem
176 3283 182 3321 :
197 3282 262 3322 nen
276 3269 380 3322 mutto
395 3270 471 3323 vinc
483 3271 620 3338 deditos,
632 3270 766 3341 quiaubi
779 3271 921 3341 ebrietas,

97 3355 248 3412 ihilibido
274 3360 304 3411 et
327 3357 414 3412 111181
439 3356 631 3412 dominatur:
668 3374 732 3413 non
755 3366 849 3428 turpe
873 3363 920 3415 tu·

974 3089 1308 3163 dispensatio.Summis
1321 3089 1608 3159 ergosacerdotibus
1624 3087 1802 3159 supradicta

974 3181 1087 3237 idcirco
1124 3178 1321 3249 singulariter
1350 3181 1504 3233 reservata
1533 3182 1605 3232 sunt
1642 3193 1678 3233 ne
1698 3177 1804 3232 eadem

975 3284 1101 3343 prorsus
1116 3268 1284 3323 auctoritas
1295 3267 1458 3338 potestatis
1474 3266 1512 3321 nb
1528 3267 1672 3322 omnibns
1686 3267 1804 3338 passini

975 3358 1140 3426 vindicata,
1155 3356 1314 3411 inferiores
1330 3371 1402 3426 erga
1414 3357 1622 3428 superpositos
1636 3354 1805 3410 insolentes

97 3460 190 3502 mum
202 3449 374 3513 sectantes,
391 3460 429 3499 ne
442 3444 478 3499 de
491 3446 606 3501 coelesti
624 3445 736 3501 militia
756 3446 841 3502 lucra
863 3452 920 3503 ter·
974 3447 1122 3514 redderet,
1138 3450 1167 3501 et
1184 3444 1283 3500 solute
1299 3441 1479 3501 obedientiae
1490 3446 1612 3501 vinculo
1623 3445 1803 3500 scandalum

97 3549 171 3589 rena
186 3537 348 3591 sectentur.
366 3534 511 3590 Posthac
527 3534 666 3605 subjecit:
678 3537 723 3589 Hi
734 3541 922 3606 auternpre
976 3538 1143 3608 generaret.
1160 3534 1334 3604 Presbyteri
1350 3549 1537 3590 successores
1553 3538 1582 3588 et
1596 3535 1703 3589 vicarii
1728 3537 1804 3588 sunt

97 3624 371 3694 bertturprimum
385 3629 437 3691 ;et
452 3626 501 3679 sic
517 3625 708 3679 ministrent
722 3627 921 3680 nuttumcri·
976 3624 1173 3696 septuaginta
1184 3622 1403 3694 discipulorum
1418 3621 1688 3694 quipraecedebant
1700 3621 1805 3676 Demi·

97 3728 172 3768 men
187 3714 348 3768 teteritas.
363 3712 402 3767 nt
415 3711 447 3767 hi
462 3713 566 3784 itaque
591 3713 671 3768 sicut
692 3715 826 3786 episcopi
851 3717 921 3771 ante
976 3729 1050 3770 num
1064 3713 1169 3768 lesum
1184 3712 1218 3767 in
1232 3728 1352 3768 omnem
1363 3713 1516 3767 civitatem
1526 3714 1556 3765 et
1569 3710 1670 3765 locum
1686 3725 1748 3780 quo
1759 3711 1804 3781 ip-

97 3801 321 3856 ordinationem
334 3801 459 3872 probari
474 3801 603 3870 debent,
620 3805 650 3858 et
662 3803 688 3857 si
702 3803 788 3873 digni
802 3804 921 3859 inventi
976 3819 1008 3858 se
1022 3806 1088 3865 erat
1101 3805 1251 3858 venturus
1267 3802 1352 3871 (Luc.
1370 3801 1413 3871 x).
1430 3800 1478 3855 Ita
1494 3799 1606 3871 quippe
1627 3798 1802 3870 presbyteri

97 3888 222 3955 fuerint,
238 3889 281 3943 sic
296 3887 419 3943 demum
433 3889 472 3943 ad
497 3905 616 3944 sacrum
641 3891 847 3946 ministerium
869 3892 920 3946 ad·
975 3891 1029 3962 qui
1042 3889 1198 3961 adjutores
1213 3892 1286 3944 sunt
1298 3886 1613 3961 episcoporum,rudes
1626 3886 1740 3958 populo
1752 3901 1800 3940 ca·

96 3974 188 4030 mitti.
203 3974 245 4028 Hi
255 3989 324 4029 cum
339 3974 530 4044 ordinantur,
540 3976 624 4031 solus
639 3978 798 4050 episcopus
810 3995 921 4035 manus
975 3976 1501 4048 188118881818111881,11881188818
1525 3975 1637 4030 unitati
1659 3974 1803 4029 Ecclesiae

96 4078 140 4119 818
155 4063 296 4135 imponit,
313 4062 386 4133 quia
400 4061 439 4116 ad
453 4063 659 4119 ministerium
674 4080 736 4120 non
761 4066 799 4121 ad
824 4082 920 4122 sacer·
974 4068 1181 4139 incorporant,
1198 4067 1271 4122 etin
1292 4067 1491 4122 sacramentis
1512 4080 1610 4136 usque
1630 4064 1668 4119 ad
1689 4080 1803 4119 manus

96 4152 264 4209 cordolium
280 4150 484 4224 applicantur,
509 4153 635 4225 ponitur
657 4153 865 4225 cisoranum,
890 4157 921 4212 id
974 4157 1201 4228 impositionem
1225 4155 1338 4227 populo
1364 4155 1419 4209 Dei
1441 4154 1629 4226 ministrant.
1658 4152 1803 4225 Episcopi

96 4244 142 4298 est
157 4242 235 4299 stola
249 4257 341 4315 super
355 4240 517 4298 sinistrum
530 4241 693 4297 humerum
709 4243 748 4297 ab
769 4244 919 4317 episcopo,
974 4261 1046 4301 vero
1060 4259 1248 4300 successores
1263 4248 1336 4298 sunt
1350 4242 1569 4316 apostolorum,
1584 4241 1638 4314 qui
1653 4257 1689 4296 ex
1705 4256 1803 4296 neces·

95 4334 131 4388 ut
146 4331 203 4387 hoc
217 4335 385 4402 agnoscant
396 4332 584 4404 seaccepisse
591 4332 701 4402 jugum
712 4331 837 4411 11881181
846 4349 918 4405 3qu0
933 4372 963 4429 D
975 4333 1065 4388 sitate
1080 4333 1119 4388 ad
1134 4332 1320 4404 adjutorium
1331 4334 1361 4387 et
1377 4331 1625 4403 supplementum
1637 4330 1684 4384 sui
1699 4329 1801 4398 officii,

95 4420 199 4475 omnia
212 4420 250 4475 ad
266 4421 714 4492 sinistram‚idest,praesentem
726 4420 822 4476 vitam
830 4423 920 4494 perti·
973 4423 1007 4478 in
1019 4426 1107 4478 tanta
1118 4421 1317 4477 multitudine
1331 4420 1513 4493 populorum
1526 4418 1730 4491 regendorum
1744 4420 1800 4475 rni-

92 4507 919 4578 88811881181881811118118181881811111881118811888
973 4511 1135 4568 8181811881
1144 4511 1203 4565 sibi
1216 4508 1661 4582 expetuntsacerdotum.Sicut
1676 4507 1802 4579 Moyses

93 4597 378 4669 jiciantAceipiunt
390 4601 420 4653 et
431 4601 549 4653 textum
560 4598 840 4668 Evangeliorumde
854 4617 917 4656 ma·
972 4601 1004 4654 in
1019 4614 1118 4654 cremo
1134 4599 1330 4670 septuaginta
1344 4599 1426 4653 viros
1440 4597 1530 4669 elegit
1541 4596 1801 4669 prudentesque

98 4686 357 4759 nuepiscopi,per
371 4687 920 4763 888811818111888188888881888888
972 4704 1041 4744 runi
1056 4687 1182 4744 consilio
1198 4691 1227 4742 et
1242 4687 1357 4743 auxilio
1372 4686 1602 4743 multitudinem
1619 4689 1738 4741 tantam
1754 4687 1799 4740 fa·

94 4774 254 4846 Evangelii
284 4776 408 4832 Christi.
434 4777 514 4834 Nam
537 4778 616 4834 sicut
639 4778 805 4835 lectoribus
825 4781 919 4836 Vetus
972 4777 1061 4833 cilius
1076 4778 1269 4847 gubernaret.
1285 4776 1354 4831 Sive
1368 4775 1523 4831 interioris
1541 4775 1606 4829 sive
1632 4774 1800 4847 superioris

94 4863 335 4936 Testamentum,
348 4867 393 4922 ita
408 4868 544 4924 diaconis
550 4870 836 4942 novumprcedicare
842 4887 918 4943 8118-
973 4867 1036 4922 sint
1050 4865 1166 4921 ordinis
1181 4864 1396 4934 sacerdotes,id
1411 4868 1457 4920 881
1472 4864 1536 4919 sive
1551 4863 1720 4936 presbyteri
1734 4864 1800 4918 sive

93 4957 214 5025 ceptum
228 4959 274 5010 est
284 4957 447 5029 ,praecipue
455 4958 647 5029 evangelium
660 4959 743 5031 quod
758 4959 831 5015 88118
843 4961 920 5032 18818
973 4956 1116 5028 episcopi,
1131 4955 1228 5010 vicem
1242 4957 1353 5023 gerunt
1367 4954 1480 5008 summi
1495 4952 1736 5025 pontificis,dunr
1746 4968 1799 5025 88-

93 5042 126 5097 18
141 5042 275 5099 Ecclesia
290 5046 490 5117 pronuntiare
509 5046 589 5103 11881.
617 5047 665 5103 Ad
688 5049 772 5120 ipsos
789 5049 921 5120 pertinet
974 5045 1063 5116 pules
1088 5044 1300 5116 delinquentes
1324 5042 1364 5097 81
1383 5042 1595 5114 poenitentiam
1620 5045 1742 5110 vocant,
1772 5046 1802 5098 et

93 5132 235 5188 assistere
250 5134 461 5191 sacerdotibus
476 5140 506 5194 et
521 5137 696 5192 ministrare
717 5137 750 5191 in
775 5136 920 5192 omnibus
974 5135 1148 5190 orationum
1169 5147 1295 5188 suarum
1319 5130 1540 5186 medicamento
1565 5128 1686 5185 sanant.
1714 5130 1804 5186 Unde

92 5236 161 5294 quae
175 5224 310 5292 aguntur
322 5223 355 5278 in
370 5226 570 5280 sacramentis
583 5224 708 5293 Christi,
724 5225 757 5279 in
766 5224 921 5296 baptismo
974 5222 1140 5294 Apostolus
1154 5222 1244 5277 dicit:
1261 5223 1345 5275 Deus
1361 5224 1434 5275 erat
1450 5222 1486 5273 tu
1499 5221 1625 5274 Christo
1635 5221 1801 5274 mundum

93 5309 253 5379 scilicet‚in
268 5311 444 5382 chrismate,
460 5313 493 5367 in
509 5316 622 5385 patena
635 5315 666 5368 ct
679 5311 922 5385 88118801118118
976 5312 1193 5365 reconcilians
1204 5311 1436 5379 111181888811
1449 5311 1486 5362 in
1497 5308 1587 5363 nobis
1604 5309 1737 5363 verbum
1753 5324 1803 5364 re-

95 5414 150 5455 nes
163 5399 256 5454 etiam
268 5400 382 5456 inferre
398 5404 427 5456 et
440 5400 602 5473 disponere
620 5401 653 5455 in
682 5399 783 5468 altari,
806 5415 922 5473 compo
975 5399 1226 5454 conciliationis.
1250 5399 1460 5453 onsecramus
1488 5412 1563 5466 erpo
1582 5411 1645 5466 pro
1672 5398 1801 5453 Christo

101 5502 172 5543 nere
185 5488 277 5543 etiam
297 5504 434 5545 mensam
450 5489 574 5545 Domini
598 5491 690 5560 atquc
710 5488 831 5558 vestire,
856 5505 921 5545 cru·
976 5488 1241 5543 reconciliamini
1253 5490 1314 5543 Deo
1331 5487 1379 5558 (II
1389 5489 1457 5542 Cor.
1475 5486 1516 5555 v).
1533 5485 1570 5540 In
1584 5485 1804 5556 hocigiturvi·

101 5590 166 5630 cem
180 5575 258 5631 18118
272 5580 302 5632 81
313 5576 723 5649 praedicareEvangeliumet
738 5576 920 5649 apostolum.
976 5591 1009 5631 ce
1021 5575 1197 5632 mediatoris
1211 5575 1385 5646 funguntur
1399 5574 1581 5643 sacerdotes,
1598 5572 1682 5645 quod
1703 5573 1804 5630 Deum

101 5661 149 5718 Ad
170 5662 255 5733 18888
279 5680 401 5737 quoque
432 5666 566 5739 pertinet
603 5665 734 5722 officium
775 5683 922 5741 precum,
975 5664 1176 5738 propeccatis
1196 5663 1302 5736 populi
1325 5666 1465 5733 exorant,
1488 5666 1518 5719 et
1541 5662 1725 5735 poenitentas
1749 5663 1803 5718 ab·

102 5749 867 5830 811888181181118811818111111111111
884 5758 924 5816 ad
976 5753 1121 5812 solvendo
1142 5751 1348 5810 reconciliant.
1370 5751 1562 5826 Quapropter
1594 5751 1739 5808 convenit
1768 5753 1805 5808 ut
