3742 6082
105 244 160 306 5⁶7
407 233 586 294 uueonrs
603 233 705 292 nas.
725 226 999 312 percanora.
1020 208 1121 289 eliis
1138 212 1178 289 11'.
1203 256 1238 276 -
1263 202 1507 293 monemus.
1759 239 1813 301 aas

108 363 162 421 ssd
174 366 211 420 ut
225 361 394 418 sanitatum
406 359 638 425 demonstraret,
658 356 741 428 quod
759 355 885 412 omnino
900 354 934 410 fi-
948 347 976 403 Α
989 369 1051 411 non
1066 357 1237 427 perveniret
1256 360 1439 433 poenitentia
1458 359 1510 416 sed
1532 359 1666 431 cogitata
1689 360 1812 417 afflictio

108 453 161 509 des
182 451 332 509 christina
359 449 511 505 abhorret.
528 447 690 517 Propterea
705 445 732 500 si
750 443 934 500 miraculum
988 448 1120 500 mentem
1149 450 1289 518 tergeret,
1314 463 1408 520 quam
1431 448 1576 504 nimirum
1599 448 1812 505 tantummodo

108 540 192 613 quod
201 539 354 596 Dominus
368 539 511 609 operatus
523 537 579 603 est,
596 532 805 590 sacerdotibus
819 547 881 588 non
894 532 934 588 ob
987 532 1121 603 cogitata
1131 534 1281 607 iniquitas
1294 536 1498 609 inquinasset.
1515 535 1601 601 Quod
1624 536 1651 592 si
1671 537 1744 609 quis
1757 535 1813 593 hoc

108 629 309 686 reverentiam
325 625 425 693 officii,
445 623 498 680 sed
513 622 552 679 ad
570 622 789 695 improperium
805 621 934 678 ostendi·
987 619 1024 676 de
1036 621 1173 693 quolibet
1187 623 1296 680 delicto
1320 623 1394 680 velit
1408 625 1543 696 accipere
1567 641 1573 678 :
1605 624 1683 680 sciat
1711 626 1813 680 tamen

109 720 180 775 tur:
197 715 272 788 quid
284 712 368 769 aliud
383 726 476 784 quam
490 711 562 768 novi
577 725 699 783 quoque
715 709 877 766 sacerdotii
899 710 933 766 in
988 707 1073 764 aliud
1090 715 1248 782 peccatum
1268 727 1344 781 esse,
1367 711 1451 768 aliud
1474 712 1662 784 impietatem
1685 713 1811 784 peccati.

107 803 260 878 spirituali
274 801 432 859 curatione
444 797 933 873 contemptuegeneratur?Sedet
987 796 1132 869 Impietas
1155 814 1288 872 namque
1307 800 1423 872 peccati
1446 801 1515 872 ipsa
1530 800 1698 857 rectissime
1718 800 1812 857 obdu·

106 890 184 948 illud
197 889 280 963 quod
294 888 416 946 dicunt:
442 890 631 961 Quocunque
650 889 727 944 hora
747 886 933 958 ingemuerit
986 887 1065 942 ratio
1080 888 1179 945 cordis
1192 888 1351 961 accipitur,
1366 904 1435 960 quae
1448 889 1582 960 primum
1598 889 1632 945 in
1654 903 1814 960 compunc-

105 981 245 1052 peccator
260 976 365 1034 salvus
378 977 456 1035 erit:
473 992 528 1048 ego
543 975 580 1033 de
593 976 633 1032 iis
652 975 803 1048 praecipue
815 975 932 1032 dictum
987 974 1069 1031 tione
1080 974 1219 1046 solvitur,
1235 980 1270 1033 ut
1282 976 1477 1049 postmodum
1492 976 1524 1031 in
1541 976 1733 1034 confessione
1746 992 1812 1050 pec·

105 1066 247 1123 existimo
259 1067 313 1138 qui
326 1068 423 1123 totam
438 1065 534 1122 vitam
549 1080 637 1121 suam
657 1065 691 1120 in
704 1067 827 1137 peccato
841 1079 931 1135 agen·
986 1067 1088 1119 catum
1103 1065 1216 1137 ipsum,
1231 1064 1264 1121 id
1278 1068 1324 1121 est
1337 1065 1476 1122 debitum
1488 1064 1698 1123 damnationis
1712 1065 1812 1122 absol·

105 1157 152 1211 tes
165 1155 199 1211 in
213 1154 274 1211 flue
285 1154 445 1227 poenitent,
458 1158 488 1210 et
502 1158 626 1226 peccata
641 1153 795 1224 deserunt,
807 1153 932 1225 quando
985 1154 1086 1208 vatur.
1104 1151 1162 1208 Sed
1179 1153 1243 1209 sive
1259 1152 1317 1210 hoc
1336 1153 1401 1210 sive
1426 1153 1487 1209 alio
1509 1168 1694 1227 quocunque
1720 1153 1812 1210 modo

102 1244 168 1317 jam
182 1242 216 1299 in
228 1243 285 1301 bac
298 1243 365 1300 vita
379 1246 501 1315 tempus
515 1243 736 1300 satisfactionis
745 1242 858 1298 habere
869 1257 932 1298 non
985 1239 1137 1312 praedictae
1152 1242 1350 1298 auctoritates
1364 1243 1558 1314 exponantur
1573 1257 1579 1296 :
1596 1256 1653 1298 nos
1667 1241 1813 1297 verisimi-

105 1334 248 1404 possunt.
264 1329 384 1396 Quibus
401 1330 514 1387 dicitur
526 1346 563 1386 ne
574 1334 678 1387 tamen
699 1330 762 1387 ullo
782 1331 873 1387 modo
895 1330 932 1386 de
985 1326 1013 1383 le
1027 1327 1207 1386 condimur
1222 1328 1393 1387 sacerdotes
1407 1329 1464 1385 Dei
1475 1329 1509 1385 in
1524 1329 1660 1386 Ecclesia
1677 1332 1812 1402 potesta·

105 1420 197 1476 venia
211 1420 382 1492 desperent,
399 1419 472 1491 quia
485 1422 515 1476 et
528 1423 601 1477 tuuc
616 1434 738 1492 quoque
748 1419 774 1476 si
789 1434 858 1476 vere
873 1435 933 1491 pes·
987 1419 1048 1472 tem
1060 1416 1172 1473 habere
1182 1417 1300 1488 ligandi
1318 1423 1411 1490 etque
1424 1417 1572 1488 solvendi,
1594 1433 1656 1473 non
1671 1418 1811 1490 perfunc-

105 1507 256 1564 nituerint
268 1507 506 1563 misericordiam
522 1507 669 1579 consequi
681 1507 796 1564 valent.
808 1508 874 1563 Hoc
885 1510 931 1563 est
986 1504 1063 1561 torio
1073 1508 1104 1561 et
1116 1505 1265 1562 inusitato
1281 1505 1414 1578 quodam
1437 1521 1546 1577 genere
1558 1505 1704 1578 loquendi
1718 1506 1812 1577 signi·

105 1595 187 1651 enim
201 1610 386 1667 quacunque
399 1595 485 1665 hora,
497 1595 611 1653 scilicet
623 1596 717 1652 etiam
727 1596 760 1651 in
774 1596 929 1663 extremis,
985 1594 1118 1663 ficatam,
1134 1595 1185 1651 sed
1210 1595 1359 1651 veraciter
1372 1611 1391 1649 a
1412 1595 1476 1651 Deo
1501 1608 1675 1651 concessam
1698 1595 1812 1667 quibus

104 1683 196 1739 etiam
210 1683 245 1739 iu
259 1682 388 1740 articulo
408 1684 611 1753 necessitatis,
630 1685 669 1739 si·
682 1688 822 1756 peccator
845 1684 929 1756 inge·
944 1687 970 1745 Β
985 1682 1101 1739 dictum
1116 1686 1181 1739 est:
1202 1683 1339 1750 Quorum
1361 1684 1540 1741 remiseritis
1563 1686 1688 1756 peccata
1707 1684 1810 1741 remit·

103 1771 227 1841 muerit,
240 1772 298 1829 hoc
311 1774 368 1842 est,
383 1787 421 1827 ex
442 1775 507 1828 tota
530 1771 629 1828 cordis
654 1773 837 1828 contritione
859 1788 929 1829 con·
984 1773 1093 1828 tuntur
1107 1772 1151 1828 eis
1162 1787 1172 1841 ;
1187 1775 1217 1828 et
1229 1787 1360 1844 quorum
1375 1771 1570 1841 retinueritis,
1578 1774 1696 1828 retenta
1709 1774 1809 1827 erunt.

103 1875 212 1916 versus
225 1859 329 1929 fuerit,
345 1858 449 1915 salvus
461 1860 520 1915 erit
534 1859 573 1915 ab
587 1863 702 1916 aeterna
717 1860 831 1916 scilicet
845 1860 946 1916 dam·
1018 1859 1078 1916 Sed
1091 1859 1170 1916 forte
1184 1859 1255 1932 quis
1269 1863 1402 1932 opponet
1416 1859 1498 1932 quod
1513 1859 1685 1916 sacerdotes
1696 1858 1812 1915 multos

103 1947 237 2004 natione.
254 1947 348 2014 Quasi
359 1947 428 2003 aliis
440 1947 542 2004 verbis
551 1947 702 2005 diceretur
718 1964 724 2003 :
742 1950 931 2022 Quocunque
983 1949 1016 2004 in
1029 1947 1164 2005 Ecclesia
1178 1947 1277 2020 ligant
1289 1949 1343 2020 qui
1358 1948 1440 2021 apud
1458 1949 1557 2004 Deum
1573 1963 1635 2004 non
1648 1947 1788 2019 ligantur
1800 1963 1811 2016 3

102 2034 179 2091 hora
191 2035 225 2090 in
239 2036 384 2108 praesenti
402 2036 466 2091 vita
490 2039 631 2108 peccator
653 2052 723 2094 vere
741 2039 929 2110 poenituerit,
982 2037 1056 2095 item
1071 2036 1185 2094 multos
1199 2036 1325 2093 solvunt
1338 2037 1392 2109 qui
1416 2036 1498 2109 apud
1516 2037 1614 2093 Deum
1634 2035 1724 2108 ligati
1748 2051 1814 2109 per·

100 2122 134 2179 in
147 2123 256 2179 futura
268 2123 334 2179 vita
348 2138 410 2180 non
424 2125 546 2196 peribit.
562 2123 650 2191 Quod
672 2126 699 2182 si
719 2126 790 2198 quis
806 2130 929 2182 conten·
983 2129 1120 2196 manent,
1131 2126 1205 2198 quie
1219 2138 1299 2198 saepe
1313 2129 1343 2180 et
1356 2126 1534 2182 innocentes
1542 2125 1684 2196 ligantet
1697 2125 1731 2181 in
1744 2140 1810 2180 rea·

99 2210 154 2267 dat
162 2210 239 2267 illud
253 2211 337 2284 quod
350 2211 466 2268 dictum
480 2216 537 2282 est,
563 2213 668 2269 salvus
685 2214 753 2284 erit,
775 2229 839 2272 non
863 2231 929 2273 esse
983 2218 1017 2271 tu
1033 2219 1245 2288 permanentes
1260 2213 1411 2283 absolvat,
1427 2217 1456 2270 et
1473 2214 1517 2271 sic
1539 2229 1647 2270 verum
1672 2227 1735 2269 non
1754 2212 1814 2269 erit

99 2296 216 2354 dictum
232 2298 269 2355 de
283 2299 452 2356 salvatione
464 2301 576 2373 quaein
591 2301 696 2357 futuro
712 2302 928 2372 tribuitur,sed
983 2320 1114 2376 quorum
1131 2303 1320 2372 remiseritis,
1336 2306 1392 2359 etc.
1408 2302 1467 2359 Sed
1481 2302 1640 2358 sciendum
1656 2306 1703 2358 est
1729 2301 1813 2374 quod

100 2385 137 2442 de
149 2385 204 2441 ifle
216 2387 321 2459 potius
335 2404 404 2460 quae
418 2389 451 2444 in
465 2390 610 2461 praesenti
623 2389 817 2447 absolutione
829 2407 929 2464 pecca·
983 2409 1062 2466 saepe
1077 2409 1163 2449 sacra
1176 2392 1333 2465 Scriptura
1347 2392 1390 2448 sic
1409 2391 1446 2448 de
1470 2407 1502 2447 re
1527 2391 1630 2464 aliqua
1655 2390 1808 2464 loquitur,

100 2476 202 2531 torum
218 2475 483 2547 condonatur,non
497 2493 620 2534 necesse
632 2482 679 2535 est
693 2482 795 2536 temen
810 2495 868 2537 nos
883 2480 927 2536 di·
983 2488 1018 2539 ut
1033 2482 1108 2555 quid
1122 2482 1193 2538 inde
1205 2486 1387 2539 eventurum
1400 2481 1442 2535 sit
1454 2480 1662 2553 praenuntiare
1669 2479 1813 2536 videatur

99 2575 166 2617 cere
187 2561 270 2633 quod
293 2566 433 2634 peccator
456 2564 496 2620 ab
518 2565 603 2621 omni
623 2565 726 2624 debito
750 2567 929 2625 absolvatur
982 2574 1013 2626 et
1026 2573 1130 2631 tamen
1144 2569 1289 2626 virtutem
1305 2570 1371 2641 eJus
1386 2569 1486 2641 magis
1501 2583 1594 2640 quam
1609 2572 1811 2625 eventumex·

99 2647 253 2707 statimex
266 2665 328 2723 quo
342 2666 462 2722 gemere
476 2653 610 2724 caeperit,
623 2653 720 2712 donec
734 2659 835 2713 totum
856 2672 926 2713 con-
981 2659 1106 2732 primat,
1121 2659 1195 2731 quia
1209 2673 1270 2714 non
1286 2657 1368 2730 quod
1383 2657 1505 2714 evenire
1516 2657 1634 2726 debeat,
1658 2655 1712 2713 sed
1726 2655 1810 2729 quod

99 2736 224 2795 secutus
237 2738 332 2795 fuerit
349 2738 518 2796 remedium
533 2740 616 2812 quod
635 2742 719 2799 Deus
733 2743 772 2799 ad
786 2744 926 2802 obtinsn·
982 2748 1103 2820 evenire
1113 2747 1212 2820 possit
1225 2746 1369 2803 ostendit.
1383 2745 1476 2802 Verbi
1490 2747 1608 2818 gratia:
1634 2744 1717 2802 Dicit
1738 2760 1812 2817 quo·

97 2823 169 2881 (lam
182 2826 306 2883 veniam
320 2827 466 2884 instituit.
484 2828 549 2884 Hoc
574 2833 737 2888 astantem
754 2833 924 2890 remedium
981 2835 1052 2893 dam
1066 2835 1134 2892 loco
1146 2835 1305 2908 Scriptura
1320 2851 1326 2890 :
1345 2837 1406 2896 oui
1421 2836 1600 2891 crediderit
1619 2839 1651 2889 et
1664 2834 1811 2903 baptiza·

98 2914 134 2969 ut
156 2913 244 2971 corde
269 2914 417 2986 paeniteat
438 2916 468 2972 et
487 2930 538 2972 ore
560 2916 742 2975 confiteatur
767 2919 924 2978 delictum.
982 2929 1036 2981 tus
1051 2924 1156 2993 fuerit
1171 2925 1284 2980 saluus
1299 2925 1364 2979 erit
1377 2923 1492 2994 (Marc.
1509 2922 1578 2988 xvr)
1594 2925 1740 2978 ettamen
1755 2921 1810 2976 sci·

97 2999 186 3066 Quod
194 3016 264 3058 cum
276 3001 382 3059 fecerit
390 3003 455 3075 jam
467 3004 602 3077 amplius
616 3005 735 3065 debitor
753 3008 925 3067 damnatio·
940 3033 964 3090 C
981 3027 1052 3069 mus
1066 3012 1148 3084 quod
1159 3010 1413 3068 multicrsdentes
1427 3010 1616 3083 baptismum
1629 3009 1810 3082 percipiunt

98 3088 147 3146 nis
157 3104 219 3146 non
234 3090 302 3146 erit.
319 3091 412 3149 stiam
425 3092 452 3149 si
465 3092 636 3151 satisfactio
646 3099 752 3166 restat,
764 3112 857 3170 quam
871 3115 927 3173 pro
983 3101 1038 3175 qui
1049 3104 1155 3174 postea
1173 3099 1272 3173 culpis
1297 3100 1362 3155 suis
1383 3099 1579 3170 exigentibus
1598 3097 1753 3171 reprobati
1770 3096 1810 3153 ad

105 3179 229 3250 peccato
242 3177 398 3250 persolvat
412 3178 520 3251 (iota).
529 3180 617 3246 Quod
638 3183 665 3238 si
686 3184 766 3241 forte
786 3190 927 3258 peccator
981 3189 1021 3246 ad
1035 3189 1164 3246 salutem
1177 3192 1323 3244 aeternam
1338 3202 1399 3243 non
1413 3186 1689 3259 pertinguntltem
1702 3186 1736 3241 in
1748 3184 1810 3242 alio

98 3279 169 3323 vere
184 3266 341 3339 paeniteat,
356 3266 410 3322 sed
423 3267 644 3326 intercurrente
658 3271 787 3329 articulo
802 3275 928 3332 necessi·
980 3277 1127 3341 locottlui
1136 3279 1456 3332 manducatcarnem
1464 3290 1571 3331 meam
1580 3275 1809 3332 etbibitmeum

97 3351 173 3408 tatis
191 3352 229 3408 ad
249 3353 472 3413 coniesuonem
491 3357 594 3413 venire
619 3373 681 3415 non
706 3361 814 3432 possit,
834 3363 925 3419 conti-
980 3369 1179 3437 sanguinem
1199 3366 1292 3421 babet
1309 3367 1413 3420 vitam
1434 3368 1604 3431 aeternam,
1618 3367 1650 3419 st
1674 3365 1712 3419 ix
1722 3364 1811 3431 juna

96 3438 202 3496 denter
213 3441 391 3512 pronuntio,
403 3442 486 3514 quod
499 3444 533 3499 in
557 3460 593 3502 eo
622 3461 764 3504 summus
786 3451 926 3508 sacerdos
981 3458 1070 3512 mum
1087 3470 1152 3511 noa
1164 3455 1340 3522 venieteed
1355 3453 1530 3509 transiero
1543 3452 1808 3517 mortainoitam

95 3529 226 3602 complet
237 3529 320 3604 quod
333 3531 472 3589 mortalis
486 3547 549 3590 non
563 3535 675 3606 potuit,
684 3539 715 3591 et
727 3538 808 3611 apud
823 3540 923 3597 Deum
982 3542 1089 3615 (loon.
1102 3543 1161 3613 vr),
1177 3546 1207 3599 et
1221 3545 1324 3624 tamen
1335 3540 1451 3597 Paulus
1464 3540 1556 3597 dicit:
1567 3538 1809 3609 Quodquisqur‘e

92 3615 157 3688 iam
170 3617 286 3676 facturn
301 3623 422 3677 constat
436 3622 519 3694 quod
541 3623 634 3682 homo
649 3626 773 3698 quidem
788 3644 858 3686 vere
872 3644 924 3687 vo·
981 3645 1096 3701 corpus
1119 3632 1251 3687 Domim'
1275 3631 1413 3700 indigne
1434 3627 1617 3685 manducare
1634 3629 1665 3682 et
1679 3625 1808 3683 calicem

95 3703 166 3776 luit,
180 3706 307 3765 sednon
318 3707 418 3766 voluit
430 3709 607 3784 adimplere,
618 3714 693 3786 quia
702 3716 924 3774 confessionem
979 3719 1084 3777 bibere
1097 3718 1336 3792 presumpserit,
1352 3718 1521 3786 judiciam
1541 3715 1605 3770 sibi
1619 3715 1808 3779 manducat

95 3807 158 3849 non
173 3798 367 3868 contemptus
380 3797 521 3869 exclusit,
543 3799 598 3857 sed
616 3801 776 3875 impedivit
800 3807 926 3864 necessi·
980 3806 1152 3879 creterra
1164 3809 1231 3864 Cor.
1248 3806 1284 3876 ιι)
1300 3805 1421 3878 Ubique
1436 3819 1507 3876 ergo
1520 3802 1619 3873 magis
1639 3801 1741 3857 virtus
1762 3817 1809 3857 sa·

95 3882 153 3935 tes.
168 3880 298 3937 Proinde
313 3883 340 3938 si
358 3884 391 3939 id
405 3885 488 3957 quod
509 3885 626 3945 dictum
650 3894 717 3946 est:
734 3892 924 3967 Quacunque
979 3899 1205 3953 crementorum
1220 3895 1412 3968 exprimitur,
1429 3907 1485 3949 neo
1493 3891 1576 3965 qued
1586 3905 1640 3964 per
1655 3905 1721 3947 eam
1736 3891 1805 3964 qui-

95 3965 172 4021 hora
190 3967 373 4037 ingemuerit
386 3975 526 4042 peccator
537 3973 643 4031 salvus
657 3977 726 4046 erit,
739 3978 777 4035 de
791 3995 923 4052 praeseu-
978 3984 1055 4041 libet
1068 3985 1287 4057 participantes
1302 3981 1435 4039 salvanti
1451 3982 1525 4050 sint,
1541 3980 1594 4037 sed
1608 3970 1690 4053 quod
1705 3979 1804 4035 salva·

95 4053 119 4109 ti
132 4052 231 4111 salute
245 4055 414 4128 accipitur,
427 4059 471 4114 sic
486 4059 775 4132 intelligendumest
791 4082 826 4124 ac
839 4069 868 4125 si
882 4069 924 4125 di·
977 4075 1005 4130 ri
1026 4075 1147 4147 possint
1171 4073 1369 4144 sgniiicatur;
1393 4071 1484 4144 quasi
1509 4069 1677 4125 diceretur:
1704 4068 1808 4125 Tanta

91 4144 212 4242 caretur
224 4146 297 4200 tune
306 4146 474 4216 peccatoris
488 4146 573 4203 salus
585 4149 705 4222 incipit,
726 4155 851 4225 quando
874 4172 921 4213 ve
977 4164 1078 4219 virtus
1092 4167 1138 4220 est
1150 4162 1348 4235 baptismatis
1364 4160 1556 4233 utquisque
1577 4157 1655 4214 illud
1676 4157 1807 4213 fideliter

92 4234 204 4309 racrtsr
214 4246 272 4305 pro
285 4229 405 4291 delictis
422 4234 488 4291 suis
511 4235 695 4309 ingemiscit,
723 4256 792 4313 quae
819 4246 922 4301 tamen
977 4255 1008 4308 et
1022 4251 1129 4308 devote
1143 4250 1291 4324 acceperit
1300 4265 1309 4318 ;
1325 4264 1378 4321 per
1395 4247 1473 4305 illud
1496 4246 1535 4303 ad
1554 4250 1700 4305 aternam
1719 4244 1801 4300 salu·

91 4317 177 4375 salus
192 4322 266 4375 tunc
279 4318 367 4392 plene
379 4322 545 4394 perficitur,
559 4326 684 4397 quaudo
698 4326 731 4383 id
744 4330 825 4386 unde
838 4331 922 4404 ingo·
977 4343 1039 4396 tom
1054 4340 1226 4412 pertingere
1238 4337 1345 4410 possit.
1373 4336 1451 4393 item
1471 4339 1559 4392 tanta
1580 4335 1680 4391 virtus
1698 4336 1757 4402 est,
1770 4333 1806 4389 in

90 4407 204 4505 irruerit
218 4408 310 4506 etlam
326 4423 378 4465 ore
393 4411 565 4467 confitetur.
581 4412 658 4473 Item
672 4414 750 4471 illud
775 4419 857 4490 quod
876 4421 921 4478 di·
977 4428 1152 4500 sumptione
1164 4427 1300 4500 corporis
1322 4428 1352 4481 et
1373 4424 1535 4496 sanguinis
1557 4421 1672 4479 Christi
1692 4424 1728 4477 ut
1750 4436 1806 4494 per

90 4497 188 4549 citur:
206 4493 285 4594 Quia
300 4494 399 4551 adhuc
415 4499 443 4552 te
464 4496 609 4570 loquente
630 4501 748 4560 dicam:
774 4507 850 4565 Ecce
868 4510 920 4567 ad·
975 4515 1073 4572 illud:
1089 4516 1270 4587 Quicunque
1292 4512 1384 4585 digne
1397 4512 1572 4585 sumpserit,
1597 4513 1744 4570 aternam
1758 4510 1804 4566 vi·

92 4596 162 4637 sum
176 4596 185 4650 3
201 4596 245 4659 src
259 4583 475 4640 convenienter
488 4590 590 4658 potest
613 4592 720 4665 accipi,
736 4596 818 4667 quod
833 4599 919 4670 prius
974 4606 1038 4660 tam
1051 4603 1197 4674 consequi
1209 4603 1316 4676 possit.
1329 4600 1429 4659 Simili
1441 4600 1532 4665 modo
1546 4599 1604 4655 hoc
1617 4598 1735 4654 dictum
1743 4599 1804 4655 exi·

89 4667 173 4725 Deus
191 4668 278 4727 adest
300 4685 356 4744 per
374 4673 506 4743 gratiam
527 4679 562 4732 ut
585 4693 636 4735 cor
652 4680 692 4736 ad
704 4685 918 4754 paenitentiam
974 4693 1076 4749 stimo.
1090 4691 1226 4758 Quorum
1240 4690 1489 4759 remiseritis,etc.
1505 4687 1550 4744 Ac
1564 4687 1591 4744 si
1603 4686 1741 4760 apertius
1755 4686 1800 4743 di·

87 4762 284 4858 compuagat,
299 4759 409 4818 dunde
423 4761 519 4834 adest,
540 4770 576 4821 ut
596 4774 791 4840 peccatorum
816 4774 917 4832 indul·
974 4783 1109 4837 caretur:
1126 4780 1257 4837 Tantam
1277 4779 1367 4836 vobis
1384 4779 1568 4850 potestatem
1592 4775 1627 4831 in
1648 4773 1804 4831 solvendis

87 4849 222 4946 gentiam
236 4847 393 4907 confitenti
408 4851 534 4915 tribuat.
555 4853 713 4915 Postremo
731 4861 764 4917 id
783 4863 866 4935 quod
881 4864 919 4923 de
973 4872 1004 4926 et
1016 4868 1151 4941 ligandis
1166 4868 1299 4940 peccatis
1314 4866 1437 4935 tribuo,
1465 4868 1501 4921 ut
1518 4863 1661 4937 quisquis
1676 4877 1695 4918 a
1713 4862 1804 4919 vobis

86 4933 430 5036 Psalmrstaqpponunt.
448 4940 540 4998 Dixi:
557 4944 808 5019 Confitebor,etc.
824 4951 916 5010 Sanc·
971 4955 1064 5028 ligari
1076 4956 1231 5025 meruerit,
1247 4954 1329 5028 apud
1345 4970 1394 5010 me
1404 4953 1524 5011 solutus
1538 4965 1677 5008 smenon
1691 4951 1801 5023 possit,

86 5025 138 5123 tus
151 5021 318 5094 Gregorius
332 5024 470 5100 deculpe
482 5031 679 5102 cogitationis
702 5040 917 5099 tantummodo
972 5050 1003 5101 et
1015 5045 1157 5118 quisquis
1172 5044 1290 5100 avobis
1305 5042 1382 5100 solvi
1402 5041 1548 5099 meruerit
1566 5041 1631 5115 jam
1646 5038 1730 5113 apud
1752 5054 1804 5097 me

85 5110 201 5169 drotum
214 5127 280 5170 esse
293 5115 403 5172 asserit
415 5115 450 5172 in
462 5116 527 5175 hac
538 5121 730 5197 verbaSaepe
742 5127 916 5187 misericors
970 5132 1086 5205 ligatus
1101 5149 1163 5189 non
1179 5132 1228 5188 sit.
1245 5131 1382 5188 Audiam
1392 5129 1544 5197 homines,
1554 5127 1804 5200 intelligantpeo·

84 5199 168 5256 Deus
180 5216 216 5257 eo
230 5202 322 5259 citius
335 5208 460 5275 peccata
474 5207 575 5264 cordis
585 5209 685 5267 abluit
698 5228 760 5284 quo
773 5214 838 5272 hec
852 5218 913 5273 exi·
970 5225 1089 5277 catores
1110 5220 1194 5293 quod
1220 5220 1397 5293 praesidium
1419 5220 1464 5276 eis
1484 5234 1504 5273 a
1524 5218 1588 5273 Deo
1613 5215 1802 5291 conceditur,

82 5288 165 5388 read
180 5304 272 5364 opera
287 5306 350 5347 non
371 5293 531 5364 permittit.
556 5296 642 5354 Unde
660 5303 741 5357 recte
763 5317 819 5373 per
834 5305 915 5361 Psal·
972 5309 1055 5380 quod
1080 5324 1203 5366 rursum
1225 5309 1376 5381 judicium
1406 5309 1607 5381 praeparatur.
1646 5305 1805 5361 Fortassis

79 5381 206 5433 mistam
217 5377 347 5435 dicitur:
362 5379 453 5437 Dixi:
469 5381 655 5455 confitebor,
670 5390 727 5443 etc.
754 5389 793 5445 lit
817 5391 910 5462 paulo
970 5395 1072 5453 Deum
1097 5396 1227 5454 necdum
1246 5395 1440 5470 interpellare
1467 5396 1662 5468 praesumunt
1685 5391 1806 5449 habeut

80 5470 151 5565 post
171 5481 265 5539 quam
289 5466 389 5539 facilis
405 5469 446 5525 sit
468 5485 561 5543 super
579 5470 638 5530 hoc
660 5475 752 5531 venie
766 5479 911 5552 ostendit,
969 5484 1111 5543 homines
1126 5484 1297 5542 sacerdotes
1310 5485 1376 5542 vice
1388 5484 1445 5542 Dei
1459 5484 1634 5555 iungentes,
1649 5496 1722 5537 cum
1738 5481 1807 5555 qui·

80 5552 223 5625 quidum
238 5569 270 5611 se
285 5554 387 5612 adhuc
405 5559 559 5630 promittit
578 5564 680 5632 potore
701 5561 759 5621 hoc
781 5569 864 5639 quod
879 5587 911 5629 se
968 5572 1031 5629 bus
1053 5574 1178 5630 interim
1199 5589 1324 5631 causam
1347 5588 1436 5629 suem
1460 5572 1525 5628 sine
1553 5568 1689 5643 periculo
1711 5584 1805 5642 agere

77 5644 179 5713 Ρθῑθΐθ
188 5643 393 5732 Pf⁰ffiffl0h²t
407 5646 545 5705 ⁰bfi¹1¹1st
559 5652 715 5721 ‚quatem
726 5654 801 5727 quia
813 5673 913 5732 usque
970 5665 1112 5735 possunt.
1128 5661 1242 5719 Amant
1254 5663 1470 5729 intercessores
1484 5663 1515 5716 et
1531 5659 1661 5715 timeant
1670 5657 1802 5737 judices.

76 5724 209 5802 ιι(1091ῑῦ
224 5744 288 5788 ¹10ss
303 5736 435 5789 V⁸¹¹0f³i
447 5732 548 5809 ⁰⁰19&
563 5751 662 5812 usque
677 5740 717 5797 ad
740 5745 912 5807 cruciatum
969 5751 1030 5811 Sed
1044 5751 1186 5808 fortassis
1199 5752 1311 5808 iterum
1326 5750 1438 5823 querit
1453 5748 1566 5822 aliquis
1577 5746 1739 5825 quidopus
1749 5749 1802 5822 sit,
