3742 6082
521 166 574 223 DE
592 165 879 225 SAGRAMENTIS.
900 163 1010 225 LIBRI
1028 164 1059 223 II
1077 164 1178 224 PARS
1196 166 1291 226 xliii.

490 393 672 508 PARS
714 392 1017 507 SEPTIMA
1059 394 1349 530 DECIMA.

733 633 788 689 DE
806 632 901 689 FINE
919 633 1082 690 SAECULI.

56 837 132 893 Cae.
150 836 174 891 I.
191 838 234 891 De
250 840 391 904 tempore
404 838 566 891 adventus
583 834 706 890 Christi
725 838 762 890 iu
778 838 882 891 uouis-
897 835 925 890 A
937 835 984 891 sui
995 835 1204 908 redemptoris,
1221 838 1379 911 adjutoris,
1396 840 1570 901 liberatoris
1585 849 1723 921 aspiciat.

202 925 285 979 simo
295 925 503 994 dupustiuus
516 927 559 978 ud
574 925 739 991 Erucium.
1010 923 1085 979 Car.
1104 923 1154 979 IV.
1172 928 1278 985 Quare
1293 930 1329 981 iu
1345 933 1522 988 tenuissimo
1537 939 1690 994 solvetur.

94 1013 140 1069 De
154 1012 323 1069 Salvatoris
336 1013 469 1067 adventu
485 1013 539 1085 qui
554 1015 747 1085 exspectatur
765 1014 798 1069 in
812 1014 883 1083 fine,
974 1012 1208 1082 extollentem,
1225 1017 1259 1069 ut
1272 1015 1387 1072 dictum
1403 1023 1459 1087 111,
1482 1020 1612 1079 Satanas
1631 1023 1663 1081 in
1678 1041 1764 1100 aper·

57 1105 198 1175 tempora
205 1100 399 1157 dinumerare
412 1117 473 1157 non
487 1101 595 1170 audeo,
606 1117 661 1158 nec
672 1102 805 1174 aliquem
820 1118 885 1174 pro
939 1103 1002 1156 tam
1009 1103 1262 1173 persecutionem,
1278 1102 1314 1159 de
1324 1103 1450 1161 latebris
1461 1116 1600 1182 erumpet
1611 1113 1761 1172 odiorum.

56 1191 183 1263 phetam
198 1190 235 1245 de
254 1190 311 1245 hac
337 1206 368 1246 re
386 1205 548 1245 numerum
573 1204 724 1246 annorum
743 1192 884 1247 existimo
939 1189 1012 1244 Haec
1033 1190 1115 1245 enim
1132 1191 1189 1246 erit
1212 1192 1381 1248 novissima
1404 1198 1573 1266 persecutio
1597 1202 1765 1261 novissimo

56 1279 237 1351 praefinisse.
251 1278 310 1333 Sed
321 1279 424 1350 potius
438 1278 515 1334 illud
538 1278 702 1351 praevalere
716 1279 798 1352 quod
819 1281 885 1352 ipse
937 1279 1117 1335 imminente
1138 1279 1264 1351 judicio,
1292 1297 1385 1353 quam
1413 1287 1520 1341 sancta
1541 1287 1676 1345 Ecclesia
1698 1295 1765 1349 toto

57 1367 211 1422 Dominus
227 1367 291 1422 ait:
308 1369 409 1422 Nemo
420 1372 527 1436 poteri
543 1383 729 1437 copuoecere
739 1374 885 1437 temporo
938 1371 1088 1424 terrarum
1100 1368 1173 1424 orbe
1186 1370 1329 1441 patietur,
1342 1373 1486 1429 universa
1497 1374 1638 1433 videlicet
1650 1379 1761 1436 civitas

58 1470 132 1525 quae
143 1456 245 1511 Pater
256 1457 367 1526 posuit
382 1458 418 1511 iu
433 1471 496 1511 suu
505 1462 667 1525 potestate
682 1457 883 1528 (Aetul'l'em-
938 1454 1053 1512 Christi
1069 1457 1108 1511 ab
1130 1458 1274 1513 universa
1295 1459 1418 1516 civitate
1442 1460 1556 1519 diaboli
1573 1469 1764 1536 quantacun-

57 1561 134 1618 pora
149 1559 220 1616 ergo
235 1549 410 1618 computare
423 1545 480 1600 hoc
501 1548 547 1601 eet
569 1535 665 1615 χρὲιουι
678 1547 830 1602 chronous
849 1548 885 1601 ut
939 1559 998 1615 que
1013 1545 1080 1613 erit,
1096 1549 1227 1617 utraque
1244 1562 1335 1618 snper
1349 1551 1471 1604 terram.
1488 1550 1576 1608 Unde
1591 1555 1764 1625 apostolus:

60 1635 195 1690 sciamus
209 1633 332 1705 quando
348 1635 388 1689 sit
410 1634 504 1706 hujus
526 1635 639 1705 soeculi,
661 1635 710 1692 vel
734 1636 884 1691 adventus
939 1631 1138 1703 Refriueeeet
1152 1635 1301 1689 charitat
1325 1638 1506 1692 multorum
1531 1646 1563 1695 et
1584 1643 1766 1700 abundabit

60 1723 187 1779 Domini
199 1721 276 1777 nihil
292 1721 375 1778 aliud
386 1722 462 1777 mihi
474 1722 595 1778 videtur
611 1740 704 1795 quam
720 1725 795 1780 seire
808 1724 885 1779 velle
940 1722 1104 1790 iniquitas
1121 1723 1247 1793 (Muttb.
1264 1724 1362 1791 xxiv).
1382 1723 1469 1780 Unde
1481 1725 1589 1784 Daniel
1610 1746 1615 1784 :
1639 1733 1680 1786 Et
1694 1733 1764 1802 erit,

60 1809 143 1881 quod
158 1810 224 1883 ipse
235 1810 288 1879 ait,
302 1811 378 1866 scire
392 1811 544 1866 neminem
555 1828 653 1884 posse.
663 1813 885 1886 OpportunItas
938 1810 1050 1881 Inquit,
1068 1816 1193 1879 tempus
1207 1810 1417 1867 tribulationis
1431 1814 1532 1886 qualis
1557 1833 1622 1872 nort
1636 1818 1706 1887 fuit
1725 1836 1768 1876 eu‘

60 1913 133 1955 vero
147 1897 232 1953 illius
247 1899 392 1971 temporis
406 1900 541 1971 proiecto
556 1916 618 1957 non
630 1902 697 1970 erit,
719 1906 883 1973 antequam
941 1916 1004 1970 quo
1028 1903 1102 1955 nata
1116 1904 1162 1955 est
1176 1915 1250 1971 gens
1265 1904 1493 1973 superterram,
1511 1910 1672 1975 usquead
1685 1914 1762 1964 tem-

60 1987 243 2060 praedicetur
251 1987 452 2058 Evangelium
468 1989 611 2045 universo
624 1990 690 2045 orbi
704 1991 737 2046 in
752 1991 885 2046 testimo
933 2004 998 2057 pus
1015 1990 1101 2043 illud
1117 1989 1208 2057 (Duo.
1225 1989 1293 2058 xu).

61 2076 298 2132 ninmomnibus
308 2076 461 2145 gentibus.
474 2077 676 2148 Apertissima
687 2078 769 2134 enim
783 2079 885 2135 dehac
936 2075 1010 2132 Gne.
1026 2076 1053 2129 V
1068 2079 1193 2136 Quanto
1208 2081 1349 2145 tempore
1359 2080 1424 2133 erit
1435 2081 1558 2135 ultima
1573 2083 1757 2141 tribulatio,

60 2179 92 2220 re
105 2164 219 2236 legitur
229 2165 382 2220 sententia
397 2164 564 2221 Salvatoris
586 2167 733 2223 dicentis:
750 2170 885 2237 111111-
899 2171 925 2229 Β
975 2164 1049 2219 Haeo
1062 2165 1233 2235 persecutio
1245 2165 1413 2220 novissima
1427 2166 1531 2222 futura
1545 2168 1584 2223 ab
1599 2170 1767 2228 AntIchris·

60 2254 888 2325 dicabiturboclivuupeliumrepuiiuuuiversoor
941 2252 1086 2307 totribus
1102 2251 1192 2307 annis
1208 2255 1237 2307 et
1252 2267 1306 2307 sex
1330 2253 1488 2310 mensibus
1502 2256 1568 2312 erit.
1585 2256 1654 2313 Non
1683 2260 1765 2316 enim

60 2341 95 2396 be
105 2342 142 2394 iu
154 2343 380 2396 testimouium
395 2343 545 2397 omnibus
559 2344 719 2412 pentibus.
731 2346 822 2421 huuc
837 2359 886 2399 ue·
940 2339 1043 2395 veniet
1055 2339 1094 2394 ad
1107 2340 1194 2395 vivos
1216 2343 1245 2395 et
1268 2344 1405 2398 mortuos
1417 2342 1600 2419 judicandos
1613 2345 1766 2418 Christus,

60 2429 887 2503 11111111111111111.)’11111111111111111111111
940 2427 1001 2482 nisi
1015 2427 1101 2499 prius
1115 2427 1233 2483 venerit
1247 2429 1286 2483 ad
1309 2427 1496 2486 seducendos
1509 2431 1543 2486 in
1562 2433 1665 2488 anima
1687 2450 1768 2491 mor·

59 2519 133 2571 ante
142 2531 206 2573 non
215 2515 333 2572 veniet?
341 2517 463 2583 Quanto
470 2519 726 2590 postergoveniat
735 2521 886 2576 incertum
939 2518 1010 2570 tuos
1023 2514 1217 2571 adversamus
1229 2516 1295 2588 ejtls
1309 2516 1530 2588 Antithrislua
1547 2536 1642 2589 quem
1658 2522 1764 2578 Domi·

60 2603 151 2660 nobis
165 2606 221 2659 est.
237 2604 317 2660 Ante
331 2608 433 2661 tamen
449 2621 511 2662 non
532 2621 598 2661 esee
618 2610 783 2663 venturum
798 2608 886 2664 dubi·
940 2604 1644 2681 1111111111ἰηιενροίετερίνίτα11111111(Ιί
1657 2611 1763 2667 l'lteee.

59 2695 125 2747 tare
138 2692 246 2763 utique
261 2708 322 2748 non
336 2693 491 2749 debemus.
518 2693 548 2749 Si
569 2710 639 2765 ergo
661 2694 747 2765 latet,
762 2697 886 2768 quando
940 2690 986 2762 11).
1371 2757 1374 2762 ⁸

59 2778 196 2835 Ecclesia
209 2780 412 2837 fructificante
427 2785 519 2853 atque
542 2786 703 2852 crescente,
723 2783 886 2839 universus
1023 2778 1097 2835 Car·
1113 2779 1164 2835 v1.
1179 2782 1222 2835 De
1234 2782 1379 2836 aduentu
1395 2782 1477 2837 Elioe
1490 2786 1522 2837 et
1534 2784 1674 2841 Heuoch.

59 2866 187 2924 omnino
201 2883 220 2922 a
232 2869 310 2924 meri
326 2885 424 2942 usque
438 2870 477 2925 ad
491 2885 575 2925 mare
594 2870 678 2925 orbis
696 2871 884 2943 implebitur,
974 2866 1083 2923 Veniet
1097 2871 1171 2923 tunc
1185 2866 1269 2923 Elias
1280 2868 1441 2925 Thesbites
1454 2874 1633 2939 autequam
1653 2876 1769 2931 venue

58 2955 272 3026 proculdubio
287 2956 361 3013 latet
375 2958 498 3029 quando
513 2958 584 3014 finis
597 2958 663 3014 erit.
681 2957 760 3015 11111
774 2960 886 3032 quippe
941 2956 1011 3010 dies
1028 2956 1160 3010 Domini
1175 2969 1316 3025 manuue
1330 2961 1361 3011 et
1372 2954 1513 3026 illustris,
1527 2960 1587 3027 qui
1601 2968 1773 3028 convertet

59 3058 122 3098 non
144 3043 212 3113 erit,
231 3047 319 3101 Tune
332 3047 533 3101 revelabitur
549 3049 606 3102 ille
621 3048 769 3117 iniquus,
793 3046 886 3104 idest
939 3057 993 3098 cor
1007 3043 1104 3115 patris
1119 3045 1164 3097 aa
1177 3042 1286 3112 fllium,
1310 3049 1342 3099 et
1365 3058 1419 3099 cor
1442 3044 1577 3103 hominis
1598 3052 1643 3105 ad
1665 3059 1771 3124 proxi-

59 3129 281 3202 Antichristus‚
293 3148 387 3202 quern
402 3136 561 3191 Dominus
571 3136 665 3189 Iesus
679 3135 827 3191 Christus
839 3137 886 3191 iu·
939 3146 1024 3186 mum
1040 3146 1131 3186 suum
1149 3146 1158 3200 ;
1185 3145 1226 3186 ue
1240 3130 1325 3204 sorte
1350 3132 1478 3188 veniens
1501 3139 1686 3204 percutiam
1710 3149 1773 3202 ter·

60 3220 151 3291 ficiet
168 3222 293 3288 spiritu
321 3224 388 3276 oris
403 3225 458 3277 sui
473 3222 522 3293 (ΙΙ
542 3223 645 3278 These.
662 3223 708 3290 11).
939 3234 1013 3274 ram
1026 3219 1150 3291 penitus
1165 3219 1256 3289 (Mal.
1273 3219 1328 3290 11).
1339 3220 1397 3275 Per
1406 3219 1490 3277 hunc
1502 3223 1603 3281 Eliam
1619 3242 1773 3301 magnum

95 3305 170 3363 Car.
188 3307 227 3363 11.
243 3311 285 3364 De
300 3311 422 3364 ultima
436 3311 662 3378 tribulatione,
677 3312 885 3382 Aupustiuue
939 3306 1173 3379 mirabilemque
1187 3307 1369 3379 prophetam
1384 3313 1414 3365 et
1427 3310 1529 3381 posita
1552 3313 1612 3369 sibl
1629 3314 1697 3391 lege
1713 3338 1770 3381 no-

334 3400 518 3455 decivitate
531 3400 599 3454 Dei.
938 3396 1066 3452 vissimo
1080 3399 1216 3468 tempore
1231 3398 1302 3452 ante
1314 3396 1464 3468 judicium
1475 3398 1599 3458 Judteos
1619 3404 1653 3462 in
1664 3407 1771 3470 Chris-

94 3483 183 3539 Tunc
197 3484 332 3540 solvetur
357 3485 487 3542 Satanas
508 3486 545 3542 de
559 3486 698 3542 custodia
712 3502 768 3542 sua
782 3492 812 3543 et
826 3488 886 3543 exi-
902 3507 926 3567 0
940 3486 1006 3539 tum
1020 3499 1139 3553 verum,
1154 3484 1186 3539 id
1198 3486 1245 3539 est
1257 3484 1290 3538 iu
1302 3483 1460 3541 Christum
1475 3491 1617 3547 nostrum
1633 3509 1700 3552 esse
1710 3513 1773 3556 creb

59 3571 105 3627 bIt
120 3571 160 3627 ad
172 3571 359 3629 seducendas
372 3575 603 3647 nationesque
620 3575 736 3630 suntin
751 3580 885 3648 quatuor
939 3572 1058 3628 dituros
1072 3572 1302 3628 celeberrimum
1327 3575 1383 3641 est,
1403 3573 1437 3628 in
1458 3578 1652 3636 sermonibus
1670 3586 1771 3643 cordi-

60 3659 183 3731 angulie
195 3663 283 3717 terrae
299 3678 305 3716 :
320 3662 388 3733 Gog
402 3666 432 3718 et
444 3663 565 3734 nagog,
581 3678 713 3735 quorum
737 3663 883 3741 interpre-
937 3656 1058 3733 busque
1069 3658 1216 3715 fidelium.
1233 3660 1302 3730 Ipse
1318 3660 1432 3731 quippe
1451 3664 1523 3716 ante
1537 3663 1705 3726 adventum
1716 3673 1770 3745 ju.

60 3749 452 3807 tationemnominumesse
462 3752 664 3824 comperimus
675 3768 680 3805 :
690 3751 883 3822 Gogteetum
938 3747 1014 3803 dicis
1027 3746 1194 3804 salvatoris
1204 3761 1265 3801 non
1280 3745 1434 3802 immerito
1451 3753 1593 3820 speratur
1616 3769 1772 3816 1111111--

60 3836 172 3908 Magog
184 3840 224 3893 de
235 3843 315 3894 tecto
326 3857 337 3906 ,·
347 3842 495 3912 tanquam
506 3839 617 3895 domus
627 3843 657 3895 et
671 3839 737 3911 ipse
752 3839 807 3911 qui
820 3854 885 3913 pro
938 3837 1037 3905 turus,
1053 3834 1106 3906 qui
1120 3834 1213 3889 etiam
1227 3849 1308 3890 nunc
1326 3834 1429 3890 vivere
1443 3850 1506 3892 non
1522 3837 1676 3901 1111111111
1700 3861 1766 3904 cre-1

59 3926 140 3983 cedit
154 3926 301 3984 dedomo.
318 3927 431 3984 Gentes
452 3944 522 4001 ergo
545 3932 617 3984 sunt
635 3927 797 4000 inquibus
820 3928 883 3983 dia·
938 3922 1030 3979 ditur.
1046 3921 1145 3977 Curru
1162 3935 1295 4008 namque
1311 3922 1400 3993 igneo
1420 3927 1530 3996 raptus
1545 3931 1592 3984 est
1612 3929 1649 3986 de
1669 3933 1769 3992 rebus

59 4014 165 4070 bolum
189 4014 274 4071 velut
297 4016 331 4072 in
351 4016 463 4087 abysso
483 4017 623 4089 superius
637 4015 885 4089 intelligebamus
937 4011 1093 4079 humanis,
1121 4009 1203 4081 quod
1235 4009 1463 4067 evidentissime
1488 4028 1574 4071 sacra
1605 4016 1769 4094 Scriptura

58 4101 224 4172 inclusum,
242 4106 271 4158 et
293 4104 358 4176 ipse
373 4105 410 4160 de
424 4105 486 4161 illis
510 4106 643 4177 quodam
664 4104 754 4160 modo
769 4105 886 4161 111111-
938 4101 1069 4154 testatur
1084 4099 1144 4168 (111
1154 4100 1227 4168 Rea.
1245 4099 1290 4170 11).
1302 4098 1379 4154 Cum
1392 4100 1510 4157 venant
1524 4118 1596 4175 ergo
1610 4120 1768 4181 exponen—

59 4190 160 4247 ierens
172 4195 203 4248 et
221 4193 396 4263 procedens,
419 4197 455 4250 ut
469 4194 530 4250 ihae
551 4195 614 4250 sint
629 4196 753 4264 tectum,
767 4194 833 4267 ipse
848 4193 885 4249 de
938 4186 977 4242 do
990 4186 1087 4257 legem
1102 4185 1304 4259 spiritualiter
1316 4202 1411 4259 quam
1424 4203 1506 4244 nunc
1521 4190 1621 4248 Judaei
1633 4197 1767 4253 carnalim

59 4281 118 4334 teet
141 4321 148 4333 ‚
938 4277 984 4330 ter
998 4275 1133 4347 sapiunt,
1149 4277 1306 4330 convertet
1319 4289 1370 4329 eor
1383 4276 1480 4346 patrie
1493 4276 1532 4332 ad
1545 4278 1654 4351 fllium,
1668 4283 1701 4340 id
1714 4291 1767 4343 est

119 4366 195 4422 Che.
212 4365 268 4421 III.
285 4369 391 4428 Quare
407 4372 500 4425 modo
514 4371 663 4425 diabolus
678 4371 813 4439 ituatur.
936 4362 1027 4418 corda
1040 4364 1163 4434 patrum
1178 4361 1217 4417 ad
1230 4361 1318 4417 illios,
1334 4361 1382 4418 Sic
1392 4364 1474 4418 enirn
1488 4379 1541 4421 eor
1553 4371 1676 4440 patrum
1692 4386 1765 4428 con·

93 4452 240 4524 Alligatio
254 4454 368 4511 diaboh
385 4461 507 4513 estnon
523 4457 659 4529 permitti
679 4472 816 4513 exercere
839 4459 882 4511 to·
936 4454 1072 4506 vertetur
1087 4451 1126 4506 ad
1138 4450 1218 4506 filios
1230 4466 1299 4506 cum
1323 4449 1526 4522 intelligentia
1552 4458 1677 4526 patrum
1690 4474 1760 4530 per·

58 4543 121 4598 tarn
138 4542 339 4604 tentationem
355 4560 447 4614 quam
463 4548 563 4616 potest
577 4544 627 4601 vel
640 4545 683 4614 vi,
698 4545 748 4601 vel
762 4543 830 4600 dolo
845 4542 884 4598 ed
937 4536 1064 4593 ducetur
1079 4537 1118 4593 sd
1129 4537 1364 4610 intelligentiam
1376 4537 1612 4608 tiliorum,eteor
1624 4541 1763 4602 filiorum

59 4628 247 4686 seducendos
269 4630 408 4688 homines
431 4633 464 4687 in
490 4636 608 4704 partem
637 4646 724 4688 suam
750 4630 883 4703 cogendo
938 4625 977 4681 ed
989 4632 1092 4698 patres
1105 4641 1210 4682 eorum
1223 4625 1297 4682 dum
1311 4626 1344 4682 in
1364 4626 1396 4682 id
1417 4625 1500 4698 quod
1522 4634 1684 4688 senserunt
1703 4632 1763 4706 llll,

57 4716 219 4789 violenter,
235 4720 484 4778 fraudulenterve
497 4720 641 4777 fallendo.
665 4720 752 4787 Quod
775 4721 801 4776 si
815 4736 882 4794 per·
937 4715 1129 4771 contendent
1143 4718 1172 4770 61
1184 4714 1248 4769 ibli-

57 4806 234 4862 mitteretur
245 4809 278 4863 in
293 4811 357 4864 tam
377 4809 468 4881 longo
482 4814 617 4882 tempore
643 4811 779 4864 attenta
800 4809 882 4865 infir·
896 4801 1010 4900 DGAP.
1026 4801 1093 4858 VII.
1111 4801 1153 4857 be
1179 4803 1343 4872 qualitate
1368 4817 1517 4871 pertense
1540 4807 1678 4872 judicie
1702 4815 1765 4874 Au·

57 4893 167 4951 mitate
181 4894 350 4952 multorum
364 4896 513 4969 plurimos
528 4896 605 4953 tales
618 4894 724 4968 quales
732 4895 816 4952 Deus
821 4911 885 4968 per·
1148 4891 1303 4960 emlinus
1315 4891 1355 4944 de
1374 4892 1546 4957 Trinitate.

56 4980 121 5050 peti
134 4980 168 5036 id
182 4997 244 5038 non
253 4983 322 5039 vult
333 4986 364 5040 et
376 4984 481 5041 fideles
492 4984 634 5058 dejiceret
641 4986 672 5040 et
681 4998 720 5040 ne
729 4982 884 5039 crederent
971 4979 1049 5034 Cum
1063 4979 1190 5033 venerat
1203 4977 1311 5032 Filius
1325 4977 1468 5034 bominis
1482 4982 1519 5036 in
1531 4980 1631 5057 gloria
1644 5003 1707 5045 sua
1731 4996 1765 5049 et

57 5065 230 5139 impediret,
245 5071 328 5143 quod
350 5087 388 5128 ne
409 5073 521 5130 taceret
543 5071 688 5144 alligatus
712 5074 768 5127 est.
798 5070 884 5127 Tunc
935 5065 1501 5136 1111111911111111111111111
1524 5077 1762 5147 conprepapun.

57 5155 139 5211 enim
156 5155 291 5214 solvetur
306 5160 429 5233 quando
445 5166 475 5218 et
486 5161 577 5218 breve
591 5164 713 5233 tempus
727 5157 883 5217 eritNam
936 5161 994 5211 tur
1005 5160 1084 5211 aute
1097 5169 1172 5210 eum
1195 5168 1306 5210 omues
1325 5159 1436 5225 pentes
1458 5159 1586 5224 (Marta.
1611 5164 1698 5234 xxv).
1720 5164 1768 5222 Et

56 5243 158 5300 tribue
180 5246 270 5302 annis
294 5251 324 5304 et
344 5264 397 5304 sex
415 5250 574 5306 mensibus
591 5249 705 5321 legitur
726 5247 792 5304 suis
811 5246 884 5304 totis
935 5242 1037 5299 ludaei
1051 5242 1164 5315 quippe
1178 5241 1232 5314 qui
1245 5241 1408 5297 inmelitia
1420 5251 1649 5316 perseverantes
1661 5250 1694 5305 in
1707 5250 1767 5308 illo·

56 5343 247 5405 suorumque
255 5334 376 5392 viribus
391 5339 566 5406 saeviturue,
581 5340 610 5393 et
621 5335 698 5392 tales
709 5338 800 5391 erunt
813 5349 882 5391 eum
933 5331 1050 5404 jndicio
1063 5328 1212 5404 puniendi
1225 5333 1308 5399 sunt,
1326 5331 1406 5388 sicut
1427 5332 1502 5390 alibi
1529 5335 1678 5407 scriptum
1692 5340 1739 5395 est
1752 5355 1766 5396 :2

56 5420 171 5489 quibus
187 5422 216 5477 ei
239 5423 481 5497 belligerandum
496 5428 552 5495 est,
568 5427 603 5480 ut
616 5424 698 5480 vinci
714 5425 800 5478 tanto
817 5423 883 5494 eJ'us
943 5421 1764 5492 1’1’111111111’1111111111111111111121111111;1111ιι

55 5506 175 5579 impetu
189 5509 372 5585 insidiisque
388 5528 450 5570 non
465 5513 594 5588 possint.
619 5510 761 5569 Solvetur
780 5513 883 5566 autem
936 5509 1118 5578 x1x;Apoc.
1134 5505 1250 5577 1).Gnm
1264 5507 1345 5563 enim
1359 5508 1433 5563 boni
1447 5511 1477 5564 et
1489 5508 1563 5565 mali
1574 5509 1672 5568 visuri
1687 5517 1766 5573 sunt

55 5593 189 5651 81111111
203 5597 237 5654 11
249 5598 309 5656 fine
330 5599 433 5658 saeculi
448 5604 483 5657 ut
502 5615 596 5675 quam
615 5599 724 5657 fortem
748 5597 885 5655 adversa·
934 5594 1068 5668 judicem
1086 5594 1228 5650 vivorum
1246 5595 1277 5650 et
1298 5598 1490 5651 mortuorum
1500 5611 1509 5665 ;
1534 5597 1640 5668 procul
1665 5599 1766 5661 dnbio

56 5682 140 5741 num
154 5683 213 5744 11
227 5685 337 5749 eruas
351 5689 553 5765 1111111111,
566 5685 769 5762 1111111111
787 5685 886 5761 grona
937 5680 1279 5755 condatensium
1287 5685 1433 5757 niumm
1449 5681 1690 5751 numanum
1703 5690 1765 5754 tor
