3742 6082
126 161 180 215 983

507 149 662 209 Eudorus
682 151 727 206 DE
747 151 775 206 S.
797 149 945 217 vicione
965 147 1041 204 OPP.
1062 146 1151 204 PARS
1171 138 1216 203 ill.
1237 180 1272 190 -
1291 147 1456 207 ursiton.
1789 153 1839 209 ddi

126 280 235 339 modos
250 276 441 348 distinguere,
455 280 485 333 et
499 276 652 333 distinctos
675 291 730 347 per
751 272 889 347 exempla
900 273 952 329 de·
972 275 995 329 A
1011 271 1100 328 bitrio
1109 271 1234 329 libenter
1246 273 1452 346 relinquimus,
1466 272 1540 347 quid
1555 275 1699 347 estquod
1713 291 1771 349 pro
1785 277 1839 335 hac

126 376 304 431 monstrare.

126 474 193 530 Cir.
207 471 239 527 V.
254 468 359 526 Tribus
370 464 556 537 potissimum
568 462 822 519 modborantium
831 463 955 532 affectus

391 551 423 605 in
438 548 531 604 Deum
549 547 686 603 excitari.

162 655 219 714 Sed
238 649 395 710 sciendum
419 645 561 718 primum,
588 644 672 718 quod
695 644 756 701 fere
779 659 869 702 omne
896 643 953 698 hoc

124 762 218 820 genus
233 739 350 808 orandi,
373 734 457 810 quod
471 733 656 808 quibusdam
680 750 803 807 prorsus
825 733 864 790 ab
888 748 953 788 ora·

123 835 211 893 tionis
236 847 293 887 usu
329 825 551 884 excludendum
579 823 704 891 videtur,
736 824 776 881 ad
811 821 953 896 captatio·

122 939 193 980 nem
206 918 342 994 pertinet,
357 931 451 989 quam
466 913 602 969 videlicet
616 912 828 985 captationem,
843 928 951 984 quam-

121 1013 167 1070 vis
190 1007 327 1083 superius
347 1004 435 1079 quasi
455 1002 584 1077 speciem
608 1000 834 1075 supplicationis
854 1017 951 1056 annu·

121 1100 317 1163 meravimuS,
344 1093 512 1151 secundum
532 1092 698 1166 quamdam
722 1096 821 1147 tamen
844 1090 951 1161 largio-

120 1208 185 1249 rem
200 1184 449 1246 consuetudinem
464 1197 525 1238 non
541 1181 638 1238 solum
661 1179 871 1254 supplicando,
898 1179 952 1235 scd

120 1281 211 1340 etiam
226 1274 407 1353 postulando
420 1276 448 1329 et
463 1271 645 1328 insinuando
669 1275 789 1342 captare
806 1269 949 1326 solemus.

120 1375 153 1428 ln
166 1367 334 1443 captatione
356 1368 457 1421 autem
480 1360 686 1418 benevolentia
700 1359 844 1416 auditoris
867 1375 949 1415 com-

119 1464 252 1536 paratur.
265 1454 351 1523 Ouod
360 1452 454 1510 tribus
467 1450 566 1508 modis
576 1450 618 1518 lit,
631 1449 823 1522 sivequando
836 1448 950 1523 aliquid

1008 360 1175 418 humilitate
1187 367 1216 419 et
1229 363 1387 420 devotione
1399 363 1477 435 juste
1494 378 1512 418 a
1527 365 1587 418 lleo
1600 362 1764 436 impetrare
1780 382 1839 424 nou

1008 449 1198 508 debeamus?
1215 453 1425 527 Unusquisque
1440 468 1511 523 ergo
1524 468 1594 508 curn
1606 451 1638 509 in
1651 454 1788 512 oratione
1796 456 1841 514 vel

1007 539 1141 613 psalmos
1151 542 1196 598 vel
1207 542 1281 599 alias
1293 559 1490 617 quascunque
1505 541 1667 614 scripturas
1687 544 1839 614 decantat,

1007 627 1163 698 diligenter
1188 630 1356 688 consideret
1377 631 1425 687 cui
1452 629 1572 687 affectui
1592 631 1730 701 serviant,
1758 638 1788 691 et
1801 633 1841 691 ad

1006 717 1090 774 illum
1101 719 1240 777 affectum
1252 725 1312 779 toto
1322 721 1451 777 nisucor
1466 736 1557 776 suum
1564 720 1681 791 excitet,
1697 722 1736 778 ad
1746 738 1842 796 quem

1007 808 1036 864 id
1052 809 1134 882 quod
1157 810 1289 884 loquitur
1314 809 1412 881 magis
1431 809 1578 882 pertinere
1602 810 1692 879 videt,
1717 811 1792 886 quia
1816 812 1841 869 si

1005 898 1166 955 verborum
1180 916 1248 972 quae
1263 900 1395 973 loquitur
1407 900 1547 956 allectum
1561 899 1708 969 habuerit,
1725 917 1781 974 per
1795 901 1840 960 ai·

1005 986 1116 1044 lectum
1131 988 1231 1062 ipsum
1246 989 1352 1046 melius
1377 990 1537 1047 verborum
1562 991 1701 1047 virtutem
1724 1007 1839 1063 cogno·

1007 1082 1078 1147 sect,
1094 1082 1121 1134 et
1133 1077 1357 1148 intelligentiam
1371 1078 1477 1152 capiet,
1498 1084 1527 1136 et
1540 1096 1594 1154 per
1613 1081 1778 1137 verborum
1793 1081 1838 1138 in·

1005 1167 1197 1237 telligenu'am
1211 1168 1241 1225 in
1253 1169 1399 1241 majorem
1412 1168 1604 1226 devotionem
1624 1169 1768 1227 allectum
1791 1187 1839 1233 ae-

1005 1255 1120 1312 cendet.

1005 1348 1071 1403 Cir.
1086 1347 1130 1402 Vl.
1158 1345 1308 1413 Qunrrtum
1328 1353 1434 1418 gratus
1448 1348 1487 1404 rit
1505 1349 1566 1405 Deo
1581 1349 1701 1418 favens
1721 1351 1836 1407 wantis

1352 1440 1487 1509 effeetus.

119 1550 150 1607 in
162 1548 284 1606 laudem
309 1545 373 1616 ejus
395 1541 533 1610 dicimus,
554 1540 615 1596 sive
639 1539 762 1612 quando
784 1538 897 1611 aliquid
912 1538 949 1594 de
1040 1526 1191 1591 Ouinium
1205 1531 1305 1583 aulem
1321 1527 1446 1585 affectus
1470 1527 1759 1586 ⁰0¹'disb011118900
1774 1530 1835 1603 Pia·

118 1642 223 1694 nostra
237 1633 357 1691 miseria
372 1645 656 1695 commemoramus,
668 1627 715 1684 vel
724 1628 815 1684 etiarn
825 1627 949 1700 qnando
964 1632 985 1687 B
1003 1616 1421 1685 ⁰0³irh¹1m³11³1101>i50iiss111
1432 1618 1630 1686 consuetudo,
1642 1620 1834 1693 quamvisvi·

118 1725 242 1799 aliquid,
258 1722 341 1795 quod
352 1719 392 1776 ad
402 1719 627 1790 depressionem
642 1716 883 1774 adversariorum
897 1734 950 1773 no·
1002 1703 1088 1771 tiosa,
1106 1705 1240 1777 quadam
1260 1711 1361 1762 tamen
1376 1706 1493 1762 virtutis
1507 1705 1672 1764 imitatione
1694 1707 1834 1765 demons-

99 1821 248 1874 ,strorum
264 1814 388 1885 spectat,
402 1808 432 1864 in
446 1807 581 1863 medium
595 1807 784 1863 adducimus.
806 1807 947 1862 Dicamus
1003 1798 1068 1851 ii'ssi·
1082 1798 1163 1851 Cssl'ie
1172 1795 1309 1851 Videmus
1318 1796 1489 1853 adilifliffl'es
1499 1797 1626 1871 qualiter
1635 1814 1666 1854 ⁵0
1674 1814 1747 1868 erga
1756 1798 1831 1867 illos,

117 1905 207 1977 igitur
228 1916 334 1958 omnes
352 1898 418 1954 illas
444 1897 618 1969 Scripturas,
643 1913 719 1968 quas
743 1896 948 1968 quorumdam
1002 1883 1141 1956 aquibus
1155 1883 1269 1957 aliquid
1282 1889 1434 1958 expetunt,
1448 1885 1573 1942 devotos
1583 1885 1736 1942 simulant.
1750 1889 1832 1960 Saepe

118 1993 219 2068 opinio
243 1986 447 2047 adorationis
471 2002 561 2040 usum
576 2001 637 2041 non
659 2001 723 2040 esse
747 1986 947 2041 assumendas
1001 1973 1233 2045 procedentibus
1253 1974 1374 2030 obviam
1389 1979 1471 2046 eunt,
1495 1974 1527 2030 in
1547 1974 1635 2031 turba
1658 1977 1831 2032 constitutos

117 2081 275 2146 existimat,
291 2076 402 2134 idcirco
422 2074 532 2131 utiliter
551 2074 670 2140 debere,
683 2079 718 2147 et
736 2075 947 2134 convenienter
1001 2061 1575 2133 P0fflll0⁵iS⁸³iuii¹i10ssib1¹S1¹01¹⁰r81¹i2
1592 2063 1717 2119 irasssire
1731 2063 1832 2120 voleu-

116 2185 205 2246 posse
219 2169 375 2224 intervota
389 2181 513 2238 precum
538 2168 709 2221 nostrarum
730 2164 769 2220 ab
791 2165 947 2221 orantibus
1001 2149 1080 2206 tibus
1105 2149 1185 2206 Viam
1205 2155 1387 2224 Pl'aelissfflssb
1415 2151 1489 2208 ⁸50⁸
1508 2151 1608 2209 ¹0⁰11ffl
1631 2152 1829 2251 dflissl'uilbffli,

115 2257 240 2321 recitari.
256 2256 328 2329 quia
342 2255 373 2311 in
389 2254 477 2311 nobis
487 2253 627 2311 allectum
647 2253 703 2325 pice
718 2253 885 2310 devotionis
899 2271 947 2310 ex·
1000 2238 1141 2296 d0ffli⁰⁰⁵
1163 2239 1322 2297 adventare
1336 2241 1533 2314 lis⁰⁰¹ffl11³ssir
1549 2241 1707 2298 Ossihedras
1720 2257 1752 2297 ur
1769 2259 1830 2299 me·

116 2344 217 2412 eitant,
231 2347 260 2398 et
274 2358 325 2397 cor
349 2344 484 2396 nostrum
508 2338 553 2395 vol
577 2338 728 2394 narrando
750 2337 871 2393 laudem
895 2338 945 2394 Dei
1000 2328 1605 2403 (110⁰⁰11⁵iiit111ssbpuivissiiiiaSierssiffli,
1622 2330 1751 2403 pedibus
1765 2347 1830 2404 pr0·

116 2433 156 2490 ad
169 2433 233 2505 ejus
246 2446 381 2488 amorem
396 2433 570 2503 provocant,
584 2426 631 2482 vel
643 2431 779 2483 nostram
792 2427 944 2483 miseriam
1000 2415 1167 2474 Volvuntur·
1185 2422 1226 2474 Ex
1239 2419 1369 2492 antiquis
1384 2419 1512 2476 historiis
1532 2420 1685 2491 magnalia
1709 2425 1828 2495 patrum

115 2519 394 2584 commemorando,
411 2523 479 2574 ante
491 2522 685 2590 conspectum
701 2516 765 2587 ejus
780 2532 836 2571 nos
848 2516 945 2573 humi.
999 2505 1154 2578 replicant,
1169 2507 1222 2562 etsi
1242 2507 1272 2562 in
1286 2507 1327 2563 cis
1339 2524 1400 2564 non
1424 2508 1580 2566 inveniunt
1601 2508 1674 2581 quid
1695 2508 1829 2579 laudent,

113 2611 197 2679 liant,
234 2608 282 2665 vei
313 2606 458 2664 malitiam
494 2605 735 2662 adversariorum
772 2609 943 2661 nostrorum
999 2594 1134 2668 priorum
1147 2594 1271 2652 fuciuud
1284 2613 1389 2654 eorum
1403 2597 1526 2653 laudem
1537 2601 1720 2672 retorquent,
1737 2616 1769 2655 se
1783 2598 1830 2658 de-

113 2680 335 2772 eraggerando,
362 2700 391 2753 et
417 2694 519 2752 utilem
546 2694 634 2750 nobis
662 2694 891 2751 sollicitudinem
915 2700 943 2750 et
998 2689 1094 2753 V010⁸‚
1111 2701 1142 2742 ⁸⁰
1157 2685 1235 2742 fidOS
1255 2702 1317 2743 ¹10ss
1339 2687 1436 2744 solum
1461 2687 1574 2756 dicuni,
1599 2687 1652 2744 sed
1669 2689 1782 2759 jurani,
1801 2693 1829 2745 ei

112 2790 256 2848 fiduciam
279 2802 382 2845 eoram
403 2786 469 2859 ipso
490 2784 667 2857 ampliorem
690 2789 842 2857 praestant.
867 2788 942 2842 Lau.
998 2774 1081 2847 quod
1106 2792 1170 2832 esse
1194 2776 1298 2846 nolint,
1326 2778 1383 2834 hoc
1399 2776 1481 2834 omni
1505 2777 1603 2833 studio
1622 2776 1716 2834 videri
1743 2777 1828 2834 labo-

112 2880 182 2936 dem
198 2878 247 2935 Dei
263 2876 439 2951 inpotentia
454 2873 940 2944 ctbonitateejnscognoscimus,
996 2867 1073 2920 runi.
1100 2865 1241 2937 Nunquid
1260 2866 1370 2938 putatis
1390 2867 1470 2937 juste
1493 2866 1671 2940 reprehendi
1695 2873 1826 2941 possent·

110 2968 258 3026 Miseriam
270 2970 406 3022 nostram
420 2965 451 3020 in
464 2963 533 3035 hoc,
549 2963 632 3035 quod
647 2962 765 3034 fragiles
781 2967 809 3018 et
835 2978 940 3035 pecca·
957 2993 978 3049 C
997 2953 1021 3009 Si
1031 2957 1131 3011 essent
1144 2954 1228 3028 quod
1244 2971 1305 3011 non
1328 2961 1407 3026 sunt,
1430 2957 1484 3013 sed
1506 2973 1571 3013 esse
1595 2973 1626 3013 se
1640 2957 1784 3027 lingunt?
1799 2956 1826 3015 Si

112 3059 190 3110 tores
212 3068 327 3108 sumus.
344 3049 483 3107 Malitiam
506 3048 745 3126 adversariorum
767 3057 941 3104 nostrorum
996 3039 1053 3097 hoc
1072 3042 1187 3099 malum
1207 3049 1282 3100 esset
1305 3049 1337 3101 ut
1360 3044 1434 3101 tales
1458 3049 1567 3114 essent,
1593 3061 1646 3102 cur
1671 3049 1825 3120 tantopere

111 3144 182 3218 quia
197 3141 277 3199 etad
292 3139 495 3213 diripiendum
511 3141 580 3194 sunt
603 3137 703 3204 astuti,
722 3142 750 3211 et
776 3137 815 3194 ad
838 3137 939 3210 oppri-
996 3131 1070 3187 tales
1097 3132 1191 3189 videri
1218 3134 1362 3191 student?
1391 3139 1453 3191 lmo
1478 3151 1550 3191 vero
1579 3134 1604 3191 si
1629 3135 1703 3192 tales
1728 3140 1826 3192 essent

110 3231 256 3289 mendum
291 3228 385 3302 impii.
417 3227 479 3285 Sive
506 3226 596 3296 igitur
622 3225 744 3283 laudem
777 3225 828 3282 Dei
854 3225 940 3282 boni·
995 3219 1100 3292 quales
1124 3237 1155 3276 Se
1179 3220 1297 3292 siussuni
1319 3227 1347 3278 ei
1374 3240 1436 3279 11011
1465 3228 1544 3290 suni,
1565 3240 1631 3280 vere
1657 3223 1825 3282 laudabili„

109 3326 168 3380 tate
181 3322 246 3393 ejus
258 3324 287 3377 et
299 3317 441 3393 potentia,
458 3317 517 3372 sive
532 3315 684 3372 miseriam
699 3319 833 3371 nostram
847 3314 878 3371 in
892 3316 938 3371 in·
995 3312 1103 3365 essent.
1119 3312 1176 3365 Nec
1192 3310 1231 3366 ob
1247 3311 1338 3368 aliam
1349 3319 1473 3369 causam
1487 3328 1592 3369 eorum
1604 3313 1706 3388 petitio
1719 3313 1759 3371 ab
1774 3315 1825 3372 ho

108 3410 249 3468 firmitate
264 3413 292 3464 et
304 3405 394 3479 culpa
408 3409 520 3471 nostra,
546 3403 604 3458 sive
630 3403 775 3460 malitiam
796 3403 938 3461 adversa·
994 3397 1127 3453 minibus
1142 3415 1220 3472 saepc
1235 3400 1393 3474 respuitur,
1410 3401 1468 3457 nisi
1485 3403 1556 3474 quia
1572 3401 1645 3459 tales
1658 3418 1722 3460 non
1746 3419 1822 3474 esse,

108 3501 221 3557 riorum
238 3501 408 3554 nostrorum
420 3495 452 3550 in
466 3492 624 3566 tyrannide
642 3508 745 3549 eorum
769 3496 797 3549 et
818 3493 936 3563 astutia,
994 3485 1099 3560 quales
1114 3487 1276 3558 selingunt
1291 3489 1522 3558 esse,sciuntu1·.
1546 3491 1574 3550 Si
1589 3507 1661 3563 ergo
1685 3491 1727 3548 ilii
1745 3493 1822 3564 juste

108 3586 148 3642 ad
162 3581 403 3642 exercitationem
418 3578 525 3635 mentis
537 3583 565 3635 et
579 3582 775 3649 angmentum
789 3576 938 3633 bonaede
993 3574 1024 3632 in
1040 3574 1100 3631 suis
1122 3576 1262 3649 precibus
1286 3577 1479 3651 repelluntur,
1504 3579 1576 3652 quia
1596 3579 1730 3636 sciuntur
1751 3579 1822 3636 tales

107 3674 236 3732 votionis
256 3676 375 3730 orantes
400 3684 685 3738 commemoremus,
707 3666 779 3723 nilril
800 3667 936 3741 ineptum
992 3680 1054 3720 non
1067 3680 1131 3722 esse
1145 3665 1250 3739 quales
1261 3682 1293 3722 se
1308 3682 1373 3723 esse
1385 3666 1503 3737 fingunt
1520 3686 1526 3723 :
1541 3671 1573 3724 ut
1583 3684 1639 3724 nos
1652 3684 1822 3726 mereamur

106 3764 234 3822 iacimus
250 3768 279 3819 et
300 3778 353 3835 per
374 3761 457 3834 pium
479 3760 619 3815 allectum
643 3774 735 3831 quem
758 3757 824 3830 ipsa
848 3756 936 3813 nobis
991 3755 1075 3828 quod
1092 3755 1221 3828 petimus
1243 3774 1261 3811 a
1282 3759 1342 3812 lleo
1357 3759 1521 3830 percipere,
1544 3757 1649 3831 quales
1669 3757 1712 3814 illi
1730 3774 1761 3814 50
1783 3758 1820 3814 εἰ.

106 3854 197 3910 verba
216 3852 353 3916 excitant,
374 3850 486 3922 ubique
508 3853 628 3905 orantes
658 3863 772 3903 snmus.
800 3849 834 3902 Ut
855 3846 935 3903 enim
991 3844 1117 3916 mulant,
1135 3843 1208 3901 tales
1224 3845 1399 3903 studeamus
1414 3847 1445 3902 in
1460 3836 1581 3904 v'eritate
1599 3849 1657 3903 lieo
1670 3863 1727 3904 nos
1742 3847 1820 3904 exhi·

105 3941 232 3998 breviter
261 3943 368 3994 cuncta
391 3937 583 4010 complectar,
611 3937 847 4019 quotiescunque
870 3936 934 3992 lau·
990 3931 1070 3989 bere.
1088 3933 1291 3991 Ostendemus
1313 3933 1384 3990 ioris
1405 3934 1514 4006 verbis,
1536 3934 1647 3992 habere
1662 3952 1718 3992 nos
1738 3937 1817 3993 intus

105 4029 176 4084 dem
189 4025 421 4088 Deinarramus,
438 4039 626 4095 qmecunque
651 4023 710 4078 sint
731 4021 823 4078 verba
841 4040 936 4096 quan·
990 4036 1062 4093 erga
1087 4025 1180 4078 Deum
1207 4023 1346 4080 affectum
1375 4023 1549 4081 devotionis.
1578 4028 1610 4083 Et
1633 4041 1695 4081 non
1721 4026 1818 4083 solum

104 4122 290 4188 tumcunque
305 4110 430 4188 prolixa,
453 4109 527 4182 qnid
548 4110 579 4167 in
604 4109 651 4165 his
674 4109 815 4166 omnibus
835 4115 934 4167 tamen
990 4110 1194 4178 ostendamus,
1209 4112 1262 4168 sed
1275 4111 1358 4184 quod
1372 4113 1559 4170 ostendimus
1573 4113 1748 4170 habeamus.
1766 4118 1817 4183 Ne,

104 4204 184 4263 intus
203 4220 254 4261 cor
271 4204 409 4260 nostrum
424 4200 480 4256 nisi
494 4199 552 4256 lroc
574 4215 668 4255 unum
692 4197 834 4271 loquitur,
850 4199 934 4271 quod
990 4198 1015 4253 si
1030 4198 1128 4255 solum
1142 4199 1352 4272 ostendamus,
1368 4216 1429 4257 non
1443 4203 1506 4258 veri
1521 4206 1669 4260 amatores
1682 4202 1819 4259 sedndu·

103 4312 174 4354 eum
189 4294 344 4353 admirans
359 4295 451 4360 amat,
462 4288 632 4347 clamando
645 4286 833 4344 admiratur?
847 4286 933 4344 Simi-
988 4285 1096 4344 latores
1111 4289 1216 4356 simus,
1230 4294 1258 4344 et
1271 4289 1343 4361 quia
1360 4293 1454 4347 Deum
1469 4292 1665 4349 ostentatione
1680 4291 1817 4366 decipere

102 4383 168 4442 liter
181 4385 306 4458 quando
320 4383 358 4438 de
371 4387 473 4437 nostra
495 4379 614 4436 miseria
629 4392 731 4433 eoram
753 4390 788 4431 eo
813 4380 932 4432 orantes
987 4392 1050 4433 non
1073 4393 1247 4450 possumus,
1268 4379 1469 4454 nosmetipsos
1492 4382 1592 4454 potius
1616 4381 1815 4454 decipiamus.

103 4474 234 4545 agimus,
249 4484 439 4545 qurecunque
455 4469 514 4524 sint
536 4467 637 4533 verba,
662 4468 931 4538 quantumcunque
987 4467 1130 4522 Praeterea
1145 4465 1220 4522 sicut
1244 4465 1415 4524 adrdatcres
1430 4469 1602 4527 simulatam
1624 4469 1816 4529 devotionem

102 4560 229 4634 prolixa,
253 4557 328 4631 quid
351 4557 380 4611 in
400 4555 446 4611 lris
468 4571 519 4610 cor
541 4557 678 4609 nostrum
705 4551 775 4607 dicit
796 4552 852 4608 nisi
872 4554 931 4611 hoc
985 4553 1100 4627 priores
1110 4553 1248 4623 offerunt,
1265 4559 1293 4611 et
1305 4571 1358 4628 per
1370 4573 1438 4613 eam
1460 4557 1589 4626 illorum,
1615 4574 1694 4632 quos
1713 4557 1816 4632 depre-

103 4665 209 4721 unum,
228 4646 312 4722 quod
326 4643 504 4702 confitemur
525 4659 581 4699 nos
604 4640 839 4699 misericordiam
863 4645 929 4715 ejus
986 4647 1101 4711 cantur,
1118 4643 1245 4714 gratiam
1259 4662 1435 4719 comparare
1449 4647 1562 4715 volunt,
1580 4647 1622 4703 sic
1635 4651 1663 4704 ct
1676 4663 1733 4705 nos
1748 4664 1815 4721 pre·

102 4753 245 4814 quaerere,
261 4735 332 4792 etin
346 4751 382 4791 eo
395 4749 517 4790 omnem
530 4729 672 4787 fiduciam
684 4734 820 4788 nostram
841 4732 929 4788 collo·
984 4732 1069 4790 cibus
1081 4732 1190 4789 nostris
1200 4735 1420 4807 preveniamus
1429 4735 1537 4794 faciem
1543 4736 1707 4807 Domini,et
1718 4742 1815 4794 ulma.

101 4828 193 4886 carel
209 4828 280 4893 Quo
289 4824 409 4882 devotio
419 4827 533 4897 quanto
545 4820 704 4878 humilitati
719 4821 927 4896 propinquior,
984 4838 1105 4877 reamur
1126 4821 1260 4878 obtinere
1283 4823 1366 4896 quod
1387 4825 1527 4896 petimus,
1553 4841 1615 4882 non
1642 4825 1814 4883 simulam

101 4917 313 4975 tantoestDeo
328 4911 546 4986 acceptabilior.
564 4915 634 4968 ltern
655 4927 725 4966 cum
746 4910 929 4967 arlversario·
983 4910 1183 4979 devotionem,
1217 4910 1270 4967 sed
1298 4928 1398 4969 veram
1425 4913 1599 4971 charitatem
1639 4913 1812 4972 offeramus.

100 5022 168 5062 rum
183 5009 354 5062 nostrorum
364 5001 508 5058 malitiam
522 4998 748 5057 lucrationibus
761 4998 928 5055 nostrisco-
984 4998 1189 5055 Beatilicemns
1215 4999 1328 5056 amicos
1353 5002 1471 5057 Domini
1491 5003 1596 5073 nostri,
1620 5002 1813 5074 indignemur

98 5111 165 5152 ram
195 5098 255 5152 lteo
279 5107 469 5156 accusamus,
503 5088 724 5163 qualiacunque
749 5086 806 5142 sint
833 5086 926 5143 verba
983 5087 1111 5145 inimicis
1124 5089 1199 5161 ejus,
1215 5088 1375 5147 laudemus
1389 5091 1419 5146 in
1431 5108 1466 5148 eo
1478 5091 1653 5166 potentiam,
1674 5090 1812 5163 magnid-

98 5192 367 5260 quuutumeunquc
393 5180 518 5254 prolixa,
543 5178 616 5252 quid
640 5182 741 5233 tamen
765 5175 846 5232 aliud
873 5192 926 5249 per
982 5176 1812 5253 cemuspietatem,admiremursapientiamextollamus

97 5274 161 5331 hice
174 5274 276 5331 omnia
287 5287 379 5345 quarn
387 5271 503 5340 justum
513 5267 660 5338 judicium
675 5264 726 5321 liei
736 5264 774 5319 ad
786 5264 878 5319 nostri
890 5264 924 5319 li·
982 5266 1221 5337 generositatem,
1237 5267 1441 5341 approbemus
1454 5269 1635 5341 equitatem.
1653 5273 1725 5325 ltem
1745 5286 1812 5328 nar·
1841 5300 1845 5305 -

96 5365 282 5422 berationem
292 5360 492 5434 exposcimus,
504 5363 536 5412 ut
546 5355 650 5427 eripiat
663 5370 716 5409 nos
734 5353 772 5407 ab
791 5351 835 5419 iis,
851 5369 924 5425 quo·
981 5372 1082 5412 remus
1096 5356 1121 5412 ei
1138 5356 1289 5414 miseriam
1301 5362 1445 5427 nostram,
1462 5359 1628 5417 indicemus
1642 5359 1668 5416 ei
1683 5361 1812 5418 necessi·

96 5472 164 5511 rum
175 5451 331 5527 tyrannide
342 5450 450 5521 injuste
465 5444 673 5519 opprimimur,
686 5446 714 5498 et
723 5458 854 5515 quorum
862 5458 924 5498 ma·
980 5449 1071 5503 tatem
1084 5451 1227 5513 nostram,
1242 5446 1408 5504 iudicemus
1421 5448 1625 5506 etrevelemus
1638 5448 1663 5506 ei
1683 5449 1812 5509 infirmi-

95 5541 189 5599 litiam
211 5544 290 5614 juste
310 5537 506 5594 aversamur?
523 5531 638 5604 utquia
653 5531 795 5586 ultionem
809 5529 846 5585 de
870 5531 923 5586 ini·
980 5537 1070 5590 tatem
1087 5539 1229 5599 nostrum,
1251 5536 1447 5592 conliteamur
1468 5536 1495 5592 ci
1519 5537 1640 5611 culpam
1663 5543 1810 5605 nostram,

96 5630 182 5686 micis
194 5630 312 5696 uostris,
325 5634 353 5684 et
360 5625 507 5698 judicium
520 5638 618 5678 causre
630 5626 739 5678 nostrae
754 5618 856 5675 divino
872 5637 918 5675 ar·
979 5621 1116 5678 dicamus
1131 5628 1159 5678 ct
1179 5623 1337 5680 credamus
1352 5624 1444 5680 aliurn
1466 5641 1528 5681 non
1543 5644 1618 5698 csse,
1640 5643 1694 5699 per
1716 5643 1811 5700 quem
