3742 6082
133 191 200 255 tati
382 196 392 209 '
596 183 834 240 appenninae
854 178 1009 237 untionis
1026 178 1140 239 OPERA
1160 175 1372 234 nonnanes.

129 315 246 377 tionum
258 307 502 372 commotionem.
518 307 563 364 Sic
572 307 661 377 igitur
680 302 956 377 congreganturilla
972 307 995 363 lt
1014 306 1042 359 et
1054 301 1163 362 dicenti
1180 318 1186 357 :
1205 303 1250 359 Da
1262 300 1346 367 milii,
1357 303 1453 368 peter,
1471 295 1715 352 benedictionem.

130 401 197 473 tria,
209 397 318 465 seilicet
332 396 460 462 claritas,
475 394 589 467 puritas
602 399 630 451 et
645 394 853 468 tranquillitas.
870 397 902 449 ln
916 392 958 447 in·
1014 393 1177 449 aiutrclcer
1194 398 1220 447 et
1234 394 1368 447 urentem
1381 387 1490 444 deili'sti
1504 384 1578 440 rriilu'
1586 397 1597 454 ,·
1613 387 1716 454 juripc

130 487 291 563 tellissentin
306 485 433 553 claritas,
447 484 479 540 in
491 484 676 541 conscientia
688 487 815 561 puritas,
825 483 857 539 in
872 481 960 539 mori·
1013 497 1113 554 prium.
1130 479 1273 553 [teditque
1288 478 1314 534 ei
1330 482 1414 550 pater
1437 492 1511 530 snus
1536 474 1684 544 irriguum
1714 489 1723 527 ε

129 578 188 643 bns
203 573 410 640 tranquillitas.
429 573 552 630 Veniant
570 572 659 643 igitur
684 573 724 634 ad
744 572 857 631 iontem
880 588 960 627 coni-
1013 574 1042 626 et
1067 569 1213 640 tenturum
1236 566 1361 624 interius
1382 567 1491 637 (torric.
1506 563 1565 633 ri).
1592 569 1655 619 rixa
1683 577 1723 634 qu

130 665 300 744 punctionis
312 661 536 737 illi,qnisedent
548 662 773 735 superflumina
788 660 957 735 Babylonis.
1014 657 1148 718 animani
1163 656 1294 723 tidelein,
1308 654 1411 713 asinus
1425 653 1523 711 eidem
1552 652 1663 709 animai
1682 650 1723 705 su]

131 752 189 821 Sed
214 749 368 827 quomedo
395 750 539 808 venient?
563 750 750 807 recordando
772 751 852 807 Sion.
878 748 959 807 Unde
1014 764 1146 813 earnem,
1164 752 1241 807 terra
1265 744 1403 802 australis
1428 743 1567 799 ardorem
1590 739 1723 813 exprimi

129 839 306 903 psalmista:
322 839 419 911 Super
430 840 557 910 (termina
568 840 734 910 Babylonis
749 840 814 895 illie
832 839 960 895 rediuiua·
1016 838 1133 898 urentis.
1149 837 1296 907 irriguum
1312 834 1451 907 superins
1464 829 1723 902 elirriguuminie:

130 930 397 1003 attemptandum
410 928 698 986 recordcrdcremur
713 929 849 995 tiii‚Sioii
866 928 958 991 iPsct.
1015 941 1124 997 genere
1140 923 1391 997 compunctionis,
1409 921 1524 981 timoris
1537 925 1565 977 et
1579 919 1704 977 amoris.
1720 931 1723 966 i

130 1020 257 1091 cxxxvi).
273 1019 328 1087 Qui
343 1022 512 1075 scrutantur
527 1016 963 1076 flnctusmiinilauaeconlusio·
1016 1015 1194 1089 suspirantis
1206 1014 1341 1071 dolorem
1352 1012 1534 1087 pernitentiis
1547 1010 1698 1082 designat.
1716 1011 1723 1064 l

131 1109 189 1181 nis,
201 1107 285 1183 quod
300 1110 345 1167 est
359 1123 424 1164 esse
437 1122 527 1182 super
538 1106 665 1162 flumina
676 1105 848 1179 Babylonis,
858 1104 882 1161 si
893 1120 962 1161 eon·
1017 1121 1110 1176 guum
1126 1104 1261 1178 superius
1274 1103 1375 1175 igitur,
1388 1107 1417 1158 et
1430 1101 1577 1170 irriguum
1589 1098 1719 1158 inlerius

131 1200 313 1277 templentur
328 1199 468 1267 coelestia,
485 1198 549 1255 solo
563 1214 668 1255 eornm
681 1197 827 1255 desiderio
836 1197 963 1255 excitcn-
1016 1211 1102 1251 arnor
1129 1192 1309 1265 intelligitur.
1339 1195 1415 1249 lium
1435 1189 1517 1249 enini
1545 1206 1583 1245 ex
1609 1187 1723 1249 consid«

131 1295 179 1351 tur
191 1289 232 1349 ad
244 1289 404 1363 lacrymas.
437 1290 514 1345 llere
540 1287 621 1347 enirn
650 1286 782 1345 lluminis
806 1285 962 1343 mundana
1016 1283 1170 1359 piieseutis
1187 1281 1323 1350 miseria,
1339 1280 1433 1337 velex
1449 1278 1654 1337 recordatione
1674 1277 1723 1348 gel

132 1381 241 1439 cuneta
252 1376 607 1437 transeunt.An1ittuntur
617 1375 735 1444 dii’itire,
749 1379 904 1435 mutantur
911 1374 963 1431 hc-
1016 1390 1125 1449 pientii,
1141 1371 1320 1445 profluimus
1332 1369 1489 1443 lacrymis,
1507 1374 1577 1427 tune
1600 1367 1691 1441 quasi
1715 1383 1723 1440 ι

130 1466 370 1538 riores,aedisieia
382 1470 536 1536 corruunt,
552 1465 688 1537 pretiosae
702 1469 796 1521 restes
806 1470 963 1523 conterim-
1017 1461 1215 1535 aquaeductus
1232 1477 1268 1519 ex
1287 1459 1402 1530 iiriguo
1415 1458 1557 1527 interiori,
1572 1457 1661 1517 idest
1675 1473 1715 1517 ex

131 1561 180 1616 tur
192 1561 244 1621 ant
258 1559 486 1622 consumuntur,
499 1553 766 1613 amieimoriuntur
782 1572 788 1609 :
805 1553 836 1610 hi
851 1552 961 1623 gladic,
1018 1553 1057 1611 ad
1084 1553 1198 1612 iontem
1227 1549 1469 1625 cumpunctionis
1489 1548 1658 1619 dirigimus.
1682 1550 1723 1604 Cir

131 1642 175 1703 illi
188 1643 291 1711 senio;
307 1643 338 1699 hi
353 1659 435 1709 casu,
451 1641 493 1698 illi
511 1641 692 1698 infirmitate.
722 1642 876 1700 Eranescit
898 1641 962 1713 pul·
980 1655 999 1706 Β
1018 1642 1138 1701 animus
1152 1641 1232 1699 toras
1246 1641 1335 1701 mittit
1361 1641 1510 1706 timorem,
1534 1643 1563 1695 et
1592 1653 1681 1695 mens
1705 1653 1722 1695 e

132 1732 279 1794 chritudo.
297 1731 407 1789 labitur
419 1735 503 1801 etas,
520 1729 575 1787 sito
588 1730 621 1787 fit
630 1730 668 1787 de
683 1747 776 1805 puero
786 1732 915 1802 juvenis.
925 1731 962 1789 de
1017 1747 1070 1805 per
1084 1746 1240 1798 amorem3
1257 1729 1330 1790 duni
1345 1728 1458 1789 cruciat
1472 1733 1604 1786 ruentem
1619 1725 1723 1785 ddabu

129 1821 240 1893 juvene
255 1837 355 1888 senex,
372 1821 409 1877 de
432 1836 502 1876 sene
524 1819 694 1891 decrepitus
737 1820 782 1878 Sic
807 1820 964 1878 mundana
1016 1836 1087 1879 nius
1100 1819 1271 1876 ascenditur
1283 1817 1443 1885 desideria,
1469 1821 1540 1875 tune
1563 1815 1653 1893 qnasi
1676 1832 1719 1877 ex

131 1913 299 1978 transeunt,
315 1915 342 1967 et
358 1914 459 1967 tamen
474 1908 561 1966 multi
580 1914 746 1983 sequuntur
759 1925 803 1966 ea.
831 1907 863 1969 lli
882 1907 962 1964 enini
1018 1908 1174 1983 superiori,
1187 1908 1218 1965 id
1232 1913 1285 1976 est,
1302 1925 1339 1968 ex
1354 1923 1457 1969 aniorc
1481 1906 1543 1966 dno
1566 1905 1656 1965 rivuli
1675 1904 1720 1967 ud

132 1998 237 2057 sedent
251 2014 341 2073 super
355 1997 467 2057 ssuenta
490 1996 626 2067 luxuries,
650 1997 715 2056 illes
739 1997 828 2055 trehit
850 2002 963 2055 torrens
1018 1996 1258 2073 compunctionis
1269 1995 1467 2057 descendunt.
1480 1999 1544 2055 llaec
1555 2000 1602 2055 est
1611 1994 1723 2055 heredi

132 2085 306 2155 iracundiae,
318 2087 398 2145 hunc
411 2101 524 2157 vorago
537 2087 616 2157 gulie
628 2086 872 2159 demergit‚illnni
882 2086 963 2160 cupi·
1017 2086 1086 2144 filice
1102 2087 1201 2159 caleb,
1218 2085 1270 2147 tilii
1284 2085 1497 2161 leplionae‚qui
1510 2084 1630 2148 duxerit
1642 2100 1715 2147 eain

132 2174 232 2241 ditatis
244 2175 433 2253 profunditas
449 2174 602 2233 absorbet.
615 2179 698 2234 llime
709 2176 896 2251 loquacitatis
907 2175 963 2232 ini·
1020 2176 1071 2235 tali
1084 2176 1228 2235 ditabitur
1248 2175 1430 2232 hereditate.
1448 2174 1538 2232 tlaleb
1553 2190 1605 2237 cci·
1630 2173 1723 2252 interp

47 2316 52 2322 .
132 2270 219 2340 petus
235 2264 388 2336 subuertit,
403 2264 443 2323 illi
457 2265 614 2323 otiositatis
630 2269 737 2337 stagna
752 2256 879 2339 placent.
889 2270 965 2323 Assi-
1018 2265 1151 2341 teplione
1167 2267 1337 2322 correersio:
1347 2264 1399 2339 qui
1414 2264 1494 2323 enim
1509 2267 1723 2324 convertimini

132 2352 254 2417 milatnr
279 2353 413 2411 otiositas
440 2358 567 2424 stagn03
594 2353 680 2426 quia,
715 2354 791 2413 sieut
822 2359 964 2424 stagnum
1019 2355 1130 2425 irrigua
1145 2353 1385 2431 compunctionis
1398 2353 1564 2426 possident,
1589 2356 1619 2408 et
1642 2355 1723 2411 ausu

133 2440 352 2498 abundantiam
367 2441 459 2497 nutrit
472 2441 612 2514 piscium,
625 2442 667 2498 sie
681 2442 814 2499 otiositas
833 2442 964 2500 multitu·
1019 2444 1213 2510 delectentur,
1230 2443 1261 2501 id
1277 2448 1329 2510 est,
1345 2442 1434 2499 bonae
1450 2442 1554 2511 menti,
1569 2458 1639 2514 quie
1650 2440 1723 2503 calo:

132 2528 235 2596 dinem
250 2529 465 2601 cognitionum.
483 2532 549 2586 llere
565 2535 634 2587 sunt
653 2531 756 2587 mortis
779 2531 905 2588 ssnmina
924 2537 965 2589 te·
1021 2537 1067 2589 tiis
1083 2532 1180 2593 saneti
1193 2533 1311 2591 ferrens
1334 2530 1492 2601 flagrescit,
1518 2530 1723 2593 dominantur.

131 2618 201 2685 naci
212 2618 352 2675 vitiorum
367 2617 429 2674 luto
441 2617 564 2693 repleta.
593 2619 696 2676 Claina
715 2619 814 2693 igitur,
829 2621 965 2678 charissi-
1020 2621 1135 2679 rii'nlns
1150 2621 1258 2677 animer.
1274 2620 1377 2678 sordes
1392 2619 1569 2688 abluuntur,
1590 2624 1620 2679 et
1633 2617 1723 2679 carni

132 2722 192 2775 me,
207 2710 240 2763 ut
254 2706 392 2763 educeris
407 2707 443 2764 de
459 2707 528 2764 tacu
542 2707 677 2778 miserie,
697 2714 726 2765 et
750 2709 786 2766 tte
799 2711 861 2767 luto
880 2711 964 2780 freis
1020 2715 1163 2769 tramenta
1192 2714 1371 2782 precantur.
1394 2713 1425 2765 ln
1447 2707 1579 2769 inferiori
1603 2707 1720 2778 irrigue

134 2794 353 2868 (Psalmis),
368 2800 402 2851 ut
417 2797 518 2854 venias
532 2801 560 2853 et
574 2795 701 2853 bibcscte
709 2799 846 2868 sontibus
857 2800 962 2861 Irrcet.
1020 2805 1114 2857 restes
1127 2816 1144 2853 a
1157 2797 1357 2869 grossioribus
1372 2796 1512 2855 sordibus
1527 2795 1723 2864 truncantur.

132 2884 298 2955 dicamas
310 2900 404 2957 aquas
414 2885 446 2941 ie
460 2885 572 2957 poncio
596 2886 777 2957 defectibus
796 2888 964 2946 delecteris
1019 2887 1130 2962 periei-i
1143 2887 1316 2950 mundiores
1330 2888 1418 2954 liunt,
1432 2886 1463 2947 iu
1478 2885 1601 2947 australi
1618 2901 1692 2945 iero
1709 2890 1723 2941 a

133 2974 203 3053 (isa.
217 2974 277 3045 xii).
294 2976 370 3031 Fons
385 2974 625 3048 compunctionis
638 2981 770 3033 estnnus
781 2975 818 3035 de
831 2976 964 3035 lontibus
980 3007 1000 3060 C
1020 2981 1136 3040 eantur,
1150 2976 1248 3033 'timor
1263 2975 1352 3042 lavat,
1365 2991 1451 3034 anior
1466 2974 1604 3043 iniuidat,
1615 2973 1723 3035 <satori

135 3062 304 3129 salvatoris.
319 3066 351 3119 ln
365 3062 422 3121 hoc
437 3061 518 3120 sonte
533 3063 614 3120 salus
633 3068 661 3120 el
676 3065 798 3123 sanitas.
825 3065 899 3127 Bibit
915 3070 964 3123 Pe·
1019 3065 1152 3125 interiori
1164 3065 1275 3135 irriguo
1291 3065 1392 3133 tiincr,
1416 3063 1447 3123 iu
1473 3062 1618 3138 superiori
1641 3080 1723 3123 unior

133 3157 196 3209 trus
211 3169 248 3209 ex
262 3152 321 3209 hoe
334 3151 427 3225 lente,
443 3155 472 3211 et
490 3151 620 3215 salutem,
632 3154 750 3229 recepit.
778 3155 862 3215 Venit
876 3156 965 3217 llario
1019 3154 1100 3212 strnli
1113 3160 1157 3214 est
1171 3155 1261 3215 culon
1273 3155 1371 3211 'limcr
1385 3170 1421 3213 es
1437 3169 1680 3228 percurreres
1695 3152 1723 3217 di

132 3241 306 3315 Magdalene
320 3241 358 3301 ad
373 3241 454 3299 hunc
467 3240 590 3311 iontem,
607 3247 636 3300 et
648 3243 687 3300 ab
700 3243 845 3314 languore
857 3262 964 3320 pecea—
1020 3244 1101 3307 ealoi‘
1114 3261 1150 3303 ex
1160 3243 1241 3313 igne.
1258 3243 1441 3303 sensualitas
1462 3243 1554 3305 timet,
1578 3242 1655 3305 ratio
1679 3239 1723 3301 de]

133 3330 233 3384 torum
247 3326 413 3383 multorum
426 3332 532 3386 sanata
550 3332 604 3386 est.
621 3330 753 3394 adhunc
775 3331 890 3389 fontem
902 3332 965 3389 ion·
1020 3333 1139 3393 animus
1154 3332 1239 3390 radic
1254 3331 1516 3404 contemplationis
1530 3330 1722 3394 illuminatur

132 3415 176 3469 tes
192 3414 282 3471 lsrael
293 3414 439 3473 defluunt.
455 3418 652 3490 Septemsunt
666 3420 746 3479 enim
758 3421 855 3479 tontes
866 3422 963 3493 lsrael,
1020 3421 1123 3481 sordes
1136 3422 1353 3499 desperiuntur.
1370 3422 1401 3480 in
1414 3420 1509 3477 altero
1530 3419 1684 3482 munditia
1703 3436 1723 3475 ri

132 3502 244 3577 quihus
259 3504 425 3562 videntium
441 3508 536 3563 Deum
549 3513 668 3567 mentes
679 3509 848 3580 irrigantur,
869 3511 899 3569 id
921 3517 965 3569 est
1020 3511 1053 3572 in
1067 3510 1151 3568 lertio
1164 3510 1287 3569 candor.
1303 3510 1402 3573 Timor
1413 3508 1553 3585 exprimit
1568 3508 1723 3571 actionum

133 3598 251 3670 septem,
263 3599 332 3652 sunt
346 3596 441 3653 saneti
452 3596 577 3670 Spiritus
593 3598 684 3667 dona,
710 3617 778 3673 qire
792 3605 861 3661 sunt
877 3602 965 3674 Spiri-
1020 3606 1060 3671 ta,
1076 3617 1161 3658 amor
1173 3600 1280 3659 delicta
1294 3599 1509 3673 cogitationum
1524 3598 1670 3659 eliminat.
1690 3603 1723 3669 lg

132 3685 181 3739 tus
197 3683 360 3757 sapientie,
388 3689 419 3743 et
439 3684 618 3756 intellectus,
638 3688 759 3761 spiritns
781 3689 907 3758 consilii,
936 3696 965 3748 ct
1020 3689 1250 3751 mediuitiomuu
1268 3689 1427 3747 humorem
1459 3687 1625 3750 carnalium
1662 3686 1723 3747 voli

132 3769 322 3842 fortitudinis,
336 3773 456 3848 spiritns
473 3774 602 3832 scientiae
617 3780 645 3832 et
660 3777 786 3850 pietatis,
800 3782 829 3834 et
844 3779 963 3852 spiritus
1020 3779 1165 3839 exsiccat.
1189 3779 1270 3841 Unde
1284 3777 1439 3841 l‘salmiste
1456 3797 1462 3835 :
1480 3779 1517 3834 Et
1533 3779 1565 3835 iu
1579 3778 1723 3835 nicqueti·

133 3859 247 3921 timoris
264 3863 391 3923 Domini.
409 3864 448 3918 De
461 3862 541 3920 tonte
557 3864 711 3939 sapientire¹
726 3866 860 3939 procedIt
883 3884 964 3942 aqua
1020 3870 1187 3928 exardescit
1203 3870 1280 3941 iqiri‘s
1294 3869 1388 3941 (Pani.
1404 3870 1534 3940 xxxviii).
1562 3871 1660 3927 l‘otest
1675 3871 1723 3933 cti

132 3946 285 4005 doctrines.
302 3950 426 4024 Spiritus
437 3950 636 4021 intelligentiae
647 3953 964 4029 emittitrirulumpro-
1018 3959 1076 4016 hae
1089 3958 1285 4019 inundatione
1298 3963 1326 4017 et
1342 3957 1537 4021 mundatione
1550 3973 1723 4031 aquarumi

132 4034 277 4095 videntiie.
295 4039 334 4097 lte
347 4036 427 4094 sonte
442 4038 557 4095 consilii
572 4041 707 4115 procedit
720 4059 797 4101 vena
807 4044 912 4103 soient.
924 4048 963 4101 lic
1018 4047 1095 4105 lium
1108 4063 1161 4120 per
1177 4045 1404 4109 similitudinem
1419 4045 1486 4105 diei.
1510 4046 1612 4105 Solent
1625 4047 1723 4113 etenin

131 4120 212 4179 lente
226 4122 406 4181 fortitudinis
418 4125 512 4184 robur
529 4126 602 4184 boni
626 4130 734 4203 operis,
757 4133 875 4191 Emittit
894 4135 963 4204 foris
1018 4135 1105 4193 riales
1115 4136 1221 4209 panni,
1230 4135 1313 4209 prius
1325 4152 1406 4210 aqua
1415 4134 1533 4208 frigida,
1546 4138 1654 4211 postca
1668 4151 1723 4193 ven

130 4212 262 4271 scientur
271 4215 411 4287 pemitum
425 4216 558 4274 doloris:
572 4218 625 4292 qui
651 4219 731 4277 enim
755 4219 839 4283 addit
866 4223 963 4281 scien·
1018 4224 1156 4293 lavari‚et
1170 4225 1211 4281 sie
1227 4224 1266 4282 aii
1279 4224 1507 4292 radiossolisut
1518 4224 1723 4307 siccentnrpo

131 4299 214 4370 tiam,
228 4300 312 4359 addit
325 4306 354 4359 et
367 4302 512 4363 lahorem.
529 4305 746 4367 Redditautem
761 4308 832 4366 lons
845 4310 962 4384 pletatis
1019 4312 1160 4371 misectur
1174 4313 1275 4381 cineri,
1288 4312 1411 4380 colatur,
1420 4317 1454 4372 ut
1465 4312 1507 4369 ita
1518 4311 1723 4395 dieam,perp

131 4387 293 4446 decursum
306 4393 535 4471 compassionis.
545 4394 668 4452 Rivulus
683 4414 754 4454 vero
766 4399 890 4468 timoris,
900 4400 962 4459 sru-
1019 4417 1056 4459 ne
1072 4401 1145 4459 einis
1161 4406 1304 4474 transeat,
1319 4400 1403 4458 etsie
1417 4417 1484 4477 quae
1499 4400 1648 4469 lavantur,
1663 4401 1723 4466 citii

131 4480 212 4531 etum
242 4477 449 4536 confessionis.
478 4481 585 4538 Anima
612 4484 713 4557 itaque
738 4489 834 4542 Deum
861 4487 962 4544 sitiens
1018 4489 1137 4546 dantur.
1151 4494 1225 4548 Cum
1240 4491 1321 4548 enim
1341 4507 1394 4565 per
1408 4506 1543 4547 amorem
1558 4489 1723 4551 eoeiesnurr

131 4564 346 4645 compungitur
359 4565 475 4634 timore,
491 4571 704 4643 compungitur
714 4577 743 4629 et
756 4589 868 4633 amore.
885 4579 962 4634 llum
1018 4579 1132 4637 riorum
1147 4579 1392 4654 compunctionis
1413 4578 1554 4653 lacrymer
1577 4579 1723 4639 excitanti

130 4650 218 4750 enim.
226 4651 336 4725 cogitat
364 4653 431 4712 rite
457 4658 613 4730 praesentis
639 4661 790 4732 exsilium,
814 4665 860 4723 vel
888 4667 962 4725 dum
1018 4667 1107 4745 qnasi
1121 4668 1276 4741 adignem
1288 4668 1723 4743 pontiuriquauumearnati

130 4738 233 4796 recolit
246 4740 353 4798 inferni
369 4743 639 4819 supplicium,tune
655 4749 797 4823 affligitur
807 4752 959 4829 lacrymis
1018 4761 1063 4815 tas
1079 4757 1255 4827 attenditur,
1265 4762 1334 4816 tunc
1347 4757 1436 4835 quasi
1445 4756 1594 4815 cineribus
1605 4773 1723 4831 aquan

129 4831 497 4924 rexatu1·snspiriis.ssnm
512 4851 582 4919 uero
595 4836 687 4913 longa
700 4843 838 4900 moeroris
863 4845 962 4903 aurie-
1018 4847 1137 4906 Colatnr
1146 4864 1199 4922 per
1208 4863 1355 4922 pannum,
1363 4852 1391 4904 et
1399 4850 1604 4904 commovetur
1618 4846 1723 4917 cinis,·

130 4920 188 4974 tate
208 4927 398 4997 consumpta,
423 4924 460 4980 de
480 4925 569 4984 venia
588 4929 731 4986 securitas
742 4932 887 5005 nascitur,
910 4939 961 4991 aut
1018 4937 1197 4994 memoriam
1212 4937 1316 4994 mortis
1331 4936 1632 4995 considerataninius
1648 4937 1723 4995 turb

129 5007 380 5081 contemplatione
395 5014 560 5072 eoelestinm
579 5033 666 5074 mens
688 5018 860 5092 delectatur,
891 5028 960 5081 tnnc
1017 5024 1145 5082 earnalis
1160 5025 1337 5097 tragilitatis.
1358 5029 1411 5082 Per
1423 5026 1481 5083 hoe
1495 5024 1583 5098 igitur
1607 5042 1723 5103 eompu

128 5101 172 5153 est
186 5098 269 5154 oneri
286 5103 462 5159 transeundi
477 5104 516 5159 ad
529 5122 657 5179 regnum
668 5107 786 5183 inlatio,
798 5114 827 5169 et
844 5113 960 5170 crucia·
1016 5114 1152 5175 lixivium
1166 5114 1275 5173 animae
1289 5115 1393 5173 sordes
1405 5115 1577 5183 abluuntur,
1601 5115 1722 5175 homiei

128 5188 176 5285 tiu·
188 5201 274 5242 mens
284 5187 443 5247 desiderio.
461 5194 503 5248 lix
517 5193 564 5249 liis
577 5195 666 5269 igitur
681 5201 814 5271 quatuor
830 5200 960 5269 affectio·
1016 5203 1084 5263 lieet
1098 5204 1236 5277 sengns,
1247 5203 1369 5263 invidie
1383 5220 1542 5273 venenum,
1570 5203 1706 5267 lusuriae
1720 5224 1723 5263 :

129 5275 218 5330 nibus
234 5276 327 5333 animi
340 5283 486 5353 tanquam
499 5296 535 5337 ex
550 5289 681 5355 quatuor
700 5286 813 5360 inulte,
828 5304 959 5365 quornm
1015 5292 1115 5351 vitatis
1125 5293 1232 5369 pulvis,
1242 5294 1411 5369 cupiditatis
1426 5293 1537 5360 lumin,
1549 5308 1673 5366 pannus
1687 5312 1723 5355 m

129 5363 190 5463 duo
202 5365 390 5465 descendunt
404 5386 440 5427 ex
453 5373 598 5445 superiori
614 5376 737 5448 irriguo,
757 5377 903 5438 ducrere
923 5397 959 5438 ex
1016 5387 1064 5452 tae,
1079 5382 1241 5457 voluptatis
1255 5400 1386 5445 etenum.
1401 5387 1501 5455 Longe
1513 5383 1654 5455 digressi,
1665 5384 1723 5443 clia

127 5453 258 5511 inferiori
272 5458 448 5526 incendunt,
463 5459 531 5516 icus
550 5467 790 5538 compunctionis
815 5483 959 5539 augmen·
1015 5476 1148 5546 coeptum
1162 5473 1337 5549 reliquimus
1353 5474 1416 5539 iter,
1433 5490 1517 5529 more
1542 5472 1679 5541 viatoris,
1703 5491 1723 5549 q

127 5543 207 5597 ΜΓ
221 5546 249 5599 ⁰t
262 5546 378 5603 cremii·
394 5550 462 5605 5⁸³0
478 5555 524 5607 est
539 5555 626 5620 lem,
649 5569 744 5626 quum
765 5556 849 5617 dedit
869 5560 958 5621 Caieb
1016 5561 1222 5626 rinnilontem
1233 5564 1385 5636 reperiens
1398 5563 1482 5637 ponit
1497 5562 1574 5621 latus
1586 5578 1683 5635 super
1694 5564 1723 5639 ri]

127 5632 197 5686 Arre
211 5631 278 5688 tlliee
294 5651 356 5692 suae
372 5637 486 5695 sedenti
499 5641 957 5725 superasinuna,‚snspinantique
1014 5651 1079 5710 rido
1089 5651 1723 5726 namneeeteetatuneonsptenesmtietu
