3742 6082
75 195 133 255 119
541 193 685 252 SUMMA
702 195 1026 257 anTnNmARUM.
1054 230 1087 244 -
1105 201 1245 258 TRACT.
1266 202 1316 257 VI.
1731 206 1788 264 150

75 321 174 392 igitur
188 320 271 392 quod
277 318 361 376 88188
367 318 584 375 Deusdimittit
592 321 903 391 peccatavivificaudo
918 326 945 381 A
960 330 1121 398 queretur:
1138 327 1234 396 igitur
1248 342 1310 381 non
1319 330 1364 381 881
1372 327 1534 397 poenitens,
1550 329 1633 399 quod
1643 332 1783 388 nosbene

75 409 209 465 interius
223 424 277 480 per
292 408 444 478 gratiam,
459 411 489 463 ct
500 408 583 478 quod
606 409 746 464 sacerdos
765 410 905 479 dimittit,
960 415 1170 484 concedemus,
1185 415 1299 470 scilicet
1313 415 1397 487 quod
1407 418 1480 470 tunc
1492 431 1554 471 non
1570 420 1616 472 881
1632 433 1701 473 vere
1723 435 1785 491 888-

75 514 142 554 888
157 498 242 552 18188
257 496 450 565 vivificanda
467 495 521 551 sed
536 495 668 552 adebito
682 498 795 554 futurae
806 515 908 571 poenae
961 505 1072 560 nitens.
1089 504 1147 559 Sed
1159 504 1242 576 quod
1265 503 1338 560 olim
1359 520 1421 559 888
1447 504 1540 561 suerit
1565 506 1742 563 nullatenus
1769 510 1788 563 8

75 586 267 643 absolvendo
275 601 330 657 per
338 601 504 658 eamquam
513 585 905 657 injungitsatisfactiouem.
961 591 1127 648 Catholicis
1152 595 1198 647 881
1234 592 1406 648 meandum.
1435 592 1517 649 Illud
1544 594 1626 666 quod
1652 595 1789 652 Isidorus

75 675 169 742 Quod
181 689 253 731 vero
265 674 392 730 dicunt:
410 675 554 730 Peccator
568 690 751 748 quacunque
765 676 842 733 hora
865 676 908 732 in·
962 681 1035 737 dicit
1049 698 1056 734 2
1072 681 1236 737 188818881
1250 681 1431 752 poenitentia
1447 698 1541 753 quam
1557 699 1687 756 8888888
1698 686 1789 758 88188

76 765 244 838 gemuerit,
256 763 361 819 salvus
374 762 440 818 erit.
456 763 500 818 De
515 763 554 818 iis
571 763 686 819 dictum
702 768 829 837 putatur
855 765 908 836 qui
963 769 1161 842 coinquinat,
1177 770 1276 825 818881
1291 769 1534 842 intelligendum.
1551 772 1659 829 Inanis
1674 775 1789 832 88111881

75 855 218 911 instante
233 851 364 908 articulo
377 851 568 908 necessitatis
579 856 700 925 tempus
725 854 907 910 satisfactio·
963 874 1069 914 carens
1085 859 1196 914 fructu.
1214 859 1270 914 Est
1291 859 1372 914 88181
1394 859 1513 915 1188188
1536 862 1724 932 penitentia
1743 867 1788 921 vi·

76 945 132 1000 nis
161 943 274 999 habere
303 957 366 998 non
395 946 543 1014 possunt,
562 958 604 997 ’88
619 942 645 997 si
674 942 804 999 diceret:
830 942 909 1008 Qua·
964 952 1029 1004 tare
1041 962 1164 1020 pronam
1177 947 1360 1018 gehnnalem
1382 951 1413 1002 et
1435 948 1551 1020 adispci
1566 949 1705 1021 gloriam.
1734 954 1790 1010 Est

76 1049 205 1106 cunque
223 1032 298 1090 hora
312 1033 346 1087 in
360 1031 418 1088 hac
432 1032 498 1087 vita
511 1047 580 1088 vere
598 1033 786 1104 poenituerit.
811 1033 844 1088 in
862 1033 908 1088 iu·
964 1037 1046 1092 enim
1060 1036 1114 1091 illa
1127 1036 1308 1108 poenitentia
1322 1039 1454 1104 mortua,
1475 1037 1554 1093 81881
1576 1043 1605 1094 81
1628 1041 1689 1096 8118
1708 1042 1791 1100 bona

78 1127 156 1178 tura
168 1123 234 1178 vita
248 1137 311 1178 non
323 1121 444 1208 peribit.
455 1121 509 1177 Vel
521 1121 557 1176 18
567 1122 820 1193 omnibuspotest
832 1120 908 1176 dici:
964 1130 1088 1198 propter
1101 1125 1320 1197 superveniens
1335 1124 1450 1179 malum
1473 1130 1502 1181 et
1517 1142 1694 1200 quanquam
1714 1148 1791 1188 mor·

77 1210 910 1285 Quacunquehorapeccatoringemueritsalvuser1t3
965 1217 1020 1269 tua
1046 1214 1108 1270 sint
1138 1213 1192 1268 illa
1219 1213 1315 1282 bena,
1349 1229 1411 1269 non
1435 1217 1538 1270 tamen
1563 1216 1655 1273 audet
1677 1221 1789 1293 aliquis

78 1302 161 1374 quia
182 1305 256 1357 tunc
277 1302 433 1373 peccantis
462 1299 546 1355 88188
571 1300 690 1373 incipit.
716 1300 854 1372 Itemque
876 1299 912 1354 18
967 1303 1066 1359 dicere
1097 1303 1182 1375 quod
1210 1319 1271 1359 non
1303 1304 1419 1359 fuerint
1442 1304 1597 1361 bona.1ta
1621 1312 1650 1363 81
1677 1308 1713 1364 18
1734 1327 1795 1382 poe·

78 1389 381 1463 psalmooponitur:
397 1389 486 1445 Dixi:
502 1388 688 1458 Confitebor,
713 1393 743 1443 et
767 1392 800 1444 18
824 1388 912 1443 remi·
966 1392 1098 1447 nitentia
1117 1392 1218 1464 priore
1245 1391 1386 1461 dicimus,
1410 1391 1492 1464 quod
1516 1409 1589 1448 vera
1610 1398 1791 1468 88881188118

81 1480 157 1536 sisti
171 1480 362 1551 impietatem
374 1479 565 1552 peccatimei.
580 1478 726 1551 Impietas
732 1477 848 1550 peccati
857 1492 914 1531 rec·
967 1481 1037 1549 fuit,
1065 1480 1091 1535 81
1105 1480 1215 1535 habuit
1229 1496 1280 1536 cor
1294 1480 1461 1536 contritum
1473 1497 1482 1550 3
1501 1485 1531 1536 et
1540 1481 1611 1538 11881
1624 1485 1714 1542 modo
1721 1502 1796 1543 mor·

81 1570 208 1625 tissime
220 1569 289 1640 ipsa
300 1568 413 1624 mentis
426 1567 702 1624 excommunicatio
717 1566 830 1622 dicitur
844 1581 914 1637 quta
969 1573 1023 1625 tua
1037 1569 1079 1625 811
1093 1569 1172 1624 81881
1188 1572 1218 1624 81
1232 1569 1294 1624 8118
1304 1569 1407 1642 811818
1428 1570 1519 1639 bona,
1543 1575 1646 1628 umen
1668 1576 1792 1633 revivis-

84 1657 221 1714 solvitur
227 1657 261 1711 in
275 1657 520 1729 compunctione:
531 1656 667 1711 nondum
680 1659 793 1724 181888,
803 1654 916 1710 utdixi-
932 1675 957 1731 8
972 1672 1037 1712 8818
1051 1659 1162 1729 881881,
1174 1657 1200 1711 81
1213 1657 1249 1712 18
1264 1658 1324 1712 1818
1338 1656 1420 1728 quod
1435 1661 1540 1730 888188
1555 1662 1707 1717 commisit
1734 1653 1796 1736 poe‘-

84 1762 171 1814 mus,
183 1745 272 1818 plene
292 1744 411 1800 solutus
435 1749 491 1801 est.
514 1744 599 1801 Siout
623 1745 704 1798 88118
731 1743 768 1798 18
794 1743 919 1800 vulnere
972 1745 1190 1801 811888188111.
1212 1744 1299 1808 Quod
1312 1745 1424 1800 iterum
1440 1745 1513 1802 dicit
1531 1747 1731 1807 Ambrosius:
1751 1752 1796 1808 Si·

84 1834 177 1908 prins
190 1834 307 1889 ferrum
319 1833 492 1890 extrahitur
505 1836 541 1887 ut
553 1835 623 1904 post
637 1831 786 1888 medicina
811 1846 916 1903 super·
973 1838 1025 1890 cut
1040 1849 1137 1888 unum
1149 1832 1314 1905 baptisma,
1329 1833 1373 1888 ita
1386 1837 1432 1889 881
1446 1850 1509 1890 888
1525 1837 1716 1907 poenitentia.
1728 1841 1797 1897 Dic·

87 1928 237 1996 ponatur,
252 1923 340 1979 itaet
355 1923 441 1995 81188
456 1920 921 1994 peccatiimpietas,scilicetilla
975 1926 1040 1979 tum
1056 1921 1152 1977 88118
1176 1920 1305 1976 solemni
1325 1922 1517 1993 poenitentia.
1534 1924 1569 1979 111
1592 1926 1696 1982 eodem
1718 1931 1799 1985 enim

89 2010 649 2080 18181888881188188881818Ηί181,
670 2014 705 2066 ut
727 2014 797 2081 post
823 2025 932 2065 sacra»
975 2009 1109 2082 capitulo
1123 2010 1306 2065 Ambrosius
1330 2011 1476 2081 supponit
1506 2027 1574 2082 888
1599 2017 1720 2071 tantum
1744 2034 1799 2090 88-

89 2102 189 2158 meuti
200 2100 353 2157 medicina
360 2115 414 2173 per
421 2099 831 2171 sacerdotessuperaddatur.
844 2098 922 2155 Sunt
975 2098 1053 2155 blice
1067 2099 1178 2169 agitur.
1195 2097 1345 2153 Solemnis
1359 2099 1540 2171 poenitentia
1555 2101 1667 2157 dicitur
1680 2119 1748 2175 quas
1765 2107 1800 2162 fit

90 2191 176 2246 enim
190 2191 384 2246 sacramenta
396 2188 484 2260 quasi
496 2188 672 2261 emplastra.
975 2189 1009 2244 in
1024 2188 1188 2243 manifesto
1200 2190 1287 2242 extra
1300 2187 1477 2256 Ecclesiam,
1489 2188 1604 2245 scilicet
1616 2207 1683 2262 quae
1689 2193 1725 2249 de
1737 2210 1802 2265 gra·

237 2278 312 2334 Car.
327 2278 396 2334 Xll.
413 2280 497 2338 Quia
512 2280 558 2334 sit
569 2278 779 2347 punitentia.
976 2277 1068 2333 vibus
1079 2276 1210 2349 peccatis
1222 2279 1343 2331 tantum
1354 2276 1622 2347 injungitur,etde
1632 2280 1670 2335 iis
1682 2283 1803 2353 quima-

128 2369 298 2440 Postquam
323 2368 360 2425 de
384 2369 422 2425 iis
436 2368 571 2423 diximus
594 2381 664 2439 8888
685 2366 718 2420 18
743 2363 925 2437 penitentia
977 2366 1088 2420 niteste
1102 2363 1268 2420 Ecclesiam
1288 2363 1443 2420 laeserunt.
1468 2365 1507 2419 Et
1531 2365 1604 2421 olim
1628 2367 1801 2441 111888881-

92 2457 316 2514 888811818818
337 2460 420 2526 8881,
435 2455 597 2513 dicendum
612 2459 658 2511 881
672 2454 748 2528 8811
767 2453 808 2509 811
828 2451 923 2524 88881·
978 2455 1075 2510 188118
1089 2468 1151 2510 888
1164 2452 1335 2509 iterabatur
1348 2457 1378 2509 81
1390 2453 1490 2508 adhuc
1500 2454 1625 2526 quidem
1638 2456 1671 2512 18
1680 2460 1803 2531 quibus·

92 2547 201 2602 tentia.
233 2546 274 2604 Ut
314 2562 387 2602 vero
424 2546 467 2601 811
512 2545 678 2616 Gregorius
704 2561 710 2598 :
739 2541 925 2599 Poenitentia
979 2544 1050 2599 dam
1066 2542 1199 2599 ecclesiis
1213 2542 1271 2597 hoc
1286 2546 1426 2598 servatur
1440 2558 1496 2614 pro
1511 2547 1682 2601 reverentia
1704 2564 1803 2605 sacra·

93 2638 140 2690 881
163 2639 341 2707 8818811818
354 2633 435 2690 mala
448 2634 590 2708 plangere
614 2636 644 2688 et
666 2631 840 2705 plangenda
863 2645 925 2685 non
979 2633 1075 2689 ruenti
1086 2649 1095 2702 3
1112 2647 1166 2688 nec
1179 2631 1354 2703 injungitur
1370 2631 1424 2687 1118
1453 2631 1598 2689 solemnis
1622 2637 1804 2707 poenitentia

95 2724 297 2781 committere.
314 2724 393 2780 Nam
408 2724 462 2797 qui
475 2724 519 2779 sic
529 2722 590 2780 alia
600 2722 738 2794 deplorat
750 2725 786 2777 81
800 2718 861 2776 alia
880 2723 924 2774 ta·
978 2722 1092 2778 iterum
1104 2719 1303 2776 criminaliter
1316 2721 1465 2792 peccanti,
1489 2721 1541 2777 sed
1564 2723 1657 2779 datur
1679 2725 1804 2798 aliquod

96 2809 927 2885 mencommittat;adhucpoenitentiamagereautigno-
979 2810 1153 2867 consilium.
1168 2810 1275 2881 Itaque
1299 2824 1355 2864 nos
1377 2825 1439 2866 888
1462 2808 1572 2866 1111818
1592 2828 1661 2884 quae
1684 2816 1803 2886 occidit,

98 2901 570 2968 ratautdissimulat.Quidenim
576 2899 699 2973 prodest
712 2899 738 2954 81
744 2899 868 2970 8888818
884 2896 927 2952 lu·
981 2900 1033 2955 sed
1048 2899 1174 2972 spiritus
1189 2898 1242 2971 qui
1254 2897 1388 2954 vivificat
1402 2900 1585 2969 sectatorem
1602 2916 1663 2956 non
1678 2903 1801 2962 1188111-

99 2993 196 3049 18118
211 2992 440 3064 quisdetleat,ct
446 2989 690 3046 adhucavaritiae
697 2987 824 3043 aestibus
833 2985 925 3041 88118-
938 3013 962 3072 C
981 3003 1086 3044 camus
1101 2987 1235 3059 aliquem
1246 3003 1308 3042 888
1320 2986 1468 3059 poenitere
1477 2989 1551 3059 quia
1560 2988 1673 3045 iterum
1685 2991 1808 3050 delictu-

99 3080 258 3139 18111188
283 3081 377 3138 verba
397 3080 535 3151 Gregorii
563 3078 662 3148 magis
683 3091 776 3148 quam
801 3090 926 3132 sensum
982 3093 1035 3133 rus
1050 3075 1171 3144 sit3sed
1183 3075 1560 3148 ideoveraciterpoenitere
1573 3079 1806 3153 quiadepraete·

102 3171 230 3244 quidam
245 3170 448 3238 attendentes,
463 3169 570 3224 dicunt
581 3182 644 3222 non
659 3162 792 3237 amplius
802 3164 928 3221 admor·
982 3166 1051 3222 ritis
1065 3163 1156 3234 dolet,
1173 3166 1251 3220 8181
1267 3162 1326 3218 alia
1342 3166 1514 3222 committat
1527 3169 1602 3224 tunc
1626 3184 1688 3225 non
1712 3171 1807 3229 habet

54 3311 57 3316 .
103 3265 164 3316 tem
176 3275 303 3332 peccare
314 3275 385 3315 eum
400 3258 454 3330 qui
466 3257 559 3314 semel
572 3255 710 3329 poenitet,
724 3254 782 3310 8181
797 3252 929 3325 81881188
982 3256 1016 3310 in
1029 3253 1196 3310 voluntate.
1213 3253 1259 3308 Do
1271 3253 1372 3308 David
1383 3255 1637 3327 namquelegitur
1647 3259 1809 3332 88818881

105 3363 173 3404 eum
188 3349 349 3419 contingat
366 3347 405 3403 ad
419 3350 547 3403 mortem
562 3359 697 3418 peccare,
713 3342 849 3400 nonfuit
868 3356 928 3413 poe·
983 3342 1196 3416 poenitentiam
1211 3344 1367 3414 peractam
1382 3357 1451 3397 cum
1466 3342 1528 3413 jam
1543 3343 1570 3400 ei
1586 3349 1665 3402 88881
1675 3346 1808 3405 dictum:

107 3437 237 3494 nitentia
251 3452 345 3510 quam
361 3437 446 3508 prius
458 3435 529 3507 egit.
545 3433 631 3490 Alias
645 3447 768 3505 quoque
780 3430 931 3487 18188881
989 3433 1174 3488 Transtulit
1185 3433 1345 3487 Dominus
1352 3436 1524 3500 peccatum
1547 3437 1641 3489 tuum
1662 3449 1683 3490 a
1710 3441 1740 3492 18
1762 3437 1811 3508 (ΙΙ

108 3527 305 3584 auctoritates
333 3525 466 3581 8111818
484 3521 717 3603 ostendendum.
740 3519 876 3576 Isidorus
895 3517 931 3573 de
985 3523 1058 3591 1188.
1075 3521 1132 3592 xri)
1144 3535 1153 3589 3
1167 3519 1320 3576 commisit
1333 3519 1410 3575 illud
1423 3524 1581 3591 peccatum
1595 3537 1651 3593 pro
1673 3538 1734 3594 quo
1766 3529 1812 3582 tot

108 3632 227 3673 summo
241 3613 587 3671 bono.1rrisorcstenim
603 3611 755 3684 poenitens
764 3609 818 3682 qui
832 3606 932 3662 adhuc
985 3609 1084 3664 millia
1097 3609 1257 3664 hominum
1272 3609 1439 3681 perierunt,
1453 3608 1567 3664 scilicet
1575 3610 1649 3681 quia
1662 3612 1810 3684 populum

109 3706 169 3776 agit
180 3705 268 3778 quod
274 3704 413 3777 poenitet,
426 3717 480 3758 nec
487 3701 609 3758 videtur
618 3700 717 3756 Deum
725 3711 849 3770 poscere
862 3695 932 3752 sub-
987 3697 1171 3754 numeravit.

109 3793 200 3863 ditus,
217 3793 272 3850 sed
286 3792 455 3848 subsanare
469 3789 629 3863 superbus.
661 3787 758 3842 188188
781 3784 932 3857 peccanti·

109 3883 163 3940 bus
178 3884 256 3939 dicit
272 3899 278 3937 :
293 3882 480 3949 lavamini,
496 3880 615 3934 mundi
629 3877 821 3949 estotetlsai.
833 3874 933 3944 1118-

109 3976 200 4029 ratur
216 3976 247 4028 et
261 3970 396 4028 mundus
411 3972 456 4024 est
471 3971 517 4023 est
533 3967 627 4039 quiet
641 3965 796 4039 praeterita
803 3963 933 4036 plangit,
1024 3963 1138 4019 Dicunt
1151 3962 1247 4035 aliqui
1259 3963 1342 4036 quod
1355 3963 1407 4019 ille
1419 3964 1473 4036 qui
1485 3963 1579 4021 habet
1589 3967 1688 4022 cordis
1702 3969 1812 4025 contri·

111 4066 137 4117 ct
148 4059 253 4117 flenda
267 4059 379 4114 iterum
397 4072 460 4113 non
475 4055 649 4112 committit.
671 4054 807 4111 Lavatur
821 4054 851 4107 et
873 4065 936 4106 888
989 4053 1104 4109 tionem
1111 4056 1141 4107 et
1148 4051 1412 4122 condignamfacit
1419 4053 1661 4111 satisfactionem
1673 4070 1729 4128 pro
1739 4073 1814 4128 8188·

111 4155 152 4205 881
166 4147 308 4206 1888188
325 4147 381 4220 881
394 4144 514 4219 plangit
526 4149 607 4216 18818
621 4143 739 4217 888811,ι
753 4144 783 4197 81
803 4143 873 4212 8881
897 4139 937 4194 la·
991 4141 1091 4197 teritis
1120 4141 1253 4212 88888118
1278 4155 1348 4195 vere
1373 4143 1573 4213 consequitur
1594 4144 1817 4217 remissionem,

115 4252 235 4310 crymas
249 4252 286 4292 ea
298 4250 368 4308 qnae
382 4234 508 4289 fleverat
521 4232 638 4303 repetit.
653 4230 748 4287 Item:
765 4228 871 4285 Inanis
892 4226 937 4283 est
992 4231 1050 4286 etsi
1062 4234 1135 4286 tunc
1146 4233 1384 4285 morereturnon
1390 4230 1559 4286 1888118181
1569 4230 1815 4303 damnationem;

115 4325 401 4398 888118811888881
416 4321 506 4395 culpa
520 4335 651 4392 sequens
664 4317 854 4390 coinquinat.
870 4316 978 4419 881-Β
993 4320 1046 4375 881
1061 4319 1087 4374 81
1101 4322 1208 4391 888188
1222 4318 1403 4374 8181811818
1424 4324 1528 4391 888881
1545 4320 1674 4376 1818881
1702 4323 1817 4391 omnia,

117 4416 247 4485 brosius,
263 4414 301 4469 de
314 4413 406 4469 unica
428 4409 627 4485 poenitentia:
655 4409 861 4480 Reperiuntur
885 4404 940 4477 qui
993 4409 1050 4464 8181
1065 4407 1819 4481 1888881818181188881188888118181.1111188

119 4507 228 4580 8881118
241 4502 393 4575 agendam
407 4499 620 4574 poeniteutiam
643 4501 754 4571 putant
771 4496 825 4570 881
850 4495 939 4551 luxu·
993 4496 1102 4553 volunt
1115 4496 1244 4568 probare
1252 4496 1305 4551 illa
1314 4496 1469 4568 parabola.
1485 4500 1743 4569 servenequam,
1755 4514 1818 4556 om·

119 4595 236 4652 riantur
249 4594 285 4648 in
299 4591 429 4648 Christo.
439 4589 520 4644 Nam
536 4585 809 4658 sivereagerentin
819 4583 941 4641 Christo
996 4585 1194 4641 redebitum
1210 4586 1326 4640 dimisi
1339 4585 1399 4640 tibi
1413 4588 1570 4655 quoniam
1597 4590 1723 4657 rogasti
1749 4603 1822 4645 me:

118 4681 342 4755 888118811818,
356 4677 528 4735 iterandam
541 4691 604 4733 non
618 4678 772 4750 putarent.
785 4673 869 4730 Idem
883 4690 889 4728 :
901 4672 943 4729 Si·
996 4688 1104 4730 nonne
1120 4689 1194 4744 erpo
1218 4674 1361 4742 oportuit
1386 4679 1418 4729 81
1444 4679 1474 4729 te
1499 4676 1651 4730 misereri
1675 4679 1822 4734 conservi

119 4777 168 4829 cut
181 4786 267 4829 unus
279 4768 463 4841 baptismus,
478 4766 523 4822 ita
537 4769 583 4822 881
594 4779 657 4820 888
667 4763 858 4836 poenitentia.
873 4760 942 4831 Sed,
998 4764 1049 4818 tui
1065 4759 1078 4817 1
1092 4763 1132 4816 Ε1
1147 4763 1257 4817 iratus
1271 4763 1506 4829 Dominuscjus
1517 4765 1662 4819 tradidit
1671 4780 1747 4821 eum
1762 4772 1823 4822 tor·

119 4861 267 4933 quoniam
293 4873 359 4914 non
394 4857 507 4910 littera
540 4856 596 4909 sed
637 4855 777 4923 spiritus
797 4851 945 4923 vivificat
999 4850 1133 4919 toribus,
1153 4864 1320 4920 quousque
1343 4853 1493 4906 redderet
1517 4853 1711 4908 universum
1736 4855 1822 4910 debi-

119 4950 157 5020 (11
167 4951 238 5006 Cor.
255 4946 303 5017 111)
316 4962 325 5016 ;
339 4959 464 5002 sensum
479 4947 638 4999 auctorum
650 4939 944 5014 insuprudictisins·
1000 4944 1081 4994 tum.
1098 4939 1150 4993 Sic
1164 4942 1195 4993 81
1209 4940 1311 4993 Pater
1323 4952 1414 4994 meus
1439 4941 1577 4995 caelestis
1598 4939 1702 5011 faciet
1725 4943 1825 5012 vobis,

117 5039 281 5112 piciamus.
298 5022 489 5092 Paenitentia
502 5036 549 5089 est
564 5033 739 5105 perpetrata
754 5028 836 5085 mala
863 5027 948 5100 plan·
1000 5029 1030 5083 si
1047 5042 1111 5082 non
1126 5028 1323 5082 remiseritis
1339 5031 1567 5098 unusquisque
1576 5028 1682 5100 fratri
1702 5047 1765 5087 suo
1786 5035 1826 5087 de

120 5143 200 5200 gere,
211 5130 243 5183 et
253 5123 429 5199 plangenda
439 5137 501 5179 non
515 5120 714 5188 committere,
727 5119 760 5174 id
771 5122 818 5174 881
832 5117 949 5189 188188-
1002 5117 1151 5174 cordibus
1168 5117 1285 5170 restris
1301 5116 1427 5186 (Metti.
1456 5118 1556 5186 xvm).
1574 5118 1651 5174 Item
1663 5120 1824 5191 Hyerony·

120 5216 221 5273 teritis
235 5214 335 5270 dolere
350 5216 455 5269 etnon
470 5215 544 5267 tuuc
559 5212 593 5263 ut
618 5209 729 5264 iterum
742 5206 886 5279 88888118
900 5220 949 5261 vo
1002 5220 1072 5261 mus
1094 5204 1147 5260 :Si
1162 5219 1224 5259 non
1236 5203 1444 5260 dimiserimus
1455 5222 1493 5261 ex
1508 5207 1596 5263 corde
1611 5207 1693 5280 quod
1715 5209 1749 5263 in
1773 5223 1830 5263 nos

119 5304 242 5360 1881818
255 5302 378 5358 habere.
393 5299 464 5356 Non
479 5298 561 5354 enim
572 5297 779 5368 iudicatDous
793 5295 949 5351 hominem
1004 5293 1203 5365 delinquitur,
1219 5296 1250 5349 et
1266 5293 1323 5349 hoc
1335 5293 1418 5366 quod
1429 5310 1483 5367 881
1495 5296 1708 5367 poenitentiam
1722 5295 1828 5352 dimis-

122 5409 178 5466 pro
206 5392 247 5448 iis
271 5407 340 5464 8818
354 5391 462 5446 futura
476 5390 550 5443 sunt
574 5392 604 5444 81
629 5402 691 5442 888
703 5385 868 5457 praesentia
881 5398 950 5456 888·
1006 5398 1073 5439 sum
1089 5387 1164 5452 erat,
1180 5382 1296 5438 anobis
1308 5384 1451 5454 exigItur.
1467 5384 1550 5439 Idem
1559 5385 1633 5440 dicit
1643 5384 1829 5453 Gregorius:

123 5499 222 5540 18888
235 5481 415 5549 voluntate,
442 5493 498 5534 nec
519 5476 605 5533 nulla
618 5473 836 5547 probabilitate
851 5473 950 5544 sequi·
1006 5471 1064 5527 Sed
1073 5470 1313 5543 istieopponitur
1323 5471 1401 5526 illud
1411 5472 1493 5544 quod
1502 5473 1535 5527 in
1546 5472 1695 5544 propheta
1704 5470 1831 5542 legitur:

124 5567 672 5643 18118188811881188818818811818
700 5561 783 5618 mala
808 5561 953 5634 plangere
1007 5562 1080 5615 Non
1093 5564 1265 5630 consurget
1289 5563 1414 5629 dupiecc
1440 5562 1612 5615 tribulatio
1639 5548 1856 5635 (Nabumuls

124 5665 156 5717 et
177 5658 353 5732 plangenda
378 5671 441 5711 888
466 5650 666 5724 committere)
679 5651 777 5706 811818
791 5649 955 5706 committit
1009 5647 1064 5703 Vel
1081 5648 1172 5719 juxta
1195 5648 1287 5703 aliam
1309 5647 1553 5703 translationem.
1580 5649 1653 5703 Non
1667 5651 1836 5718 judicabit

122 5747 317 5822 plangenda:
331 5745 429 5820 igitur
439 5757 503 5800 non
515 5742 577 5799 11111
591 5740 752 5814 poenitens.
766 5737 826 5797 Sed
839 5737 897 5796 hoc
910 5752 955 5794 ee·
1010 5738 1167 5794 Dominus
1180 5736 1227 5791 bis
1244 5738 1280 5791 in
1304 5738 1465 5807 idipsum,
1479 5735 1571 5808 quod
1589 5736 1718 5794 1181818
1739 5742 1793 5792 est
1815 5737 1858 5788 as

1095 3819 1265 3877 (18811111.
1282 3821 1396 3875 Utrum
1405 3824 1542 3890 peccata
1555 3824 1702 3881 redeant.
