3742 6082
111 174 184 235 tect
580 170 753 231 APPENDIX
769 169 816 229 ltt
839 161 993 224 auduus
1015 159 1131 219 oeten
1148 157 1359 219 ocemund.
1598 184 1602 222 ;
1760 146 1825 208 1068

111 294 152 354 ad
163 293 289 368 injurias
298 293 486 364 manifestus,
502 292 658 350 adomnia
671 291 804 360 mobilis,
816 291 883 347 luce
892 304 939 344 ve·
959 287 984 345 Α
997 283 1069 342 tatio
1080 281 1223 357 mysterii.
1235 280 1395 340 Historiam
1407 277 1497 347 nosti,
1511 278 1583 335 note
1592 273 1826 350 mycterismos

111 381 205 443 uitatis
218 398 333 449 carens,
350 386 379 441 et
392 381 461 440 ideo
477 380 610 454 seipsum
625 380 764 455 palpans.
997 375 1086 444 signa
1099 371 1312 432 moralitatem.
1327 368 1563 443 persequebatur
1575 364 1709 424 absalon
1725 363 1826 432 David,

148 469 218 528 Cle.
230 469 297 527 xvi.
316 468 360 523 De
374 465 650 524 nonannoeane.
665 465 779 524 Adesto
789 465 908 539 quinta.
995 462 1087 520 ludas
1101 461 1261 530 Christum,
1275 460 1425 534 appetitus
1437 456 1548 525 carnis,
1558 454 1703 513 animam.
1718 455 1829 515 AEstua·

150 555 299 626 Quoniam
312 555 352 615 de
366 553 470 613 cmiali
492 554 645 615 monacho
664 570 764 631 pauca
777 552 946 617 dicturisu-
997 553 1050 611 bat
1069 552 1204 611 Absalon
1219 568 1324 611 amore
1338 548 1503 623 regnandi:
1526 546 1756 608 hoecestrcdtn
1770 560 1830 603 orn·

113 663 184 707 mus
196 645 364 705 nomadum
377 643 471 703 fateor
485 648 518 703 ut
531 643 725 704 daemonico
739 656 945 702 scuconverso
997 645 1081 703 nium
1094 644 1244 700 mutorum
1261 642 1291 714 (I
1303 642 1376 700 Tim.
1392 653 1445 708 ist,
1460 636 1619 712 cupiditas,
1634 635 1703 709 ipsa
1720 638 1767 693 est
1787 648 1832 692 ea·

114 733 220 795 curiali
244 733 351 792 cadem
371 733 547 793 sondemus.
573 733 652 792 hicet
666 733 747 793 enim
761 733 897 790 diversus
910 729 947 787 sit
997 737 1062 809 put,
1073 750 1111 791 cx
1124 748 1185 806 quo
1198 731 1309 806 pendet
1318 730 1460 787 vitiorum
1474 725 1623 784 caesaries.
1638 727 1706 783 llaec
1722 727 1768 781 est
1780 738 1833 783 em.

114 821 336 892 habitus,idem
350 826 452 881 tamen
462 821 552 880 debet
564 838 630 880 esse
645 821 796 894 religionis
810 820 944 886 affectus,
999 822 1103 891 series,
1119 837 1212 897 quam
1226 819 1376 878 nutriebat
1390 817 1534 889 medon,
1545 820 1575 875 et
1590 812 1737 887 gravabat
1750 827 1832 883 cum,

115 919 150 972 ut
169 928 233 971 non
258 911 397 972 affectent
422 912 557 970 vestibus
579 912 708 989 plaeere,
730 911 783 969 sed
797 908 945 968 moribus.
1000 914 1029 968 et
1042 908 1162 966 nonnisi
1177 907 1269 966 semol
1283 904 1639 972 inannotcndebatur,et
1650 905 1723 964 tune
1736 901 1833 959 crines

116 1005 192 1062 Cum
206 1017 278 1074 ergo
291 1001 399 1058 dicitur
418 999 538 1058 curialis
560 1002 739 1068 monachus,
753 1018 789 1058 ex
802 999 946 1071 adjuncto
1001 1016 1073 1056 suos
1088 995 1278 1072 ponderabat
1298 995 1434 1055 ducentis
1449 993 1531 1055 siclis
1548 990 1683 1067 pondere
1697 987 1832 1064 publico.

115 1091 291 1164 designatur
303 1089 418 1163 aliquid
432 1088 569 1149 levitatis.
586 1089 641 1155 Qui
657 1089 737 1146 enim
757 1086 947 1145 sanctuarium
1001 1087 1132 1145 Absalon
1144 1102 1208 1157 pun
1215 1087 1313 1157 patris
1322 1083 1541 1158 interpretatur.
1553 1086 1620 1156 lpse
1633 1084 1662 1138 et
1671 1080 1686 1134 J
1689 1078 1767 1138 udas
1779 1081 1833 1137 est.

117 1269 290 1346 principum
308 1267 435 1327 libenter
448 1267 599 1339 ingerunt,
612 1267 665 1341 qui
678 1270 861 1324 secretorum
874 1280 948 1320 con·
1002 1282 1125 1323 mannen
1137 1266 1169 1322 in
1179 1264 1350 1334 paropside,
1363 1264 1412 1320 bie
1421 1277 1467 1320 ine
1477 1261 1647 1319 traditurus
1658 1263 1702 1316 est
1715 1255 1832 1329 (Metti.

119 1357 173 1416 scii
198 1360 268 1415 sunt
290 1360 321 1416 et
346 1356 529 1426 internuntii,
553 1355 680 1413 curiales
700 1358 827 1431 possunt
847 1353 950 1428 appel·
1003 1355 1094 1428 xxvi).
1120 1353 1197 1410 dudi
1221 1369 1328 1428 pacem
1346 1351 1417 1410 filii:
1450 1345 1659 1423 Quemcunque
1683 1347 1833 1405 osculatus

117 1447 183 1506 lari.
200 1447 330 1507 Consilia
352 1447 523 1522 principum
543 1463 695 1521 perversa,
714 1445 739 1503 si
752 1461 788 1503 ca
812 1445 902 1515 scias,
923 1446 952 1500 et
1003 1446 1103 1516 sciero,
1126 1445 1189 1514 ipse
1212 1447 1375 1510 esttenete
1399 1457 1465 1500 curn
1479 1439 1585 1513 (idid).
1605 1436 1714 1497 Osculo
1728 1450 1833 1511 pacem

118 1535 319 1595 internuntius
335 1535 403 1607 tias,
418 1535 509 1594 hmeo
523 1551 561 1603 ne
575 1534 754 1592 consentias.
774 1533 853 1592 Ordo
868 1532 950 1590 clau·
1004 1533 1159 1608 promittit,
1175 1537 1204 1590 ct
1229 1531 1343 1604 affligit.
1367 1534 1491 1590 domam
1514 1527 1675 1593 nutriebat,
1691 1525 1746 1583 scd
1764 1540 1833 1601 quo

120 1625 172 1682 stri
185 1629 214 1683 et
228 1623 303 1683 crdo
318 1625 408 1682 curia
430 1624 567 1682 diversus
589 1623 742 1682 ostvalde.
756 1622 800 1680 lbi
820 1621 905 1680 sedes
920 1621 952 1677 in
971 1623 1121 1697 gmodo‘l
1135 1624 1285 1692 Fures-ut,
1302 1627 1329 1677 et
1342 1622 1455 1679 loculos
1470 1618 1596 1679 habehat
1613 1617 1712 1689 (doun.
1728 1615 1792 1685 nn).
1804 1615 1834 1673 nt

119 1712 236 1771 insidiis
252 1729 323 1770 cum
334 1712 476 1771 divitibus
488 1713 520 1770 in
534 1712 667 1782 occultis,
684 1717 717 1771 ut
730 1710 890 1771 interficias
905 1710 951 1769 in·
1006 1711 1098 1770 semel
1123 1710 1153 1768 in
1169 1726 1250 1769 anno
1265 1713 1370 1767 tonsus
1385 1714 1440 1779 est,
1463 1705 1586 1853 spuendo
1611 1703 1705 1763 semel
1718 1701 1833 1777 triginta

121 1803 283 1860 nocentem
303 1800 487 1875 (Psct.vu1);
509 1800 558 1860 hic
582 1800 688 1859 audis:
714 1802 783 1859 Non
804 1801 867 1858 sedi
885 1815 953 1858 cuni
1006 1805 1165 1873 argenteos
1179 1798 1287 1867 retulit,
1304 1802 1333 1857 et
1345 1799 1377 1856 in
1391 1803 1472 1873 temp
1485 1813 1504 1854 o
1517 1796 1651 1870 projecit.
1669 1795 1773 1853 Crines
1785 1790 1834 1849 du

122 1891 248 1948 concilio
262 1891 416 1959 vanitatis,
427 1895 455 1946 ct
470 1905 536 1947 cunt
552 1891 651 1960 impiis
662 1906 723 1948 non
738 1889 843 1949 sedebo
857 1890 951 1962 (Psul.
1007 1886 1108 1949 centis
1124 1888 1203 1946 siclis
1225 1887 1413 1963 ponderavit,
1428 1886 1481 1959 qui
1495 1899 1640 1943 numerus
1652 1886 1699 1939 est
1709 1882 1834 1940 immun·

121 1976 204 2050 xxv).
216 1976 260 2033 lhi
273 1977 397 2036 dentern
411 1983 465 2035 tna
479 1979 594 2049 repleta
607 1983 648 2035 cst
659 1979 831 2038 muneribus
844 1977 954 2050 (idid.);
1007 1981 1127 2051 dorum,
1143 1978 1216 2053 quia
1233 1975 1407 2051 poenitentia
1423 1974 1531 2034 ductus
1549 1974 1607 2030 ait:
1622 1972 1764 2042 Pecccui,
1775 1975 1834 2027 trc-

122 2066 171 2124 hic
183 2066 267 2126 lavas
280 2065 356 2125 inter
369 2066 543 2125 innocentes
557 2083 668 2126 manus
681 2072 764 2138 tuas;
787 2067 830 2127 ibi
840 2082 954 2138 paupe·
1007 2071 1079 2127 dens
1105 2069 1281 2140 sanquinem
1298 2069 1417 2137 justum
1443 2063 1560 2137 (Melta.
1577 2063 1680 2136 uui).
1704 2060 1733 2118 Si
1753 2058 1837 2117 sciret

123 2172 191 2214 rum
212 2169 259 2213 res
280 2156 426 2214 violenter
448 2158 654 2228 aeserunium
677 2158 726 2216 bic
740 2157 954 2231 cpauperidnc
997 2157 1151 2234 xponderis
1163 2155 1319 2229 justitiam,
1336 2154 1367 2214 id
1390 2158 1435 2211 est
1453 2152 1582 2228 pretium
1597 2149 1765 2223 sanguinis,
1777 2163 1836 2206 non

122 2249 227 2317 sponte
236 2244 407 2316 offeruntur
413 2260 425 2318 ,¹
438 2245 480 2304 ihi
496 2247 643 2305 medetur
649 2253 792 2317 peccator
801 2248 834 2302 in
843 2246 956 2304 decide·
1009 2249 1049 2306 ad
1060 2248 1204 2322 laqueum
1218 2248 1357 2312 curreret,
1375 2243 1428 2301 sed
1451 2243 1491 2303 ad
1514 2258 1634 2300 crucem
1654 2238 1773 2301 Domini
1787 2238 1836 2296 hu·

123 2335 179 2392 riis
192 2335 301 2392 anima
323 2350 395 2406 sua,
414 2339 442 2393 et
464 2335 583 2406 iniquus
604 2335 787 2393 benedicitur
805 2336 898 2406 (Pscl.
913 2334 954 2406 x),
1009 2336 1088 2395 milis
1102 2338 1286 2410 properaret.
1308 2331 1487 2391 ponderavit
1507 2335 1607 2388 autern
1626 2327 1763 2406 pendere
1784 2341 1835 2401 pu·

124 2424 172 2481 hic
199 2426 301 2482 autem
323 2422 510 2481 benedicitur
538 2424 646 2496 justus.
675 2424 704 2482 Si
726 2423 773 2480 vis
787 2424 877 2494 igitur
891 2439 956 2483 esse
1010 2426 1098 2499 blico,
1123 2441 1185 2483 non
1208 2423 1342 2499 pondere
1363 2421 1526 2481 sanctuarii
1548 2419 1651 2488 (chb.
1675 2418 1717 2490 v).
1741 2414 1837 2475 Posuit

124 2512 292 2570 monachus
313 2510 443 2581 curialis,
464 2511 572 2570 laudas
593 2511 678 2585 quod
702 2528 765 2571 nou
788 2512 891 2582 debes,
907 2511 957 2570 de·
1010 2517 1091 2575 cnim
1102 2515 1247 2575 talentum
1257 2513 1385 2589 plumbi,
1397 2528 1487 2588 super
1499 2511 1581 2585 quod
1596 2509 1680 2569 sedet
1688 2505 1835 2578 diabolus,

125 2601 223 2659 iendis
235 2600 319 2676 quod
330 2616 393 2658 non
407 2601 538 2675 expedit,
553 2601 686 2677 operaris
698 2601 783 2676 quod
800 2617 862 2658 non
877 2600 954 2672 licet,
1010 2623 1071 2665 non
1090 2605 1153 2663 leve
1167 2603 1288 2679 pondus
1306 2601 1528 2673 misericordiae,
1544 2600 1592 2656 cui
1604 2597 1751 2657 Dominus
1770 2611 1837 2672 sup«

126 2690 258 2765 loqueris
272 2689 356 2765 quod
370 2705 433 2747 non
458 2689 552 2748 decet.
568 2693 639 2747 ituae
661 2695 731 2748 sunt
750 2695 852 2749 temen
866 2691 956 2749 curie
1010 2694 1096 2772 ponit
1108 2709 1235 2752 manum
1248 2709 1345 2751 suam.
1361 2691 1462 2751 Posuit
1474 2689 1596 2766 pondus
1610 2684 1838 2762 desperationis,

126 2777 299 2855 principum
314 2777 513 2848 secularium,
531 2778 736 2852 quorumdam
763 2776 884 2848 scilicet,
904 2779 957 2857 qui
1010 2801 1073 2841 non
1087 2782 1311 2851 misericordiae,
1324 2782 1382 2840 boc
1394 2780 1516 2856 pondus
1540 2777 1625 2851 apud
1646 2793 1679 2834 se
1697 2774 1838 2847 habebat,

126 2866 266 2925 ecelesias
274 2871 461 2938 construunt,
469 2867 718 2942 etquorumdam,
728 2868 956 2943 quidestruunt.
1010 2872 1060 2929 illo
1077 2872 1208 2938 carebat,
1224 2873 1254 2928 et
1266 2870 1335 2929 ideo
1351 2868 1484 2940 forsitan,
1500 2866 1573 2940 quia
1585 2863 1721 2924 misereri
1733 2861 1838 2934 noluit,

125 2955 170 3014 cd
183 2960 343 3031 utramque
358 2956 545 3015 necessarius
564 2960 608 3017 est
630 2956 838 3030 religiosorum
857 2973 957 3016 acces·
972 2996 993 3053 C
1011 2959 1223 3019 misericordiae
1235 2958 1356 3017 veniam
1367 2973 1500 3033 quaerere
1511 2954 1667 3015 dubitavit.
1678 2950 1755 3009 sudi
1768 2965 1839 3024 pon·

127 3063 188 3120 sus,
204 3047 352 3106 curalium
361 3063 433 3106 vero
448 3049 668 3107 monachorum
682 3048 793 3108 inutilis
805 3049 958 3124 etpericu·
1011 3049 1069 3107 dus
1085 3047 1264 3108 sanctuarii:
1279 3048 1414 3116 Pacensi,
1427 3047 1568 3102 delictum
1582 3058 1678 3103 meum
1691 3041 1836 3112 coendum

127 3134 306 3196 insaniisse
332 3143 361 3197 et
383 3138 467 3199 curia
487 3138 592 3208 David,
606 3138 658 3197 illa
674 3154 744 3197 vero
765 3139 908 3198 absalon.
925 3142 958 3198 ln
1013 3138 1195 3210 tidisee13et
1218 3137 1383 3207 injustitias
1403 3149 1482 3192 meus
1507 3149 1567 3192 non
1582 3129 1737 3191 abscondi,
1751 3127 1836 3185 Deci:

129 3231 256 3299 utraque
280 3227 485 3286 necessarium
504 3233 550 3286 est
570 3228 726 3287 consilium
743 3228 862 3288 causat
879 3232 957 3300 Lego
1014 3227 1184 3297 Confitetur
1198 3227 1357 3285 adversum
1370 3239 1416 3282 nie
1431 3223 1612 3294 injnett'tictn
1626 3235 1722 3278 nicam
1742 3216 1837 3277 Domi·

127 3314 303 3390 achitophel
317 3315 519 3374 consiliarium
535 3316 630 3373 David
648 3316 832 3393 quandoque
850 3317 956 3387 fuisse,
1012 3333 1062 3388 nc,
1077 3322 1104 3374 ct
1129 3322 1161 3373 tu
1176 3316 1316 3374 tentanti
1337 3315 1518 3383 inpietatem
1537 3311 1654 3385 peccati
1676 3310 1734 3369 mei
1749 3306 1836 3381 (Ptol.

128 3401 182 3459 scd
196 3405 299 3461 tamen
315 3403 472 3462 recessisse
486 3403 526 3461 ab
545 3419 592 3474 eo,
606 3408 635 3464 et
658 3421 728 3465 cum
741 3405 873 3465 necnon
892 3422 958 3484 per·
1011 3411 1105 3474 xxxi).
1120 3408 1238 3462 lustum
1250 3403 1370 3478 pondus
1385 3402 1547 3467 abundans
1560 3397 1777 3470 misericordia,
1791 3396 1838 3455 de-

127 3490 276 3550 mensisse
300 3490 346 3566 (ll
356 3492 428 3566 Reg.
444 3490 505 3565 nv).
522 3494 618 3550 Locus
640 3496 685 3550 est
699 3493 835 3567 iordtan,
849 3499 883 3553 ut
905 3511 958 3552 ex·
1012 3495 1115 3554 lictum
1129 3510 1220 3554 suum
1233 3495 1387 3563 cognitum
1398 3491 1477 3562 iacit,
1489 3489 1646 3551 confitetur
1655 3487 1837 3562 injustitiam,

79 3608 84 3615 κ
128 3579 265 3657 quisitius
290 3580 328 3639 de
347 3578 477 3640 adduam
500 3581 663 3656 loquamur
681 3582 958 3644 testimonialium
1013 3588 1116 3659 etque
1130 3582 1198 3659 plus
1221 3586 1380 3658 peccatum
1394 3580 1541 3653 detegitur
1555 3579 1595 3638 ab
1609 3594 1656 3648 ec,
1671 3581 1755 3637 tanto
1777 3575 1838 3652 plus

129 3669 289 3729 suntenim
301 3667 390 3728 curia
406 3668 509 3740 David,
525 3668 825 3730 scilicetctubsaton.
835 3676 868 3729 ln
879 3676 960 3731 utra-
1012 3666 1747 3746 regituraltco.Audiponduspublicum,pondus
1755 3664 1839 3734 Cain,

128 3776 188 3835 que
213 3759 370 3835 praevaluit
398 3759 558 3818 consilium
582 3760 692 3820 Chusai
715 3776 777 3819 non
800 3762 959 3823 consilium
1014 3761 1055 3819 ait
1068 3759 1168 3818 enim:
1193 3761 1295 3831 Major
1315 3766 1356 3817 cet
1382 3760 1525 3833 iniqnitas
1543 3772 1620 3826 mec,
1634 3770 1726 3830 quum
1748 3759 1782 3813 ut
1800 3767 1840 3814 ae

128 3850 313 3924 achitophel.
340 3849 448 3908 Chusai
469 3851 633 3918 sitentium,
657 3851 844 3927 achitophel,
869 3855 961 3912 rninc
1014 3850 1096 3908 nium
1110 3864 1228 3907 merem
1243 3850 1325 3920 (Gen.
1341 3847 1472 3925 utplus
1485 3862 1571 3906 suam
1581 3844 1740 3913 malitiam,
1750 3855 1839 3916 quam

127 3940 236 4011 fratris
248 3938 466 4012 interpretatur.
487 3940 539 3997 Vir
551 3939 632 3997 enim
648 3941 872 4012 linguosuenon
884 3943 960 4002 diri·
1014 3939 1066 3998 lici
1090 3939 1329 3999 misericordiam
1351 3937 1539 4013 ponderavit.
1566 3936 1624 3995 Sed
1645 3939 1675 3997 ct
1696 3932 1838 4010 appetitu

128 4030 217 4099 peter·
230 4025 262 4082 iu
276 4030 379 4096 terrm·
399 4026 498 4083 virum
512 4028 659 4096 injustum
682 4031 765 4087 motu
789 4032 909 4100 capient
928 4033 960 4089 in
1014 4029 1113 4086 cernis
1138 4028 1292 4086 cesariem
1311 4028 1412 4100 nubit,
1425 4027 1497 4102 quia
1512 4025 1728 4097 cogitationum
1743 4034 1839 4097 super·

129 4114 254 4173 interitu
268 4113 364 4188 (Psal.
380 4115 507 4186 murs).
521 4113 550 4173 st
560 4117 662 4173 autem
673 4114 772 4188 diligis
784 4119 885 4175 videre
898 4119 960 4178 dies
1015 4117 1160 4176 fluitatem
1175 4116 1324 4191 producit.
1341 4118 1413 4184 Qua
1434 4115 1572 4173 caesaries
1586 4118 1696 4189 gruunt
1708 4115 1838 4175 mentem

130 4204 230 4276 tonos,
243 4204 369 4276 protilte
381 4204 517 4277 lingnam
532 4208 614 4262 tuum
629 4219 648 4265 a
661 4207 753 4278 melo,
768 4213 795 4264 et
812 4207 893 4266 tatic
907 4213 960 4267 tun
1014 4207 1086 4265 dnm
1105 4207 1246 4276 deprimit
1266 4213 1385 4265 tenena
1410 4206 1590 4264 inhabitatio
1611 4217 1730 4262 sanum
1748 4199 1839 4260 made

129 4310 166 4354 ne
182 4297 347 4370 toqucmtn·
367 4294 469 4352 dolum
485 4293 703 4369 (Psalmis).
720 4295 782 4356 Hoc
796 4300 851 4370 est,
866 4298 962 4357 consi·
1015 4299 1194 4370 cogitantem
1209 4296 1292 4369 (Sap.
1309 4301 1362 4364 rx).
1387 4296 1443 4363 Qui
1464 4299 1569 4353 tonsus
1593 4291 1688 4351 semel
1711 4290 1741 4348 in
1763 4301 1839 4349 anne

128 4385 203 4444 lium
218 4384 338 4452 chusai,
353 4384 427 4444 illud
441 4383 625 4458 lehitophel.
642 4384 757 4457 Lingua
776 4386 858 4446 euim
878 4387 961 4447 sedet
1014 4385 1149 4444 ducentis
1176 4385 1254 4441 siclis
1278 4384 1375 4444 crines
1395 4385 1552 4461 ponderat,
1569 4380 1695 4457 quando
1715 4383 1748 4441 in
1762 4374 1840 4439 omiti

129 4470 162 4527 in
175 4471 247 4538 udo,
262 4476 291 4529 ct
304 4472 389 4529 facile
406 4471 526 4529 labitur.
550 4475 582 4529 ln
596 4472 657 4541 illa,
671 4473 759 4530 ruina
772 4474 909 4543 fratrum,
929 4477 961 4533 in
1015 4474 1110 4548 spatio
1125 4474 1190 4532 vitae
1204 4491 1266 4530 suae
1285 4474 1497 4549 cupiditatibus
1511 4471 1611 4531 sectili
1623 4469 1717 4528 semel
1734 4482 1839 4531 renun-

131 4557 248 4615 silentio
268 4574 339 4615 vero
353 4574 415 4633 pax
428 4559 567 4630 nutritur,
582 4564 717 4619 servatur
730 4563 825 4621 David
837 4580 875 4623 nc
894 4580 960 4622 mo·
1012 4564 1077 4637 tint,
1094 4569 1123 4621 et
1133 4564 1191 4621 hoc
1205 4564 1237 4620 in
1254 4564 1323 4623 linc.
1337 4568 1418 4623 Tunc
1439 4563 1519 4620 enim
1532 4566 1649 4621 mnium
1661 4559 1703 4617 ab
1716 4559 1763 4629 iis,
1777 4569 1840 4633 que

130 4646 233 4704 riatur.
246 4649 315 4705 Erat
329 4649 431 4705 autem
445 4647 566 4721 Chusai,
573 4651 608 4705 ut
617 4647 763 4723 scriptum
775 4655 829 4724 est,
845 4653 961 4710 amicus
1013 4651 1155 4727 possidet,
1171 4652 1325 4729 spoliatur,
1339 4651 1463 4726 mando
1479 4650 1647 4711 succisione
1659 4647 1767 4708 mortis
1781 4643 1840 4705 dt·

131 4735 226 4794 David
239 4736 285 4812 (II
296 4738 368 4811 Reg.
383 4736 443 4810 xv).
473 4735 529 4795 Sed
553 4737 708 4812 quomodo
729 4740 841 4800 amavit
865 4743 961 4802 eum?
1013 4757 1072 4799 mer
1087 4758 1106 4801 a
1119 4741 1242 4799 terrenis
1256 4746 1420 4815 separatur.
1431 4741 1579 4800 Pondcrat
1593 4742 1694 4796 auem
1709 4735 1779 4812 plus
1792 4738 1839 4793 ter

132 4825 282 4894 Obmutui,
296 4825 393 4901 inquit
406 4825 511 4895 David,
524 4833 553 4886 ct
566 4828 742 4887 humiliatus
756 4846 832 4903 sunt,
848 4834 962 4891 etsilni
1013 4847 1080 4890 ram
1094 4846 1188 4904 quam
1202 4830 1322 4903 omium,
1336 4830 1406 4907 plus
1427 4829 1508 4887 enim
1530 4832 1612 4888 amat
1626 4842 1692 4887 esse
1707 4825 1739 4887 in
1753 4824 1838 4885 deme

131 4914 246 4973 udonis
261 4915 355 4988 (Pscl.
369 4917 481 4988 nstin).
499 4916 544 4975 Sic
557 4918 638 4977 enim
650 4917 782 4978 nactum
795 4920 902 4979 silentii
915 4921 961 4995 ju·
1013 4919 1104 4986 lutea,
1120 4935 1213 4994 quam
1226 4919 1258 4979 in
1272 4935 1334 4978 non
1356 4918 1541 4987 manufacta,
1555 4932 1622 4994 qum
1638 4915 1729 4977 estin
1744 4909 1836 4980 coln

131 5007 194 5060 stus
208 5008 300 5072 amat,
312 5008 344 5063 ut
358 5003 449 5062 etiarn
463 5021 482 5063 e
495 5005 679 5081 quibusdam
691 5007 780 5067 bonis
796 5013 901 5068 lacem.
915 5009 960 5070 Sic
1013 5008 1044 5065 in
1060 5008 1239 5077 transitoria,
1253 5024 1348 5081 quam
1362 5008 1394 5068 in
1407 5011 1529 5078 aterna,
1538 5009 1567 5063 et
1576 5006 1633 5062 hoo
1645 5003 1780 5079 pondere
1792 5014 1838 5076 pu·

130 5098 214 5154 amat
227 5092 385 5154 consilium
401 5095 520 5170 chusai,
534 5100 566 5154 ut
577 5101 672 5172 ponat
684 5098 834 5157 silentium
845 5099 889 5158 ori
904 5114 961 5158 suo
1013 5096 1104 5165 blico,
1117 5112 1179 5155 uon
1193 5097 1328 5172 pondere
1343 5096 1514 5156 sanctuarii.
1538 5093 1614 5155 audi
1626 5092 1750 5171 pondus
1764 5103 1839 5149 sane

130 5183 311 5254 custodiam,
326 5182 401 5242 dum
415 5199 478 5243 non
498 5183 630 5261 loquitur
652 5186 712 5245 nisi
726 5202 780 5261 per
799 5187 959 5246 beccham.
1015 5185 1111 5253 tuarii,
1140 5187 1261 5262 pondus
1286 5185 1384 5246 Pauli:
1412 5186 1518 5261 Cupio,
1536 5182 1644 5258 inquit,
1665 5179 1838 5255 discalciet

132 5275 237 5332 Cantet
250 5271 344 5333 David
357 5272 510 5350 psalmum
524 5289 580 5348 pro
600 5274 698 5332 verbis
715 5275 843 5333 chusai:
866 5276 961 5334 Verba
1015 5290 1075 5333 esse
1102 5292 1169 5334 cnm
1197 5276 1316 5337 cereto
1342 5276 1468 5350 (Ptttp.
1496 5275 1526 5348 ι).
1550 5272 1629 5335 Audi
1651 5269 1777 5349 pondus
1794 5283 1839 5347 ple

133 5362 255 5432 Chusci,
285 5362 375 5421 verbu
398 5361 522 5431 silentii,
551 5363 684 5420 velamen
706 5362 841 5434 mysterii
867 5361 960 5434 (Paci.
1013 5360 1146 5421 blicam:
1166 5364 1429 5423 vaetctitcntttns
1444 5364 1475 5423 in
1491 5368 1574 5421 terra
1590 5359 1839 5434 (speculatum

132 5451 283 5525 unuin).
305 5451 371 5508 Tria
384 5455 454 5508 sunt
465 5453 566 5507 tamen
579 5449 704 5507 silentia.
720 5447 874 5508 Silentium
889 5449 960 5522 oris,
1015 5451 1072 5510 illis
1095 5452 1147 5526 qui
1162 5469 1286 5528 corpore
1300 5453 1448 5530 habitant,
1465 5453 1519 5511 sed
1542 5450 1593 5529 qui
1616 5448 1709 5507 corde
1733 5448 1839 5512 amant

132 5540 330 5615 tranquillitas
343 5539 463 5613 mentis,
474 5536 611 5597 velamen
619 5535 762 5610 mysterii.
771 5538 867 5597 Verba
873 5539 963 5616 primi
1015 5545 1102 5600 Amet
1111 5542 1201 5614 igitur
1211 5543 1379 5603 monachus
1390 5541 1550 5601 consilium
1561 5539 1683 5610 chusai,
1698 5537 1730 5599 id
1745 5534 1840 5608 estet·

133 5627 250 5700 silentii,
266 5629 411 5686 discreta:
435 5626 568 5696 secundi,
582 5629 711 5695 secreta;
725 5626 811 5697 tertii,
822 5629 962 5687 manifes-
1016 5629 1142 5690 lentium
1156 5629 1287 5690 claustri.
1301 5633 1432 5704 Respuet
1442 5635 1544 5691 autem
1556 5627 1720 5687 consilium
1730 5627 1842 5687 Achitc·
