3756 6074
112 140 183 198 ιιιι
583 79 1358 190 ιιιιιιιιιιιιιιιιιιιιιιιιιιιιιιιιιιιιιιιι.
1784 84 1841 183 ιιι

107 262 173 336 jam
186 258 349 318 comedens
367 271 480 330 panem
502 255 745 324 subcinericium,
760 252 814 310 sed
835 251 942 308 fortem
955 250 980 309 Α
995 248 1130 309 hndreas
1145 253 1242 310 virilis
1267 250 1485 324 interpretatur.
1507 249 1567 318 Qui
1584 246 1682 305 enim
1697 244 1776 305 vitia
1790 262 1833 320 sup

111 366 148 408 ao
161 349 293 408 solidum
307 347 419 416 cibum,
440 347 534 419 liquet
547 345 621 419 quia
643 345 761 411 fortem,
777 339 944 399 ambulavit
995 339 1142 414 plantant,
1155 341 1186 398 id
1200 346 1255 407 est,
1271 341 1324 414 qui
1339 339 1457 397 viriliter
1469 343 1577 410 agunt,
1591 335 1754 410 exempto
1768 335 1831 395 bone

111 440 193 498 enim
215 437 433 496 infortitudine
454 431 822 508 cihiilliusquadraginta
836 429 943 487 dietim
996 430 1177 502 operationis
1192 429 1289 503 pisces
1300 429 1339 486 de
1351 429 1438 501 mari,
1451 428 1482 486 id
1493 432 1548 500 est,
1561 425 1746 485 saeculares
1759 426 1832 484 aith

111 532 140 586 et
160 526 362 602 quadraginta
386 522 524 580 noctibus
549 537 646 596 usque
672 521 711 579 ad
736 523 872 577 montem
891 516 943 574 Dei
995 524 1043 576 tus
1058 519 1262 583 conversionis
1277 520 1410 579 trahunt.
1424 518 1533 580 Tobios
1550 515 1719 590 vero,qui
1732 516 1832 575 daea

112 616 199 676 orob.
217 614 308 673 Fortis
323 612 410 669 cibus
422 615 467 669 est
478 612 618 669 charitas.
637 611 779 669 Charitas
791 607 942 665 enimom-
995 609 1039 666 dit
1064 610 1103 668 ad
1125 609 1249 678 flumen,
1266 609 1399 668 Christus
1416 613 1460 668 est
1482 608 1687 666 descendens
1709 607 1753 665 ad
1767 624 1832 665 mun

112 705 295 774 manasseri,
311 702 412 758 omnia
437 702 562 757 sustinet
589 700 618 771 (Ι
632 700 699 756 Cor.
716 698 788 771 1111),
804 702 943 767 eiusque
995 699 1185 770 dum,Justus
1196 698 1236 755 ad
1247 698 1409 771 lacrymas.
1422 697 1541 766 Tobios,
1551 701 1588 755 ut
1603 696 1736 755 lavaret
1748 694 1832 769 pedes,

113 794 152 851 ad
175 790 363 849 altitudinem
389 789 498 847 divinae
527 787 785 862 contemplationis
807 784 943 842 animum
997 788 1128 845 Christus
1153 792 1185 845 ut
1206 788 1342 846 ablueret
1366 791 1499 862 peccata,
1513 788 1619 859 justus
1645 789 1687 843 ut
1712 785 1833 845 carnales

112 881 260 958 provehit,
276 886 305 937 et
318 879 455 937 sustollit.
473 882 633 949 Surgentes
647 881 745 934 nutem
760 873 890 931 ministri
902 872 945 929 di·
996 876 1157 933 mundaret
1166 876 1300 935 affectus.
1313 876 1428 935 invenit
1440 876 1547 934 lobias
1558 875 1703 949 piscem,
1718 874 1833 933 ebruna

111 986 200 1028 versa
214 985 324 1042 genera
339 973 497 1043 apponunt
509 967 581 1036 vini,
599 967 769 1040 Stephanus
785 962 944 1021 seilicetvi-
997 962 1163 1033 diabolum,
1190 965 1289 1036 justus
1318 964 1475 1039 quodlibet
1499 963 1619 1022 diaboli
1653 963 1834 1023 memhnm

111 1076 187 1118 num
199 1075 337 1134 passum,
354 1059 445 1117 lsaias
456 1074 537 1132 aqua
549 1057 682 1114 mistum.
694 1054 883 1112 inebriantur
892 1067 945 1108 au·
995 1054 1110 1111 Piscem
1125 1055 1232 1112 Tobias
1256 1054 1392 1122 extrahit,
1409 1053 1566 1111 diabolum
1589 1052 1743 1111 Christus
1756 1054 1834 1124 ejecit.

112 1152 173 1206 tem
188 1148 259 1205 duo.
281 1151 341 1205 Noe
356 1149 481 1220 requies,
503 1147 576 1204 Loth
597 1160 668 1201 vero
683 1143 845 1200 declinatio
856 1140 944 1197 inter·
993 1143 1095 1215 justus
1109 1144 1238 1217 impium
1253 1144 1406 1202 convertit.
1423 1146 1580 1201 henterat
1597 1142 1722 1201 Tobias
1736 1143 1836 1216 pisocn

112 1241 255 1312 pretatur.
283 1241 332 1295 Est
360 1242 460 1294 autem
486 1237 604 1311 requies
632 1235 751 1304 mentis,
776 1237 805 1289 et
827 1230 944 1303 requies
996 1233 1135 1290 interiora
1149 1233 1345 1306 projiciendo,
1362 1233 1495 1291 Christus
1519 1231 1694 1291 diabolum
1710 1232 1837 1302 maligni·

114 1327 222 1384 carnis.
239 1328 295 1394 Qui
317 1331 456 1402 quarunt
479 1327 615 1401 requiem
636 1325 744 1395 carnis,
760 1321 946 1379 inebriantur
997 1326 1088 1378 tatem
1103 1322 1168 1394 ejus
1184 1323 1358 1396 aperiendo,
1369 1323 1469 1394 justus
1482 1337 1537 1395 per
1549 1321 1794 1381 confessionem
1805 1337 1839 1378 oc

113 1414 185 1472 vino
199 1430 280 1488 aqua
293 1415 400 1485 misto;
427 1416 479 1489 qui
497 1430 567 1471 vero
588 1412 724 1486 requiem
740 1408 858 1481 mentis,
873 1406 944 1462 vino
998 1413 1077 1470 culta
1090 1413 1218 1486 pectoris
1233 1413 1389 1486 ejiciendo.
1411 1417 1476 1471 Non
1497 1415 1602 1471 carent
1619 1412 1674 1471 isti
1697 1411 1777 1479 sale,
1792 1428 1839 1486 quo

114 1519 216 1579 passo.
231 1506 363 1579 apponit
376 1505 485 1562 Paulus
500 1504 581 1561 olera
595 1504 688 1576 (Rom.
705 1501 776 1573 xiv),
789 1504 848 1556 tres
860 1496 944 1571 pueri
997 1501 1095 1575 pisces
1119 1518 1192 1557 suos
1215 1505 1388 1576 aspergant,
1403 1501 1496 1561 habet
1515 1501 1600 1561 enim
1620 1500 1747 1560 'lobias
1762 1507 1840 1558 mate

113 1592 268 1665 legumina
289 1595 458 1651 ministrant
473 1595 560 1666 (Dan.
576 1595 606 1666 ι).
628 1591 736 1649 Paulus
750 1588 877 1647 infirmis
891 1603 945 1661 per
964 1589 1117 1663 grialcm,
1152 1589 1285 1647 Christus
1322 1588 1501 1661 mysticum,
1530 1589 1638 1661 justus
1686 1588 1839 1647 moralem.

115 1682 207 1751 olera,
223 1686 282 1740 tres
295 1684 380 1756 pueri
394 1699 463 1741 vero
485 1699 539 1756 por
552 1681 705 1752 legumina
724 1679 857 1736 delicatis
871 1678 945 1734 dant
998 1678 1106 1737 ronias
1121 1678 1211 1751 igitur
1224 1694 1287 1736 non
1310 1682 1391 1735 caret
1417 1677 1479 1737 sale
1498 1677 1649 1737 materiali
1674 1694 1749 1752 quo
1764 1678 1840 1753 piscis

115 1770 288 1845 exemplum
315 1772 471 1828 servanda
499 1771 676 1827 sobrietatis.
699 1771 869 1842 Sequuntur
894 1782 947 1822 au·
998 1768 1173 1837 condiatur;
1199 1767 1331 1826 Christus
1356 1767 1417 1825 sale
1432 1767 1598 1841 sapientia,
1614 1783 1686 1841 quo
1707 1768 1840 1828 diabolis

115 1863 176 1918 tem
201 1860 258 1918 tria
285 1861 434 1932 generalia
458 1860 578 1929 fercula,
600 1859 710 1917 scilicet
731 1874 802 1915 earo
823 1856 944 1926 agnina,
998 1863 1154 1927 caveatur;
1178 1858 1279 1930 justus
1303 1857 1364 1914 sale
1387 1857 1542 1925 doctrinae,
1557 1873 1623 1930 quo
1638 1857 1774 1917 noviter
1785 1874 1841 1915 cen

116 1949 242 2007 anebna
261 1953 289 2006 et
310 1950 446 2006 vaccina.
472 1949 546 2005 abel
565 1964 689 2019 agnum,
704 1948 856 2003 Abraham
871 1945 946 2002 arie·
997 1963 1102 2004 versus
1116 1947 1270 2005 doceatur.
1296 1945 1388 2003 affert
1413 1949 1442 2003 et
1466 1949 1640 2005 Honoratus
1665 1947 1794 2021 piscem
1813 1946 1841 2003 dc

115 2043 186 2106 tem,
201 2040 290 2095 iosue
315 2055 440 2096 vaccam
459 2038 593 2112 apponit.
611 2043 715 2108 Agnus
735 2037 946 2094 obtumescens
998 2039 1111 2103 monta,
1128 2035 1300 2108 exemplum
1327 2034 1438 2093 seilicet
1455 2033 1626 2095 sobrietatis
1640 2039 1676 2093 ct
1692 2036 1842 2095 abstinen-

116 2143 219 2186 coram
247 2127 400 2199 tondente,
427 2132 474 2184 cst
501 2128 633 2185 Christus
662 2126 784 2183 humilis
816 2126 846 2182 in
877 2142 946 2199 pas·
999 2125 1055 2182 tine.
1070 2125 1162 2183 affert
1181 2128 1209 2182 et
1228 2127 1341 2198 Moyses
1356 2123 1489 2182 diversas
1504 2123 1701 2183 ieroiilorum
1716 2126 1840 2198 species,

116 2217 210 2289 sione,
225 2233 283 2275 nos
305 2218 452 2291 patientes
473 2218 504 2274 in
527 2217 725 2276 tribulatione.
748 2215 830 2272 Aries
844 2215 946 2272 adlice
998 2217 1058 2275 mel
1071 2216 1183 2273 scilicet
1199 2215 1346 2286 depietae,
1360 2215 1563 2287 clearnquede
1574 2230 1653 2274 eaeo
1665 2215 1843 2287 durissimo,

115 2321 185 2364 rens
199 2306 277 2364 inter
289 2322 396 2379 vepres
411 2307 562 2374 cornibus,
580 2306 712 2364 Christus
734 2306 765 2362 in
780 2321 868 2362 cruce
881 2320 947 2360 ma·
1002 2307 1143 2378 batpram
1176 2305 1213 2363 cie
1245 2310 1391 2375 armento,
1421 2311 1449 2363 et
1482 2305 1531 2362 tae
1562 2305 1600 2364 cte
1630 2306 1750 2364 ovibus
1783 2322 1842 2365 can

116 2394 217 2464 nibus,
234 2410 297 2452 non
317 2395 494 2452 obedientia
510 2395 661 2468 operibus.
677 2395 758 2452 Aries
773 2393 947 2467 praecedens
1000 2397 1088 2466 adipe
1115 2410 1274 2466 agnorum,
1301 2402 1329 2451 et
1355 2396 1483 2455 arietum
1504 2395 1640 2465 filioram
1667 2397 1796 2468 Basan,
1820 2402 1843 2453 et

117 2498 251 2555 gregem,
275 2482 408 2541 Christus
432 2483 493 2539 rita
518 2483 647 2556 plebem,
674 2482 789 2556 prelati
809 2481 948 2555 exemplo
1000 2487 1098 2543 ιιιιοι
1127 2501 1193 2543 cnm
1221 2485 1356 2543 medalio
1385 2486 1490 2557 tritici,
1511 2490 1539 2546 et
1563 2486 1756 2556 sanquinem
1785 2502 1843 2543 noa

117 2572 392 2644 congregationem.
407 2575 504 2628 Vacca
525 2572 627 2629 occisa
640 2575 723 2629 extra
742 2576 850 2637 eastra,
867 2570 948 2629 Chri-
1000 2575 1233 2633 meracissimam
1260 2576 1357 2646 (Dent.
1384 2574 1487 2646 xxxii).
1528 2574 1622 2634 audis
1648 2579 1792 2648 petram,
1819 2580 1844 2633 ct

118 2665 290 2718 stumextra
305 2661 564 2729 liierusalem,nos
577 2665 659 2718 extra
672 2661 947 2717 mundivanitatem
1000 2678 1109 2720 saxum
1144 2662 1350 2721 durissimum.
1386 2666 1471 2722 Peba
1502 2668 1565 2722 erat
1597 2663 1743 2723 Christus
1776 2669 1843 2723 ante

117 2749 290 2807 mortificari
303 2749 449 2821 designat.
465 2754 497 2806 ln
513 2765 594 2820 agno
608 2749 781 2822 simplicitas
794 2749 901 2818 cordis,
915 2749 947 2805 in
1000 2752 1184 2826 passionem,
1206 2767 1313 2810 saxum
1335 2751 1531 2809 durissimum
1544 2754 1614 2825 post
1628 2752 1844 2811 ressurrectio

117 2839 208 2897 ariete
222 2839 364 2897 fortitudo
379 2840 488 2913 operis,
505 2839 700 2897 invaccalac
714 2839 945 2914 praedicationis.
1000 2856 1081 2900 nem.
1111 2843 1197 2900 Petra
1220 2841 1305 2915 prius
1333 2846 1456 2914 propter
1480 2838 1620 2914 patentia
1643 2839 1841 2905 firmitatem

116 2933 181 2987 lton
192 2929 229 2986 sit
241 2934 342 2987 autem
354 2930 385 2987 in
399 2930 488 2988 nobis
499 2930 672 3004 simplicitas
683 2931 745 2987 sine
756 2928 946 2997 discretione,
967 2958 988 3016 c
1002 2947 1111 2988 saxum
1119 2945 1190 2988 vero
1203 2929 1400 2989 durissimum
1413 2932 1518 3003 postea
1528 2933 1652 3004 propter
1661 2929 1842 2989 immortali

98 3034 173 3076 ,nec
189 3019 329 3077 discretio
353 3020 417 3077 sine
430 3021 506 3077 lacta
521 3020 675 3090 doctrinae,
691 3020 744 3076 sed
764 3019 857 3075 simus
872 3019 949 3075 sicut
1001 3020 1068 3080 tatis
1083 3018 1287 3079 eternitatem.
1312 3023 1396 3079 Petra
1410 3019 1491 3077 enim
1505 3024 1577 3089 erat,
1593 3018 1698 3091 frangi
1712 3025 1839 3094 poterat

117 3107 169 3177 illi,
180 3107 274 3182 quiut
288 3108 384 3165 nubes
397 3109 510 3178 volant,
522 3111 687 3180 prodentes
697 3110 774 3166 sicat
786 3113 946 3179 serpentes,
1001 3108 1073 3183 quia
1095 3108 1195 3168 adhuc
1210 3108 1344 3167 mortalis
1360 3109 1476 3178 iuerat;
1504 3123 1585 3165 nunc
1608 3111 1718 3167 autem
1734 3126 1839 3168 saxum

117 3203 146 3254 et
156 3199 304 3268 simplices
316 3200 394 3254 sicat
407 3199 553 3256 columbae
567 3199 687 3269 (Μαιιιι.
697 3197 738 3270 ιι),
750 3215 788 3255 ne
801 3198 838 3253 sit
851 3197 948 3254 nubes
1001 3197 1199 3257 durissimum
1223 3202 1278 3267 est,
1298 3197 1370 3271 quia
1395 3198 1491 3256 iactus
1513 3197 1707 3269 immortalis,
1732 3199 1839 3257 iterum

117 3286 181 3341 sine
195 3285 308 3359 pluvia,
322 3302 445 3359 serpens
459 3287 522 3343 sine
541 3287 711 3359 prudentia,
727 3286 870 3344 columba
884 3286 947 3342 sine
1000 3288 1078 3347 mori
1092 3302 1153 3345 non
1166 3291 1273 3361 potest.
1289 3288 1343 3346 Per
1356 3287 1417 3345 mel
1429 3287 1519 3359 igitur
1530 3288 1568 3344 de
1581 3291 1679 3361 petra,
1699 3288 1840 3362 designa·

118 3372 325 3446 simplicitate:
339 3374 504 3431 sedoareat
518 3374 661 3431 columba
674 3374 750 3441 felle,
764 3391 948 3448 serpensve-
1001 3381 1049 3437 tur
1072 3376 1216 3435 melliflua
1240 3375 1377 3437 doctrina
1401 3376 1635 3449 predicationis,
1654 3392 1715 3450 per
1739 3379 1840 3437 oleum

114 3477 206 3532 neno,
222 3462 319 3519 nubes
335 3461 474 3530 siccitate,
491 3467 524 3519 ut
545 3463 583 3519 sit
605 3463 779 3536 simplicitas
791 3464 866 3534 iusti
884 3463 947 3520 sine
1000 3480 1072 3523 vero
1084 3465 1122 3522 de
1138 3481 1212 3524 saxo
1226 3465 1399 3534 dmissimo,
1415 3466 1455 3524 ab
1470 3468 1577 3524 eodem
1591 3467 1769 3540 procedens
1785 3469 1840 3542 spi-

117 3552 326 3621 amaritudine,
342 3551 502 3626 prudentia
523 3552 586 3608 sine
600 3551 794 3624 malignitate,
810 3552 948 3610 doctrina
1000 3556 1074 3613 ritus
1088 3554 1311 3614 consolationis.
1332 3558 1399 3613 tlaec
1423 3561 1468 3615 est
1492 3557 1573 3613 enim
1588 3555 1698 3615 effusio
1711 3557 1784 3628 olai,
1800 3575 1841 3615 re·

117 3643 180 3700 sine
195 3643 336 3700 vanitate.
358 3645 426 3699 Post
440 3642 576 3699 carnium
601 3642 713 3700 fercula
737 3647 795 3700 tres
818 3642 946 3716 piscium
1001 3643 1105 3702 missio
1117 3647 1311 3716 peccatorum
1329 3644 1524 3717 pergratiam
1541 3645 1665 3720 Spiritus
1682 3649 1797 3706 sancti.
1815 3647 1841 3704 Si

116 3731 302 3790 diversitates
323 3735 527 3806 apponuntur,
551 3731 662 3788 scilieet
677 3732 776 3805 pisces
799 3732 836 3789 de
858 3731 945 3800 mari,
1000 3732 1098 3791 hahes
1112 3732 1213 3804 igitur,
1235 3733 1420 3807 charissime,
1446 3735 1529 3808 apud
1551 3740 1580 3792 te
1600 3750 1655 3791 vas
1669 3736 1840 3807 mundum,

117 3821 155 3878 de
170 3820 304 3892 tlumine,
315 3821 358 3877 de
373 3825 491 3892 stagno.
508 3821 606 3878 Pisces
629 3822 667 3879 de
686 3822 764 3880 mari
778 3823 945 3892 saculares,
1001 3823 1064 3882 imo
1087 3821 1161 3897 quia
1179 3822 1285 3893 habes,
1301 3824 1404 3898 accipe
1423 3825 1483 3883 mel
1505 3825 1543 3882 de
1568 3829 1663 3899 petra.
1680 3825 1732 3882 Ait
1746 3827 1838 3894 enim,

116 3909 214 3987 pisces
230 3910 268 3967 de
282 3909 407 3966 flumine
419 3910 568 3980 doctores,
582 3912 620 3967 de
638 3915 744 3982 stagno
762 3911 945 3968 claustrales.
1000 3913 1114 3970 Discite
1136 3927 1216 3970 amc
1230 3915 1301 3986 qnia
1324 3916 1404 3973 mitis
1425 3930 1490 3973 sam
1509 3920 1537 3973 ct
1552 3914 1674 3971 inmite
1691 3916 1838 3982 condect

116 3997 200 4055 'lates
224 4001 326 4054 tamen
357 4002 560 4071 apponantur,
588 4015 732 4073 squamas
758 4004 787 4057 et
806 4000 947 4074 pinnulas
1002 4001 1157 4060 invenietis
1181 4004 1312 4074 requiem
1338 4004 1495 4061 animabus
1515 4003 1619 4058 cestn‘s
1639 3998 1773 4070 (Macra.
1789 4010 1837 4071 xit.

116 4085 258 4157 habeant,
274 4087 306 4143 id
329 4090 382 4156 est,
399 4087 589 4160 asperitatem
607 4093 695 4145 recta
713 4089 947 4147 conversationis
1001 4093 1075 4148 Ecce
1093 4089 1154 4148 mel
1167 4089 1341 4149 humilitatis
1366 4107 1435 4148 eum
1450 4088 1605 4147 dulcedine
1626 4092 1839 4152 mansuetidi-

117 4180 146 4234 et
158 4176 221 4236 alas
236 4177 507 4252 contemplationis.
519 4205 521 4209 ·
531 4177 623 4235 Piscis
639 4178 676 4235 de
691 4178 768 4235 mari
783 4178 946 4236 Cornelius.
1001 4181 1058 4240 nis.
1076 4181 1157 4239 Sicut
1167 4178 1228 4237 mel
1244 4178 1447 4237 concordatin
1460 4175 1701 4234 confectionibus
1717 4181 1838 4239 medici·

117 4268 157 4325 de
167 4266 292 4325 flumine
305 4267 424 4336 Paulus,
440 4266 478 4324 de
493 4270 600 4340 stagno
613 4270 740 4326 liaurus.
752 4267 883 4342 apponit
895 4268 949 4340 igi·
1002 4285 1049 4326 nee
1071 4285 1141 4325 cum
1155 4267 1295 4323 omnibus
1316 4265 1538 4324 diversitatibus
1553 4265 1739 4340 specierum,
1757 4270 1839 4328 sicet

116 4360 166 4415 tur
185 4359 287 4414 Petrus
310 4357 351 4414 ad
374 4371 512 4414 mensam
536 4358 705 4416 Cornelium
721 4358 799 4427 (Act.
815 4358 856 4431 ιι),
873 4363 950 4415 Ana-
1001 4355 1177 4416 humilitatis
1201 4352 1358 4410 dulcedine
1384 4354 1568 4412 condiuntur
1592 4354 1698 4413 omnia
1726 4373 1838 4430 genera

116 4445 184 4504 nias
195 4445 332 4512 Paulum,
346 4446 523 4503 Benedictus
542 4449 686 4504 Maurum.
703 4449 778 4505 Cum
804 4447 883 4505 enim
907 4448 948 4504 lc·
1001 4446 1155 4504 virtutum.

118 4538 230 4606 guntur
250 4549 342 4606 opera
356 4535 492 4602 Cornelii,
508 4536 665 4593 conversio
679 4536 771 4605 Pauli,
787 4538 850 4595 vita
868 4541 948 4595 liau-
1036 4538 1091 4591 Per
1114 4534 1260 4609 butyrum
1273 4550 1346 4591 vero
1362 4534 1399 4591 de
1419 4538 1567 4607 armento,
1583 4534 1720 4607 signatur
1738 4537 1771 4593 in
1788 4555 1835 4612 pa-

117 4623 153 4698 ri,
167 4621 242 4697 quid
264 4622 364 4694 agitur
386 4638 480 4697 quam
504 4624 588 4697 quod
612 4640 648 4681 ex
673 4641 778 4682 eorum
805 4628 949 4700 exemplis
1001 4625 1137 4683 triarcbis
1147 4629 1176 4682 et
1185 4625 1489 4700 prophetisdoctrinns
1498 4625 1659 4699 spiritualis
1667 4624 1836 4697 pinguedo,

118 4712 238 4770 animus
254 4713 430 4785 saginetur?
456 4714 635 4786 liujusmodi
659 4731 730 4788 ergo
756 4717 854 4790 pisces
879 4721 950 4776 sunt
1002 4714 1075 4790 quia
1085 4714 1414 4790 sicutpinguedolaetis
1423 4714 1454 4772 in
1462 4715 1540 4773 vasis
1552 4715 1781 4788 supereminere
1791 4734 1837 4775 co

118 4801 307 4872 comedendi,
319 4802 351 4859 id
366 4807 419 4872 est,
432 4805 493 4860 vita
507 4807 536 4862 et
558 4803 695 4861 moribus
715 4805 863 4862 imitandi.
880 4805 949 4861 lmi-
1003 4804 1168 4876 gnoscitur,
1179 4804 1222 4861 sie
1235 4806 1263 4861 et
1278 4803 1309 4861 in
1319 4803 1416 4861 verbis
1428 4802 1609 4877 propheticis
1621 4820 1731 4863 sensus
1743 4804 1784 4863 de
1796 4806 1838 4864 di·

118 4890 228 4949 andus
249 4895 293 4947 est
316 4891 397 4947 enim
412 4891 566 4949 Cornelius
580 4892 641 4948 fide
655 4898 684 4950 et
698 4909 788 4965 opere
803 4894 950 4950 saeculari·
969 4896 972 4901 ’
1002 4893 1124 4951 vinitate
1145 4897 1175 4952 et
1187 4892 1375 4953 humanitate
1390 4892 1558 4967 spiritualer
1579 4893 1835 4965 superabundans

118 4980 187 5051 bus,
201 4979 312 5036 Paulus
334 4980 395 5037 vita
421 4984 449 5038 et
467 4981 604 5039 doctrina
627 4980 810 5052 doctoribus,
832 4987 950 5041 Maurus
1002 4981 1157 5055 reperitur.
1175 4982 1233 5040 Sed
1254 4982 1318 5041 haec
1340 4981 1493 5055 pinguedo
1512 4981 1614 5051 butyri
1626 4982 1761 5054 speciem
1775 5000 1836 5042 non

117 5068 284 5127 humilitate
300 5073 329 5126 et
346 5069 517 5128 obedientia
531 5071 750 5128 claustralibus.
769 5072 856 5138 Quod
870 5073 950 5128 enim
1003 5070 1116 5145 recipit,
1125 5070 1182 5127 nisi
1192 5071 1318 5144 quando
1325 5069 1409 5143 prius
1419 5070 1530 5142 agitata
1543 5070 1737 5131 tunsionibus
1747 5073 1836 5131 indu·

119 5174 200 5235 aqua
213 5162 314 5217 tiauro
326 5175 358 5215 se
369 5159 545 5217 calcabilem
558 5160 793 5234 praecantatus
807 5150 950 5218 ohedien-
1003 5162 1099 5219 rescit.
1118 5161 1164 5219 Sie
1179 5165 1208 5219 et
1222 5164 1301 5220 heus
1314 5159 1345 5219 in
1367 5160 1489 5220 homine
1512 5174 1574 5220 non
1593 5167 1835 5235 cognosceretur,

118 5247 178 5320 tie,
194 5252 223 5305 et
236 5247 371 5320 magistri
385 5248 524 5306 meritum
540 5249 603 5306 fuit.
629 5251 715 5317 Quod
733 5250 873 5309 virtutem
898 5249 952 5307 mi·
1004 5250 1062 5308 nisi
1073 5250 1157 5324 prius
1171 5254 1249 5309 Deus
1259 5251 1353 5308 homo
1362 5248 1488 5320 flagellis
1502 5265 1607 5317 casus,
1619 5249 1701 5309 cruci
1716 5251 1835 5319 affixus,

117 5335 213 5393 raouli
237 5337 381 5408 magistro
405 5336 541 5410 ascripsit
559 5337 735 5394 humilitatis
749 5337 882 5394 officium
896 5339 951 5394 do-
1003 5355 1056 5413 per
1070 5342 1248 5412 potestatem
1272 5338 1413 5397 divinatis
1440 5354 1460 5395 a
1485 5338 1610 5396 mortuis
1630 5338 1836 5399 suscitaretur.

119 5425 190 5482 cuit.
205 5425 340 5484 Aiierunt
363 5430 391 5483 et
416 5427 465 5484 alii
488 5426 564 5487 alios
588 5428 696 5501 pisces.
718 5427 852 5483 hiierunt
870 5427 951 5484 enim
1004 5431 1065 5486 lloo
1078 5427 1169 5499 igitur
1182 5428 1463 5503 butyropascimur,
1474 5427 1697 5486 duminverbis
1708 5431 1839 5504 prophe

118 5514 218 5588 pisces
232 5517 270 5573 de
284 5516 360 5574 mari
370 5517 501 5575 lacobus
516 5522 545 5575 et
555 5518 700 5585 Andreas,
709 5515 747 5573 dc
760 5515 885 5574 flumine
896 5519 951 5575 To·
1004 5518 1068 5578 ticis
1081 5519 1333 5593 contemplatione
1346 5517 1507 5578 divinitatis
1520 5517 1715 5577 delectamur.
1728 5522 1784 5579 Per
1793 5520 1838 5580 lae

118 5601 194 5675 bias,
211 5605 365 5667 demente
387 5610 566 5669 honoratis.
581 5607 713 5668 lacobus
724 5608 950 5684 sappbntator,
1004 5607 1761 5683 verodeovibus,designaturinnocentiacordisin
1772 5611 1839 5671 dm·
