3742 6082
73 173 127 230 743

375 162 552 224 HUGONIS
571 163 626 222 DE
645 162 675 220 S.
696 160 875 220 VICTORE.
895 158 980 217 OPP.
1001 160 1101 221 PARS
1119 162 1159 220 11.
1178 191 1214 206 -
1244 162 1488 222 DOGMATICA.

1730 163 1779 222 vlt

74 299 121 351 est
134 294 287 367 sapientes
298 293 496 350 vocabantur.
509 287 637 344 Pulchre
648 285 788 358 equidem
801 285 898 357 inqui·
911 283 937 338 A
952 285 1048 343 tiendi
1061 288 1167 358 trehit,
1184 289 1284 363 iisque
1298 289 1383 346 velut
1397 287 1524 354 famulis
1538 290 1630 360 atque
1644 285 1780 343 obedien·

75 385 183 440 sitores
198 381 339 439 veritatis
350 396 411 438 non
426 379 577 449 sapientes
601 375 653 430 sed
674 378 825 429 amatores
853 389 898 428 sa·

75 473 199 546 pientiae
206 476 295 527 vocat
308 488 314 537 ;
330 471 402 541 quia
418 467 562 521 nimirum
579 463 652 518 adeo
666 463 740 518 latet
751 479 840 518 omne
856 478 901 518 ve

77 551 901 632 rnm,utejusamorequantumlibetmensardeat,qnan

78 648 219 704 turnlibet
230 646 338 716 adejus
352 640 585 712 inquisitionem
600 641 717 709 surgat,
733 638 852 694 difficile
861 641 902 693 ta·

77 753 147 792 rnen
160 726 898 806 ipsam,utest,veritatemcomprehenderequeat.

77 819 305 892 Philosophiam
322 820 423 872 autem
437 832 542 871 earum
557 831 671 882 rerum,
685 831 753 886 quae
765 830 834 870 vere
855 830 899 869 es·

77 914 153 977 sent,
170 907 279 978 suique
299 905 522 960 immutabilem
536 903 740 959 substantiam
757 903 899 958 sortiren-

76 1002 135 1065 tur,
151 994 345 1067 disciplinam
356 992 525 1050 constitnit.
545 1014 554 1041 ι
577 991 632 1047 Est
651 1013 661 1040 »
679 995 781 1047 autem
805 991 899 1062 ‹phi-

74 1083 213 1157 losophia
228 1098 313 1138 amor
325 1084 355 1137 et
379 1080 517 1137 studium
539 1083 570 1135 et
594 1079 730 1135 amicitia
753 1078 899 1150 quodam·

75 1173 165 1230 modo
181 1171 338 1244 sapientiae
357 1191 367 1218 r
386 1168 544 1240 sapientiae
558 1182 629 1222 vero
644 1182 705 1222 non
718 1166 822 1238 hujus,
831 1182 901 1240 quae

74 1261 107 1317 in
136 1259 329 1316 ferramentis
351 1244 547 1330 quibusdam,
572 1258 602 1311 et
626 1254 657 1309 in
674 1255 779 1326 aliqua
797 1255 902 1311 fabrili

76 1349 204 1405 scientia
218 1345 390 1417 notitiaque
402 1348 551 1410 versatur,
568 1343 621 1399 sed
635 1343 707 1399 ilius
730 1343 899 1415 sapientire,

77 1452 145 1507 quse
158 1433 274 1490 nullius
288 1433 440 1503 indigene,
453 1432 546 1487 vivax
563 1446 660 1500 mens,
676 1435 707 1486 et
725 1430 790 1486 sola
800 1446 901 1486 rerum

77 1523 223 1596 primaeva
238 1521 317 1576 ratio
332 1520 448 1575 est.Est
460 1523 561 1574 autem
575 1519 624 1574 hic
639 1518 900 1591 amorsapientiae,

955 376 1038 432 tibus
1050 378 1157 433 utitur:
1170 379 1275 434 eadem
1285 382 1350 434 tota
1364 380 1397 433 in
1412 378 1530 433 ratione
1541 376 1722 442 constituta,
1734 390 1779 429 ea·

955 479 1014 534 que
1027 465 1075 521 vel
1089 466 1122 520 in
1137 481 1238 521 rernm
1254 466 1451 537 praesentium
1464 464 1641 519 firmissima
1667 462 1781 518 conclu·

955 553 1050 621 sione,
1066 553 1115 609 vel
1125 554 1158 609 in
1173 555 1347 609 absentium
1360 552 1575 623 intelligentia,
1590 550 1638 606 vel
1648 552 1682 605 in
1698 551 1779 621 igno·

954 642 1056 696 tarum
1069 641 1270 714 inquisitione
1284 646 1435 698 versatur.
1458 640 1530 696 Haec
1554 640 1692 695 hnmano
1716 642 1779 695 tan·

956 731 1021 782 tum
1037 730 1139 798 generi
1153 734 1266 801 praesto
1289 735 1345 799 est,
1370 745 1438 801 qnae
1463 744 1525 784 non
1545 727 1645 784 solnm
1672 742 1780 783 sensus

953 817 1249 890 imaginationesque
1260 819 1419 891 periectas,
1434 822 1463 873 et
1478 833 1539 873 non
1552 815 1729 873 inconditas
1740 831 1782 871 ca·

955 905 1010 977 pit,
1031 905 1186 962 sedetiam
1200 907 1290 979 pleno
1306 910 1375 962 actu
1388 905 1599 976 intelligentia
1613 905 1697 977 quod
1708 905 1781 960 ima·

955 993 1071 1064 ginatio
1087 995 1484 1068 suggessit,explicatatqne
1497 993 1782 1065 confirmat.1taque

957 1081 1003 1152 (ut
1017 1081 1134 1137 dictum
1148 1083 1206 1153 est)
1219 1083 1291 1139 hnic
1302 1083 1414 1139 divinae
1430 1086 1548 1138 naturae
1572 1096 1635 1137 non
1659 1096 1696 1136 ea
1723 1085 1783 1137 tan·

955 1172 1021 1224 tum
1038 1170 1071 1225 in
1086 1171 1259 1242 cognitione
1275 1172 1441 1240 sufficiunt,
1454 1186 1522 1242 quae
1537 1170 1784 1241 subjectatsensi·

955 1257 1014 1312 bns
1028 1259 1267 1331 eomprehendit‚
1280 1275 1387 1315 verum
1406 1260 1499 1314 etiam
1523 1274 1560 1314 ex
1584 1256 1784 1313 sensibilibus

956 1346 1177 1417 imaginatione
1190 1351 1378 1421 concepta‚et
1392 1347 1574 1403 absentibus
1584 1346 1679 1402 rebus
1692 1346 1784 1402 nomi·

956 1451 997 1490 na
1018 1435 1121 1491 indere
1147 1440 1257 1509 potest,
1269 1440 1298 1492 et
1320 1436 1402 1508 quod
1432 1435 1644 1507 intelligentia
1667 1435 1784 1490 ratione

956 1525 1195 1596 comprehendit,
1211 1525 1430 1581 vocabulorum
1440 1540 1563 1596 quoque
1577 1523 1784 1596 positionibus

77 1609 277 1681 intelligentis
292 1609 386 1663 animi
403 1608 442 1663 ab
456 1606 508 1662 illa
520 1622 598 1679 pura
613 1607 763 1678 sapientia
787 1606 900 1662 illumi·
916 1621 940 1676 Β
957 1613 1064 1685 aperit,
1081 1613 1161 1668 Illud
1175 1629 1298 1684 quoque
1317 1614 1343 1668 ei
1360 1616 1478 1668 naturae
1494 1613 1651 1685 proprium
1669 1614 1727 1680 est,
1751 1615 1784 1666 ut

78 1699 174 1768 natio,
190 1702 220 1754 et
235 1696 460 1770 quodammodo
472 1695 510 1751 ad
526 1696 658 1767 seipsam
672 1695 848 1751 retractatio
863 1699 905 1751 at-

79 1802 138 1860 que
153 1770 323 1853 advocatio,
338 1787 372 1839 ut
386 1782 528 1839 videatur
544 1783 702 1855 sapientiae
718 1783 855 1838 studium
864 1782 906 1838 di-

78 1874 218 1932 vinitatis
233 1877 262 1930 et
277 1887 361 1946 purae
375 1873 488 1927 mentis
503 1871 586 1926 illius
602 1870 748 1926 amicitia.
760 1870 833 1925 Haec
848 1870 904 1940 igi·

79 1967 130 2019 tur
144 1962 295 2035 sapientia
307 1963 415 2017 cuncto
439 1959 612 2014 animarum
638 1959 742 2029 generi
760 1958 904 2013 meritum

80 2066 143 2107 suae
157 2047 432 2120 divitatisimponit
444 2064 450 2102 ι
462 2050 493 2102 et
505 2046 831 2119 adpropriamnaturee
841 2045 905 2101 vim

80 2139 307 2211 puritatemque
322 2136 447 2193 reducit.
469 2135 550 2192 Hinc
568 2133 706 2190 nascitur
724 2133 903 2206 speculatio·

79 2243 154 2283 num
171 2226 453 2297 cogitationumque
462 2223 586 2290 veritas,
602 2225 632 2278 et
646 2225 752 2278 sancta
766 2236 905 2295 puraque

80 2319 204 2370 actuum
220 2313 410 2369 castimonia.
431 2312 583 2376 Quoniam
597 2308 669 2365 v‘ero
685 2309 829 2366 humanis
840 2311 904 2366 ani·

80 2403 140 2458 mis
166 2401 223 2457 hoc
244 2399 532 2456 excellentissimum
554 2398 671 2453 bonum
703 2397 904 2470 philosophiae

81 2492 290 2562 comparatum
305 2491 360 2556 est,
376 2490 411 2542 nt
422 2487 481 2542 viae
491 2486 542 2542 iilo
552 2485 906 2559 quodamprocedatora·

79 2579 133 2647 tio,
147 2577 186 2633 ab
200 2576 276 2649 ipsis
286 2576 397 2631 animae
410 2574 579 2630 efficientiis
598 2573 778 2629 ordiendum
793 2577 849 2630 est.

80 2665 153 2722 Cas.
170 2665 220 2720 lv.
242 2665 412 2733 Triplicem
428 2678 495 2718 csse
511 2665 576 2717 vim
590 2663 724 2731 antnroe,
743 2667 774 2716 et
797 2665 904 2718 sotum

236 2753 399 2808 bominem
415 2754 545 2807 ratione
554 2751 746 2819 praeditum.

115 2840 238 2913 Triplex
254 2840 379 2896 omnino
395 2839 505 2894 animae
520 2839 616 2893 visin
640 2838 818 2909 vegetandis
841 2853 904 2894 cor·

958 1717 1015 1774 per.
1026 1716 1070 1770 ea,
1087 1716 1155 1773 quae
1171 1701 1230 1756 sihi
1246 1705 1319 1757 nota
1333 1705 1416 1770 sunt,
1431 1702 1538 1772 ignota
1551 1700 1729 1771 investiget.
1748 1699 1784 1755 Et

960 1804 1020 1844 non
1030 1788 1537 1862 solumnnnmquodqneansit‚sed
1547 1788 1620 1859 quid
1634 1788 1783 1856 sitellam,

958 1881 988 1933 et
998 1876 1088 1949 quale
1102 1878 1153 1946 sit,
1169 1893 1224 1933 nec
1238 1893 1300 1934 non
1315 1882 1345 1932 et
1358 1894 1411 1933 cnr
1425 1878 1594 1948 sitoportet
1607 1891 1783 1947 agnoscere.

993 1964 1091 2031 Quam
1105 1965 1254 2038 triplicem
1269 1966 1379 2021 animae
1389 1966 1453 2020 vim
1467 1964 1531 2020 sola
1543 1966 1589 2036 (ut
1599 1963 1718 2020 dietum
1728 1966 1782 2035 est)

958 2053 1118 2109 nominum
1132 2057 1244 2110 natura
1259 2055 1368 2110 sortita
1382 2057 1437 2110 est.
1448 2053 1543 2124 Cujus
1557 2052 1670 2107 animae
1685 2053 1734 2108 vis
1744 2053 1786 2107 in·

958 2140 1133 2213 telligentiss
1146 2142 1282 2198 motibus
1296 2158 1357 2198 non
1372 2140 1580 2212 caret‚qniein
1592 2139 1643 2196 his
1653 2144 1785 2212 quatuor

958 2230 1079 2302 proprie
1092 2230 1156 2285 vim
1171 2231 1300 2286 rationis
1315 2231 1512 2287 exercethnt
1524 2229 1606 2284 enim
1619 2227 1785 2300 aliquidan

959 2319 1010 2387 sit,
1023 2319 1163 2390 inquirit,
1178 2323 1233 2374 aut
1248 2319 1328 2375 sicut
1352 2334 1417 2375 esse
1439 2318 1620 2385 constiterit,
1635 2316 1714 2389 quid
1736 2318 1784 2386 sit,

959 2405 1121 2461 addubitat
1134 2421 1142 2474 3
1158 2406 1241 2477 quod
1253 2407 1279 2461 si
1289 2407 1383 2462 etiam
1393 2406 1555 2477 utriusque
1570 2405 1733 2461 scientiam
1743 2420 1785 2460 rs·

959 2495 1042 2550 tione
1054 2494 1199 2566 possidet,
1215 2493 1307 2566 quale
1326 2496 1366 2550 sit
1389 2493 1641 2566 unumquodque,
1667 2494 1784 2549 ratione

958 2583 1135 2653 investigat,
1153 2585 1245 2654 atque
1259 2583 1292 2638 in
1305 2582 1348 2639 'eo
1371 2585 1480 2639 caetera
1503 2581 1706 2637 accidentium
1723 2597 1784 2638 mo·

960 2675 1063 2727 menta
1072 2671 1232 2744 perquirit.
1248 2671 1367 2737 Quibus
1381 2671 1579 2742 cognitis,cur
1592 2671 1637 2726 ita
1651 2671 1781 2742 sitqnae·

959 2761 1009 2828 rit,
1024 2764 1054 2816 et
1067 2760 1396 2816 rationonihilominus
1410 2759 1586 2830 investigat.
1601 2757 1681 2814 Cum
1691 2759 1784 2830 igitur

959 2850 1009 2905 hic
1024 2853 1110 2905 actus
1125 2850 1166 2904 sit
1175 2848 1304 2904 humani
1317 2849 1461 2918 animi,ut
1475 2862 1593 2919 semper
1606 2848 1640 2903 in
1653 2864 1782 2920 praesen·

80 2929 207 3001 ΡΟΓῘῙἈῙ8
220 2928 471 3001 ἀθρῐθῇθῦἆῑῐῦΐῖ
489 2942 621 3000 quarum
637 2942 699 2982 ΗΠΒ
714 2927 837 3000 ίΙῑιίἀθῐῐι
860 2927 903 2982 Vi·
923 2940 1039 3016 Gtiurn
1054 2937 1334 3010 comprehensione,
1346 2940 1400 2992 sut
1413 2937 1446 2992 in
1473 2936 1648 2992 absentium
1672 2936 1781 2992 intelli·

80 3022 143 3072 tam
166 3017 264 3073 solnm
287 3017 421 3089 corporis
448 3017 673 3085 subministrat,
695 3018 730 3071 ut
752 3017 902 3071 nascendo

79 3110 204 3175 crescat,
220 3104 390 3177 alendoque
405 3105 563 3161 subsistat.
578 3104 648 3159 Alia
662 3119 733 3159 vero
752 3104 903 3160 sentiendi

75 3194 225 3267 Judioium
240 3195 364 3266 praebet.
378 3194 483 3249 Tertia
496 3194 650 3249 vimentis
666 3197 696 3249 et
710 3194 905 3249 rationesub·

78 3284 151 3338 nixa
162 3285 217 3338 est.
234 3282 371 3347 Quarum
384 3281 506 3354 quidem
520 3282 626 3352 primae
641 3281 673 3336 id
687 3282 818 3337 officium
845 3287 902 3351 est,

79 3375 114 3426 ut
142 3370 291 3439 creandis,
324 3368 497 3425 nutriendis
525 3368 703 3440 alendisque
725 3371 903 3442 corporibus

78 3464 190 3533 praesto
198 3460 247 3514 sit:
259 3457 378 3513 nullum
388 3472 460 3513 vero
475 3459 600 3530 praestet
615 3458 744 3513 rationis
757 3473 903 3516 sensusve

76 3547 236 3619 judicium.
253 3547 326 3601 Haec
338 3549 440 3601 autem
456 3549 502 3601 est
527 3545 691 3601 herbarum
711 3549 804 3619 atque
817 3547 902 3603 arbo·

80 3652 159 3705 rum,
169 3638 199 3690 et
214 3633 364 3708 quidquid
377 3638 465 3690 terrae
480 3633 626 3689 radicitus
636 3633 761 3690 affixum
772 3639 902 3693 tenetur.

80 3724 219 3780 Secunda
250 3740 322 3779 vero
344 3723 512 3795 composita
545 3726 638 3795 atque
660 3725 824 3796 conjuncta
847 3729 903 3796 est,

80 3828 114 3868 ac
128 3814 259 3884 primam
271 3813 330 3869 sibi
345 3828 469 3867 sumens
484 3813 555 3868 etin
570 3816 688 3884 partem
702 3815 903 3884 constituens,

79 3901 211 3968 varium,
223 3899 260 3954 de
275 3900 387 3970 quibus
402 3903 502 3970 potest
518 3915 634 3972 capere,
656 3916 691 3956 ac
717 3900 905 3958 multiforme

75 3986 224 4056 judicium
240 3987 331 4058 capit.
348 3987 446 4042 Omne
460 3987 542 4040 enirn
557 3987 684 4056 animal,
708 3988 791 4058 quod
812 4004 905 4045 sensu

957 3029 1070 3102 gentio,
1087 3027 1183 3083 autin
1197 3027 1373 3098 ignotorum
1398 3025 1597 3097 inquisitione
1624 3030 1719 3096 atque
1738 3025 1782 3079 in·

956 3118 1099 3174 ventione
1113 3119 1261 3171 versetur:
1274 3113 1335 3169 duo
1346 3114 1408 3168 sint
1421 3113 1453 3168 in
1464 3113 1578 3185 quibus
1586 3127 1709 3169 omnem
1720 3127 1783 3184 ope

956 3221 1022 3261 ram
1037 3204 1085 3260 vis
1100 3204 1210 3259 animle
1224 3202 1447 3257 ratiocinantis:
1459 3200 1715 3273 impenditunum
1731 3199 1782 3273 qui

956 3293 1024 3349 dem
1032 3295 1169 3347 utrorum
1179 3290 1524 3362 naturasinqnisitionis
1536 3289 1785 3359 rationecognos·

957 3385 1025 3449 cat3
1041 3379 1171 3434 alterum
1183 3393 1266 3447 vero,
1281 3381 1317 3433 ut
1331 3377 1371 3433 ad
1383 3378 1542 3434 scientiam
1567 3377 1654 3449 prius
1669 3365 1789 3445 veniat,⁴

957 3469 1039 3541 qnod
1051 3470 1122 3539 post
1135 3467 1271 3537 gravitas
1281 3464 1420 3522 mortalis
1435 3469 1581 3521 exerceat.

958 3557 1031 3613 Gne.
1047 3556 1082 3611 V.
1100 3557 1175 3615 ouae
1193 3570 1245 3610 ree
1258 3557 1302 3609 ad
1321 3554 1561 3623 philosophiam
1577 3555 1782 3622 pertineant.

992 3645 1050 3701 Sed
1063 3647 1099 3699 ut
1110 3643 1209 3712 video,
1224 3643 1468 3699 inextricabilem
1477 3642 1541 3714 jam
1554 3642 1622 3721 ipso
1634 3640 1785 3712 loquendi

958 3734 1063 3790 ordine
1076 3732 1289 3803 labyrinthum
1302 3730 1476 3797 incidimus,
1487 3728 1539 3784 ubi
1547 3728 1637 3784 nobis
1646 3744 1712 3784 non
1723 3745 1786 3802 per·

958 3821 1065 3893 plexus
1077 3836 1187 3890 sermo,
1202 3820 1254 3876 sed
1268 3835 1316 3875 res
1342 3820 1473 3875 obscura
1498 3817 1709 3874 difficultatem
1733 3833 1783 3890 pa·

957 3910 1025 3964 rint.
1041 3909 1119 3975 Quia
1134 3910 1217 3965 enim
1231 3908 1267 3964 de
1281 3907 1383 3963 studio
1397 3906 1554 3978 sapientia
1576 3905 1662 3977 loqui
1686 3922 1784 3962 susce-

957 3999 1070 4070 pimus,
1084 3998 1176 4069 idque
1199 3996 1272 4052 solis
1299 3995 1477 4052 hominibus
1503 3995 1636 4066 quodam
1664 3999 1783 4050 natura

77 4074 170 4144 Videt,
189 4073 270 4128 idssm
284 4077 314 4128 θῐ
327 4074 474 4141 ssstssssiiub
487 4076 517 4127 θῒ
531 4074 676 4143 nutritur,
690 4078 720 4129 ei
731 4074 906 4131 alitur-Stin·
957 4086 1117 4158 privilegio
1131 4092 1301 4163 competere
1310 4083 1448 4139 attestati
1462 4098 1570 4138 sumus
1582 4100 1588 4137 :
1599 4097 1781 4154 consequen-

78 4178 131 4218 sus
145 4177 216 4217 vero
230 4161 343 4218 diversi
358 4165 441 4230 sunt,
458 4165 487 4216 et
503 4177 600 4233 usque
613 4162 651 4216 ad
660 4164 836 4234 quinarium
849 4180 904 4220 nn-
959 4178 1099 4230 ternum
1115 4174 1252 4229 omnium
1268 4172 1475 4228 humanorum
1500 4174 1625 4227 actuum
1649 4171 1784 4227 modern.

78 4267 195 4306 merum
210 4254 368 4307 crescunt:
385 4251 429 4306 ita
437 4249 588 4322 quidquid
597 4253 718 4306 tuntum
733 4251 901 4321 alitur‚non
917 4298 945 4354 D
959 4263 1064 4319 tricem
1079 4265 1244 4333 quamdam
1265 4261 1449 4333 sapientiam
1476 4260 1614 4331 posuisse
1635 4259 1783 4315 videmur,

78 4341 169 4396 etiam
183 4342 285 4397 sentit.
298 4340 452 4412 Quidquid
461 4355 531 4394 vero
551 4339 662 4394 sentire
677 4343 788 4412 potest,
809 4342 901 4396 etiam

79 4429 181 4496 ulitur,
199 4432 229 4482 et
241 4428 268 4483 ei
282 4429 381 4499 prima
394 4442 517 4499 quoque
536 4428 584 4481 vis
604 4422 729 4496 animes,
757 4429 902 4485 nascendi

80 4515 193 4571 scilieet
212 4519 304 4586 atque
319 4515 484 4583 nutriendi,
496 4515 653 4586 probatur,
668 4531 734 4571 esse
754 4518 900 4590 subjecta.

79 4603 196 4668 Quibus
208 4616 281 4657 vero
295 4617 404 4657 sensns
418 4602 513 4672 adest,
527 4618 588 4657 non
604 4606 724 4659 tantum
739 4621 790 4661 eas
800 4621 902 4663 rerum

78 4692 204 4762 capiunt
216 4690 342 4760 formas,
356 4689 471 4762 quibus
484 4690 622 4746 sensibili
637 4708 762 4765 corpore
786 4694 899 4751 feriun-

78 4782 303 4851 imprimente,
319 4779 371 4834 sed
386 4778 566 4834 abscedente
576 4796 696 4852 quoque
709 4797 801 4837 sensu
812 4784 903 4840 sensi-

76 4868 250 4939 bilibusque
265 4867 416 4938 sepositis,
430 4868 620 4939 cognitarum
630 4884 721 4925 sensu
732 4871 901 4928 formarum

75 4956 225 5027 imagines
256 4958 368 5023 tenent,
399 4956 639 5028 memoriamque
664 4959 847 5015 conficiunt:
872 4965 902 5016 et

73 5047 165 5117 prout
178 5042 320 5115 quodque
335 5042 452 5098 animal
467 5044 559 5107 valet,
575 5044 696 5116 longius
718 5047 903 5121 breviusque

73 5131 215 5188 custodit.
233 5130 291 5186 Sed
305 5146 358 5186 eas
382 5131 619 5201 imaginationes
646 5134 790 5189 confusas
809 5140 901 5208 atque

72 5222 261 5277 inevidentes
276 5224 413 5286 sumunt,
431 5225 465 5275 ut
480 5221 558 5275 nihil
573 5236 610 5276 ex
629 5236 734 5276 earum
759 5224 900 5294 conjunc-

74 5311 154 5365 tione
167 5327 201 5364 ac
218 5309 439 5381 compositione
454 5309 568 5364 efficere
587 5311 721 5380 possint:
739 5314 832 5380 atque
855 5311 900 5366 id·

75 5399 153 5454 circo
164 5398 338 5452 meminisse
352 5397 476 5468 quidem
485 5412 633 5467 necesque
645 5397 749 5451 omnia
760 5403 899 5468 possunt,

958 4352 989 4407 Si
1004 4351 1085 4405 enim
1100 4351 1260 4405 brutorum
1277 4349 1457 4405 animalium
1472 4352 1593 4415 natura,
1606 4364 1676 4419 quas
1701 4349 1784 4404 nullo

956 4439 1071 4509 regitur
1097 4439 1226 4493 rationis
1244 4438 1370 4509 jndicio,
1392 4441 1493 4492 motus
1517 4452 1589 4492 suos
1617 4437 1784 4492 secundum

956 4525 1022 4582 sola
1031 4539 1177 4581 sensuum
1192 4526 1350 4596 passiones
1365 4523 1519 4592 diffundit,
1531 4529 1561 4579 et
1572 4525 1605 4579 in
1616 4524 1784 4596 appetendo

956 4630 1010 4669 seu
1022 4613 1167 4685 fugiendo
1181 4614 1308 4685 aliquid,
1316 4630 1378 4669 non
1393 4612 1604 4683 intelligentiae
1620 4614 1721 4669 utitur
1729 4613 1783 4668 dis·

955 4703 1099 4771 cretione,
1115 4702 1167 4757 sed
1182 4717 1259 4758 caeco
1274 4702 1407 4773 quodam
1418 4701 1519 4757 carnis
1535 4701 1645 4756 affectu
1660 4701 1785 4774 impelli·

957 4794 1027 4845 tur:
1045 4793 1140 4846 restat
1154 4794 1188 4845 ut
1203 4788 1363 4845 rationalis
1377 4789 1488 4843 animm
1502 4792 1588 4844 actus
1603 4804 1684 4843 caeca
1704 4789 1784 4860 cupi·

957 4878 1039 4933 ditas
1054 4894 1114 4933 non
1131 4877 1489 4949 capiat,sedmoderatrix
1502 4891 1620 4947 semper
1635 4877 1785 4947 sapientia

956 4967 1117 5039 pracedat.
1135 4965 1220 5031 Quod
1248 4966 1274 5020 si
1293 4980 1400 5020 verum
1429 4979 1493 5018 esse
1514 4965 1701 5034 consisterit,
1723 4965 1785 5036 jam

957 5070 1018 5110 non
1033 5055 1132 5111 solum
1147 5070 1183 5109 ea
1195 5053 1307 5122 studia,
1321 5054 1354 5107 in
1369 5053 1483 5124 quibus
1498 5051 1546 5106 vel
1561 5051 1598 5106 de
1618 5067 1722 5108 rernm
1736 5067 1783 5107 na·

956 5146 1027 5197 tura
1043 5141 1091 5214 gel
1105 5140 1267 5214 disciplina
1289 5142 1391 5211 agitur
1412 5155 1543 5209 morum,
1567 5142 1785 5196 verumetiam

956 5230 1094 5284 omnium
1108 5229 1313 5285 humanorum
1330 5234 1454 5284 actuum
1470 5245 1522 5285 seu
1540 5228 1714 5284 studiorum
1740 5245 1785 5285 ra·

956 5317 1055 5372 tiones
1069 5332 1130 5372 non
1147 5318 1312 5390 incongrue
1327 5318 1366 5373 ad
1379 5319 1605 5391 philosophiam
1632 5319 1785 5390 pertinere

955 5405 1095 5461 dicimus.
1112 5406 1285 5462 Secundum
1298 5423 1392 5478 quam
1407 5408 1613 5478 acceptionem
1631 5407 1674 5461 sic
1686 5407 1785 5479 philo·

77 5486 222 5540 amissam
236 5485 418 5540 oblivionem
435 5484 607 5553 recolligere
623 5499 656 5538 ac
678 5499 817 5540 revocare
840 5501 901 5542 non
956 5493 1095 5565 sophiam
1106 5494 1416 5566 definerepossnmns.
1436 5519 1445 5544 ι
1464 5495 1664 5566 Philosophia
1675 5497 1787 5552 estdie

76 5574 426 5643 poesurrt.1⁴¹uturivero
445 5573 484 5627 iis
508 5573 593 5628 nulla
615 5572 748 5642 cognitio
768 5579 822 5629 est.
844 5576 902 5631 Sed
956 5583 1069 5654 ciplina
1084 5585 1222 5639 omnium
1238 5585 1555 5641 rerunrhumanarum
1568 5584 1786 5654 atquedivins·

77 5659 241 5715 visanimae
252 5662 427 5731 tertiaque
441 5675 543 5717 secum
553 5661 670 5733 priores
680 5660 781 5718 alendi
793 5678 828 5718 ac
838 5679 902 5729 een·
955 5686 1024 5726 rum
1037 5672 1172 5728 rationes
1185 5672 1273 5744 plens
1287 5673 1487 5744 investigans.
1507 5695 1517 5721 ε
1534 5672 1596 5730 Nec
1605 5688 1727 5729 movere
1736 5673 1785 5730 de·
