3742 6082
56 218 113 280 ass
554 222 609 281 ns.
626 201 1048 284 samasiensium
1067 224 1082 283 1
1099 224 1201 285 naas
1218 225 1287 308 ru.
1497 244 1500 249 ·
1678 260 1680 263 v
1714 233 1770 294 aar

59 349 144 407 Deus
158 354 243 422 tuus,
256 354 292 408 ut
307 352 437 410 devotus
451 354 585 424 eristas;
600 356 684 412 Deus
699 372 782 413 unus
793 360 888 427 est,ut
901 357 929 415 A
942 358 1038 415 vitate
1053 361 1240 418 transcursis
1254 361 1293 418 ad
1305 375 1495 434 consequens
1506 361 1688 418 mandatum
1708 361 1770 418 dis·

58 441 224 496 veritatem
238 456 394 512 agnosces.
408 442 526 500 Deinde
535 446 675 516 sequitur
684 451 886 519 praeceptum:
942 448 1120 504 cutiendum
1135 454 1329 506 transeamus
1344 450 1427 522 quod
1444 450 1504 507 tale
1519 454 1583 507 est:
1605 466 1670 507 non
1685 465 1769 506 assu-

58 529 167 601 Ipsum
183 529 336 599 adorabis,
348 531 405 587 hoc
419 533 552 604 pertinet
567 533 605 588 ad
619 534 707 589 tidem
722 550 729 601 ;
746 539 775 590 θῖ
790 535 817 590 ei
832 534 889 590 soli
942 551 1009 592 mas
1024 553 1141 594 nomen
1154 539 1208 594 liei
1223 542 1274 594 tus*
1287 542 1324 594 in
1340 555 1464 595 canum
1479 540 1592 612 (Eoeod.
1608 555 1653 596 xx
1664 557 1675 607 ‚·
1688 540 1771 594 Decet

59 619 185 690 servies,
201 619 258 676 hoc
271 621 404 692 pertinet
420 622 458 676 ad
473 622 689 694 operationem.
702 622 792 678 Fides
807 623 888 678 enim
942 623 986 689 v.)
1003 624 1068 680 Hoc
1082 624 1120 679 ad
1143 625 1311 698 simplicem
1334 625 1444 681 litterae
1460 643 1584 683 sensum
1607 626 1710 683 taliter
1722 627 1769 682 in·

59 722 192 780 operans
206 723 244 764 ex
268 708 429 764 dilectione
452 711 621 781 perfectum
639 711 728 779 tacit,
747 712 821 783 quia
835 727 889 768 nec
943 712 1039 783 telligi
1054 712 1153 782 debet,
1169 718 1204 769 ut
1219 730 1330 770 nomen
1346 715 1401 770 Dei
1424 715 1516 771 homo
1530 717 1562 771 in
1576 731 1692 771 vanum
1708 729 1770 771 non

59 812 139 870 opus
155 797 223 852 sine
236 796 304 867 fide,
321 813 376 854 nec
398 797 473 853 fides
491 799 540 854 cui
555 802 676 871 tempus
692 802 827 873 suppetit
841 816 888 857 ac·
943 805 1091 872 assumat,
1104 801 1135 857 id
1148 807 1194 858 θεῖ
1208 803 1255 859 vel
1278 804 1317 860 ad
1337 804 1530 860 mendacium
1555 804 1770 860 affirmandum

59 892 149 959 cepta
162 889 210 942 est
225 887 291 943 sine
314 902 413 960 opere.
437 888 603 960 Propterea
617 889 711 945 adora
725 893 804 946 recte
829 905 892 945 cre·
942 891 991 947 vel
1006 890 1044 946 ad
1059 890 1175 946 idolum
1184 892 1392 948 venerandum
1405 910 1413 962 3
1428 894 1541 949 scilicet
1552 897 1587 949 ut
1599 908 1698 966 neque
1709 892 1772 949 ido-

58 974 172 1045 dendo,
187 976 267 1031 servi
281 976 359 1032 bene
369 976 534 1048 operando.
553 976 654 1042 Quaeri
669 981 772 1035 autem
789 982 890 1051 potest
942 979 973 1034 la
987 979 1110 1035 nomine
1124 979 1229 1035 divino
1243 980 1382 1050 honoret,
1398 997 1496 1053 neque
1514 983 1643 1038 falsitati
1658 996 1769 1038 nomeu

59 1080 100 1119 an
114 1064 149 1120 id
160 1063 243 1136 quod
253 1064 352 1135 dixit;
366 1066 393 1121 ei
402 1065 458 1122 soli
469 1066 508 1121 ad
518 1070 684 1138 utrumque
696 1067 890 1123 referendum
943 1068 1083 1122 divinum
1097 1068 1235 1123 associet.
1253 1068 1382 1139 Mystico
1395 1073 1497 1125 autem
1510 1085 1622 1126 nomen
1639 1070 1695 1125 Dei
1722 1084 1769 1124 as·

59 1154 111 1223 sit,
127 1157 164 1209 ut
177 1152 315 1211 dicatur:
332 1154 437 1227 Ipsum
455 1154 554 1212 solum
567 1154 720 1225 adorabis,
741 1160 771 1211 et
785 1156 812 1210 ei
832 1155 889 1213 soli
943 1170 1062 1211 sumere
1074 1155 1108 1211 in
1122 1171 1249 1225 vanum,
1266 1159 1311 1212 est
1337 1157 1451 1213 Filium
1473 1158 1529 1214 Dei
1544 1157 1697 1214 visibilem
1717 1172 1779 1230 per.

59 1243 187 1299 servies.
199 1242 257 1299 Sed
271 1243 328 1299 hoc
345 1243 498 1316 quomodo
509 1247 591 1300 stare
605 1245 728 1316 poterit,
745 1245 820 1317 quia
834 1260 888 1302 sae·
943 1244 1168 1300 humanitatem
1202 1244 1330 1314 iactum,
1350 1276 1352 1280 <
1373 1250 1545 1301 creaturam
1582 1246 1768 1302 existimare.

59 1333 143 1405 pein
158 1332 259 1388 Veteri
267 1333 600 1402 Testamento,sanctos
613 1333 696 1389 viros
711 1348 773 1389 non
789 1332 889 1390 solum
943 1333 979 1389 In
1006 1349 1121 1390 vanum
1150 1334 1265 1406 quippe
1299 1349 1410 1391 nomeu
1450 1336 1508 1392 Dei
1538 1335 1679 1402 assunit,
1716 1334 1771 1406 qui

60 1421 187 1492 angelos
198 1421 408 1491 adorasse,sed
418 1423 510 1478 stiam
521 1423 661 1479 homines
671 1422 801 1494 legimus
811 1439 820 1492 ;
834 1438 889 1479 nec
943 1422 1044 1478 Fhum
1060 1422 1117 1478 Dei
1129 1427 1277 1479 aeternum
1299 1439 1337 1479 ex
1360 1429 1495 1498 tempore
1519 1425 1644 1497 coepisse
1663 1424 1768 1480 credit.

59 1513 164 1566 tamen
174 1512 336 1584 propterea
351 1510 463 1567 alicubi
478 1512 678 1583 reprehensos
691 1509 889 1567 invenimus?
942 1512 1061 1568 Nomen
1076 1512 1228 1584 siquidem
1252 1513 1355 1570 Patris
1368 1514 1466 1570 Filius
1486 1514 1608 1584 dicitur,
1636 1514 1710 1586 quia
1736 1513 1769 1568 in

61 1599 99 1655 iit
108 1600 143 1654 in
156 1599 246 1656 Novo
255 1600 348 1655 etiam
356 1599 523 1672 Apostolus
535 1599 637 1656 fidelos
646 1600 684 1656 ad
693 1600 888 1657 serviendum
942 1601 1031 1670 Fili0;
1047 1604 1077 1656 et
1090 1616 1145 1673 per
1158 1601 1271 1658 Filium
1296 1603 1386 1658 Pater
1408 1602 1575 1659 invisibilis
1592 1601 1768 1658 manifesta·

60 1688 271 1760 superioribus
292 1692 323 1744 et
335 1688 471 1761 praelatis
492 1703 684 1762 summopere
700 1689 888 1745 exhortatur.
903 1684 928 1741 B
942 1694 1013 1759 tur;
1028 1705 1090 1746 non
1106 1690 1205 1746 solum
1220 1692 1345 1764 quando
1363 1692 1498 1749 mundus
1518 1707 1571 1765 per
1595 1692 1697 1765 ipsum
1712 1690 1770 1746 iac·

59 1776 223 1834 Sciendum
236 1792 306 1848 ergo
319 1781 366 1833 est
380 1777 463 1850 quod
477 1777 538 1833 alio
550 1777 641 1834 modo
655 1778 806 1848 homines,
828 1777 888 1834 alio
942 1783 993 1835 tus
1010 1783 1076 1850 est,
1091 1795 1199 1837 verum
1219 1782 1311 1837 etiam
1328 1782 1454 1854 quando
1479 1783 1649 1854 peripsum
1676 1781 1769 1836 homo

58 1866 151 1923 modo
164 1866 249 1923 Deus
263 1865 384 1922 adorari
397 1866 583 1939 praecipitur.
600 1865 666 1923 Usu
681 1882 814 1939 namque
838 1881 887 1923 ve·
941 1873 989 1925 θεῖ
1002 1868 1187 1941 redemptus.
1205 1870 1284 1926 Sane
1308 1871 1361 1942 qui
1387 1869 1499 1926 Filium
1529 1870 1585 1926 Dei
1613 1870 1768 1926 hominem

59 1956 115 2012 teri
131 1956 304 2028 superiores
317 1956 432 2028 quique
446 1956 485 2011 ab
500 1955 697 2011 inferioribus
711 1955 833 2011 odorari
844 1955 888 2010 di·
941 1957 1057 2013 iactum
1073 1958 1268 2027 confitentur,
1284 1959 1518 2030 nequaquamin
1528 1973 1643 2014 vanum
1658 1972 1770 2013 nomen

59 2045 218 2114 rebantur,
232 2044 414 2118 quandoneis
427 2045 491 2100 sive
506 2045 718 2100 incurvatione
733 2059 884 2116 genuum,
941 2044 997 2101 Dei
1011 2050 1184 2115 assumunt,
1200 2046 1274 2118 quia
1286 2061 1378 2118 quem
1393 2047 1522 2102 credunt
1546 2045 1701 2102 hominem
1714 2059 1769 2117 per

59 2135 123 2190 sive
138 2134 250 2206 capitis
264 2132 463 2189 inclinatione
474 2133 572 2189 abhis
586 2133 755 2189 reverentia
769 2132 890 2190 exhibe·
940 2133 973 2189 id
995 2133 1078 2206 quod
1101 2135 1269 2206 assumpsit
1297 2149 1335 2190 ex
1363 2138 1516 2206 tempora;
1546 2149 1654 2190 verum
1670 2134 1770 2191 Deum

57 2223 161 2279 hatur.
174 2223 274 2279 Deum
286 2226 388 2278 autem
401 2222 537 2292 adorare,
549 2225 595 2278 est
606 2223 633 2278 ei
647 2225 742 2278 totam
753 2211 887 2279 mentem
941 2227 1123 2294 agnoscunt,
1136 2238 1190 2295 per
1210 2222 1241 2278 id
1256 2223 1339 2295 quod
1368 2223 1428 2279 fuit
1457 2239 1494 2280 ex
1509 2224 1689 2280 aeternitate.
1716 2223 1770 2280 Po

58 2328 110 2385 per
140 2311 348 2369 humilitatem
373 2327 409 2367 ac
422 2310 615 2368 devotionem
638 2312 843 2382 substernere,
857 2316 888 2367 et
941 2314 1001 2368 ῖθεῖ
1013 2310 1113 2367 adhuc
1125 2311 1214 2367 aliter
1225 2311 1356 2384 intelligi
1372 2313 1454 2385 quod
1468 2312 1584 2368 dictum
1600 2314 1667 2368 est:
1694 2311 1765 2367 Non

57 2400 161 2474 ipsum
175 2401 360 2473 principium
383 2416 419 2457 ac
432 2401 524 2457 finem
543 2402 644 2457 omnis
664 2400 739 2457 boni
755 2400 885 2457 credere.
941 2415 1082 2457 assumas
1107 2415 1218 2456 nomen
1233 2401 1290 2458 Dei
1315 2402 1362 2457 tui
1387 2401 1420 2457 in
1436 2416 1561 2456 vanum.
1592 2401 1628 2455 lu
1651 2415 1768 2456 vanum

57 2489 147 2555 Quod
171 2489 199 2545 ei
221 2489 278 2546 soli
305 2506 361 2546 nos
385 2489 493 2545 debere
508 2505 598 2546 nemo
617 2493 663 2546 est
677 2505 760 2546 sanae
775 2490 887 2546 mentis
941 2504 1074 2561 namque
1088 2503 1200 2546 nomen
1211 2490 1267 2546 Dei
1282 2493 1456 2559 assumunt,
1470 2490 1524 2562 qui
1537 2489 1649 2545 Filium
1664 2489 1721 2545 Dei
1731 2489 1770 2545 ad

59 2581 111 2651 qui
124 2579 272 2650 ambigat.
295 2577 383 2635 Unde
404 2580 470 2651 ipse
494 2594 616 2651 quoque
638 2595 692 2652 per
705 2579 887 2652 prophetam
941 2594 973 2634 se
987 2579 1161 2648 missumst
1175 2594 1229 2650 pro
1244 2595 1300 2634 sua
1316 2579 1414 2634 salute
1426 2579 1621 2634 incarnatum
1636 2582 1769 2635 contem-

58 2667 94 2724 de
108 2683 142 2725 se
154 2671 287 2724 testatur
294 2667 397 2724 dicens
409 2684 415 2722 :
431 2669 592 2724 Honorem
605 2684 714 2724 meum
731 2667 885 2742 [gloriam
940 2666 1112 2732 nuntQuid
1124 2671 1170 2723 θεῖ
1184 2683 1255 2738 ergo
1268 2668 1366 2724 dicero
1378 2684 1383 2722 :
1396 2667 1441 2723 Ne
1447 2683 1588 2724 assumas
1594 2682 1704 2724 nomen
1712 2667 1769 2723 Dei

59 2755 285 2830 mecm]alteri
299 2771 365 2812 non
380 2758 505 2825 dcccci
515 2756 887 2831 gloriam[taudem]me·
940 2757 986 2813 tui
995 2757 1028 2812 in
1042 2772 1168 2826 vanum,
1184 2756 1245 2812 nisi
1260 2757 1339 2813 sicut
1354 2756 1511 2813 veneraris
1525 2759 1555 2812 et
1570 2755 1767 2826 adoraseum,

58 2861 112 2902 am
132 2846 340 2915 sculptilibus
357 2846 447 2918 (lsai.
460 2845 550 2916 ωε).
562 2846 887 2904 Deservituteveroad
939 2848 1063 2918 propter
1075 2845 1132 2901 hoc
1148 2845 1285 2917 quodab
1307 2860 1343 2901 eo
1364 2845 1465 2901 lactus
1484 2860 1540 2914 es;
1566 2844 1609 2900 sic
1630 2842 1723 2899 adora
1740 2845 1770 2899 θῖ

58 2934 162 3006 ipsum
172 2937 377 3007 competenter
386 2933 521 3005 intellegi
535 2935 722 3007 potcst,quia
737 2935 884 2991 nimirum
938 2950 1094 3005 venerare,
1109 2938 1233 3007 propter
1247 2934 1304 2990 hoc
1317 2933 1400 3005 quod
1414 2934 1453 2989 ab
1468 2948 1503 2989 eo
1527 2936 1573 2990 θεῖ
1593 2932 1769 3004 redemptus

58 3023 161 3080 omnis
175 3022 226 3078 ille
238 3022 407 3078 rectissime
420 3022 477 3078 soli
492 3023 556 3079 Deo
571 3024 686 3079 servire
699 3023 821 3094 dicitur,
832 3022 922 3097 quiG
941 3025 1015 3098 quia
1053 3039 1115 3080 non
1141 3024 1244 3079 minus
1282 3022 1340 3079 tibi
1369 3022 1500 3079 contulit
1528 3038 1597 3078 cum
1623 3020 1768 3090 redemit,

58 3116 89 3167 at
102 3110 271 3167 secuudum
284 3110 383 3167 Deum
392 3110 510 3167 homini
524 3112 673 3184 superiori
683 3111 841 3168 humiliter
855 3128 888 3169 se
942 3129 1036 3186 quam
1066 3128 1136 3168 cum
1162 3113 1286 3169 creavit.
1325 3112 1373 3169 Ad
1397 3111 1538 3168 eumdem
1566 3113 1682 3183 spectat
1702 3123 1769 3164 sen·

58 3200 184 3273 subjicit
195 3216 203 3267 ;
216 3203 246 3256 et
261 3200 314 3255 ubi
335 3215 429 3256 causa
450 3200 506 3257 Dei
531 3202 742 3274 impugnatur,
758 3201 888 3258 fideliter
942 3218 1021 3272 sum,
1051 3201 1132 3274 quod
1156 3202 1223 3274 ipse
1248 3200 1346 3258 Filius
1360 3201 1393 3256 in
1415 3199 1582 3272 Evangelio
1596 3196 1767 3272 discipulis,

57 3289 251 3346 contradicit.
263 3289 322 3355 Qui
335 3293 421 3345 cavet
436 3289 612 3347 sollicitans
626 3291 659 3346 in
673 3306 729 3346 sua
740 3291 887 3347 servitute
942 3294 972 3347 et
996 3305 1050 3362 per
1081 3289 1247 3363 discipulos
1298 3289 1443 3346 omnibus
1473 3290 1506 3344 in
1550 3304 1582 3344 se
1624 3286 1770 3344 credenti·

56 3377 106 3434 vel
119 3393 176 3452 per
189 3377 329 3433 timorem
345 3378 481 3434 hominis
504 3381 611 3435 contra
626 3379 726 3435 Deum
752 3379 827 3452 quid
847 3379 888 3434 ta·
940 3380 1000 3436 bus
1014 3380 1106 3436 dicit:
1124 3381 1263 3436 Creditis
1280 3382 1316 3434 in
1331 3382 1434 3435 Deum
1461 3383 1493 3434 et
1509 3380 1545 3432 in
1572 3392 1623 3433 me
1647 3378 1770 3432 credite

57 3468 129 3536 ciat,
152 3465 203 3522 vel
225 3468 353 3522 terreuae
373 3467 586 3524 retributionis
606 3468 726 3525 lucrum
740 3469 774 3525 in
787 3469 886 3524 inten·
942 3470 1046 3538 (ioan.
1062 3469 1140 3539 xrv).
1158 3467 1298 3524 Modeeta
1313 3469 1439 3540 quinem
1455 3471 1489 3522 ut
1502 3466 1603 3522 decuit
1617 3465 1703 3538 pium
1714 3478 1771 3519 nos

56 3556 153 3625 tione,
168 3555 284 3612 ccelesti
308 3556 434 3628 praemio
451 3558 627 3629 anteponat.
657 3556 715 3613 Sed
734 3558 768 3613 in
782 3557 887 3614 Graeco
942 3557 1110 3613 admonens
1118 3557 1338 3625 insinuatione,
1354 3560 1390 3611 ut
1401 3554 1612 3626 intelligamus
1628 3568 1697 3608 eum
1709 3567 1771 3608 non

57 3644 253 3700 manifestior
267 3645 420 3700 sententia
445 3660 590 3716 expressa
611 3648 667 3701 est.
682 3645 788 3702 Graeca
801 3661 887 3701 nam·
941 3646 1041 3702 solum
1056 3645 1246 3701 adorandum
1262 3659 1281 3699 a
1294 3645 1384 3700 nobis
1404 3644 1437 3699 in
1453 3659 1510 3699 sua
1523 3642 1686 3698 divinitate
1706 3655 1770 3712 qua
1805 3673 1807 3677 ,

57 3748 118 3806 que
130 3732 247 3788 locutio
262 3731 398 3788 divinam
420 3732 599 3789 servitutem
615 3734 654 3789 ab
668 3733 805 3789 humana
818 3749 886 3807 pro·
942 3734 1088 3805 condidit,
1104 3732 1156 3789 sed
1168 3732 1415 3789 inhumanitate
1437 3732 1530 3787 etiam
1548 3745 1611 3803 qua
1631 3728 1769 3785 redemit.

57 3821 123 3894 prio
137 3819 289 3876 vocabulo
303 3819 477 3892 distinguit,
494 3821 576 3893 quod
597 3821 738 3877 latinitas
749 3836 812 3877 non
837 3822 888 3877 ha·
941 3824 1079 3880 Tertium
1095 3825 1282 3895 praeceptum
1295 3825 1341 3878 est
1353 3821 1482 3899 observa
1488 3819 1656 3876 Sabbatum
1669 3817 1771 3889 (Eoeod

57 3910 118 3965 bet.
134 3909 184 3964 Ibi
194 3909 276 3964 enim
285 3908 342 3965 Dei
356 3910 489 3966 servitus
502 3910 595 3966 latria
609 3914 640 3967 θῖ
651 3909 791 3967 humana
802 3911 888 3967 dulia
941 3911 1007 3983 xx).
1034 3910 1173 3976 Quatuor
1205 3910 1341 3967 Sabbata
1376 3923 1613 3966 commemorare
1650 3905 1772 3963 videtur

57 4001 195 4055 vocatur.
209 3997 248 4053 Et
262 3998 301 4054 ob
314 3999 371 4055 hoc
384 3999 523 4056 idolatra
536 4000 637 4056 vocati
654 4003 737 4071 sunt,
753 4001 806 4073 qui
819 4016 886 4056 eam
941 3999 1107 4073 Scriptura.
1125 3998 1263 4054 Primum
1278 3998 1356 4055 illud
1372 3998 1406 4053 in
1431 4013 1493 4070 quo
1522 3997 1605 4052 Deus
1627 3993 1772 4068 perfectis

57 4086 238 4143 servitutem
263 4102 356 4159 quam
376 4088 440 4145 Deo
459 4087 631 4145 debuerunt
651 4089 741 4145 idolis
764 4089 886 4145 exhibe·
942 4088 1085 4160 operibus
1100 4087 1165 4144 suis
1190 4087 1376 4160 requievisse
1396 4086 1518 4143 dicitur.
1541 4083 1714 4141 Secundum
1736 4081 1771 4137 il-

56 4176 143 4231 bant.
159 4173 219 4231 Sed
233 4174 461 4248 Latinalingua
477 4178 822 4250 utramquesubeodem
838 4193 888 4234 uo
940 4179 995 4236 lud
1021 4179 1103 4252 quod
1130 4178 1202 4234 tiliis
1223 4177 1317 4233 Israel
1354 4176 1517 4234 carnaliter
1539 4172 1773 4232 custodiendum

55 4264 140 4320 mine
153 4263 332 4320 servitutem
347 4266 587 4338 comprehendit,
604 4271 635 4322 θῖ
648 4271 808 4341 propterea
823 4267 888 4324 obs·
942 4267 1257 4323 mandatur.Tertium
1273 4265 1351 4322 illud
1365 4266 1449 4337 quod
1459 4262 1573 4337 populo
1582 4263 1639 4319 Dei
1649 4275 1772 4317 servan·

55 4351 159 4407 curior
171 4351 355 4422 significatio
377 4353 458 4409 lacta
480 4358 526 4410 est
541 4370 610 4410 curu
625 4355 750 4412 dicitur.
779 4356 816 4412 ili
829 4355 886 4412 soli
900 4373 929 4429 Ι)
942 4356 1016 4412 dum
1031 4357 1220 4429 praecipitur.
1237 4355 1389 4421 Quartum
1402 4353 1478 4410 illud
1494 4351 1576 4426 quod
1590 4352 1623 4406 in
1645 4348 1772 4422 promis-

56 4441 182 4510 servles,
196 4440 281 4513 quod
299 4441 332 4496 in
346 4441 452 4499 Graeco
466 4443 648 4515 ambiguum
671 4460 733 4524 non
758 4448 813 4501 est.
830 4444 890 4501 Sed
945 4444 1030 4501 sione
1042 4444 1212 4501 Sabbatum
1227 4460 1282 4516 pro
1295 4443 1430 4500 Sabbata
1448 4442 1514 4497 suis
1528 4441 1612 4496 Deus
1623 4436 1772 4495 dilectori-

56 4544 127 4585 cum
136 4532 325 4602 praecaptum
340 4529 379 4585 ad
391 4529 513 4587 Patrem
539 4533 701 4604 pertineat,
724 4548 819 4605 quare
834 4533 891 4589 dic
943 4533 1003 4588 bus
1017 4533 1185 4606 pollicetur.
1201 4534 1270 4588 Duo
1286 4533 1382 4604 igitur
1396 4534 1469 4588 sunt
1482 4529 1617 4587 Sabbata
1638 4527 1772 4585 exterius

57 4620 124 4674 tum
138 4620 206 4673 est:
220 4617 249 4673 ei
265 4618 322 4673 soli
336 4619 460 4690 servies,
476 4621 566 4693 quasi
582 4620 674 4677 etiam
689 4621 768 4678 Filio
780 4625 810 4677 et
824 4621 890 4694 Spi·
909 4652 912 4657 -
944 4637 1042 4677 unum
1058 4622 1125 4691 Dei,
1155 4624 1185 4677 θῖ
1200 4637 1297 4677 unum
1323 4621 1474 4689 hominis;
1503 4622 1534 4675 et
1556 4618 1618 4674 duo
1643 4615 1773 4673 interius

59 4707 135 4763 ritui
146 4708 255 4762 sancto
266 4706 460 4763 serviendum
471 4707 600 4766 nonsit?
612 4709 671 4766 Sed
683 4709 890 4782 quoddictum
945 4726 1042 4767 unum
1057 4710 1124 4779 Dei,
1141 4713 1170 4765 et
1180 4725 1277 4764 unum
1292 4709 1436 4765 hominis.
1450 4707 1620 4763 Sabbatum
1640 4705 1696 4761 Dei
1711 4719 1772 4778 quo

60 4797 107 4851 θεῖ
120 4792 181 4850 soli
195 4807 258 4849 non
272 4793 406 4851 excludit
421 4799 667 4855 communionem
689 4797 760 4854 Filii
781 4797 890 4870 stSpi·
945 4799 1079 4855 exterius
1094 4798 1134 4853 ab
1154 4812 1243 4870 opere
1262 4812 1379 4853 cessare
1400 4797 1522 4865 dicitur,
1547 4797 1772 4851 sacramentum

60 4883 140 4940 ritus
154 4882 266 4951 sancti,
282 4882 336 4938 sed
359 4884 511 4957 quidquid
534 4886 618 4942 Deus
644 4902 706 4943 non
731 4890 787 4943 θεῖ.
801 4886 892 4943 Pater
945 4892 991 4944 θεῖ
1001 4887 1086 4943 illius
1100 4886 1255 4942 interioris
1267 4885 1395 4942 Sabbati
1412 4886 1488 4957 ejus,
1501 4885 1534 4940 in
1545 4899 1606 4957 quo
1619 4884 1718 4958 ipsius
1733 4897 1772 4940 a·

59 4973 165 5027 autem
185 4973 217 5026 et
236 4969 336 5027 Filius
358 4975 388 5027 θῖ
408 4973 542 5046 Spiritus
562 4979 687 5032 sauctus
711 4991 794 5032 unus
808 4975 891 5032 Deus
945 4980 1034 5033 terna
1044 4973 1229 5031 immortalis
1244 4989 1304 5045 que
1318 4974 1476 5031 aeternitas
1487 4975 1669 5030 inconcussa
1681 4972 1774 5029 beati·

59 5064 116 5130 est,
130 5060 199 5133 ipse
226 5059 311 5117 solus
330 5061 505 5120 adorandus
520 5065 577 5134 est,
596 5065 684 5138 eique
704 5065 762 5123 soli
784 5067 815 5120 θῖ
829 5078 891 5120 non
946 5065 1052 5120 tudine
1066 5062 1326 5137 perfruenanullo
1338 5078 1476 5135 unquam
1491 5062 1595 5119 labore
1611 5062 1770 5132 fatigatur.

59 5149 147 5205 altari
164 5147 361 5206 serviendum
376 5154 433 5222 est,
449 5166 486 5207 ea
499 5152 641 5209 videlicet
655 5153 801 5210 servitute
821 5168 891 5225 quae
944 5153 1113 5211 Sabbatum
1127 5152 1263 5209 hominis
1277 5152 1400 5225 quodsi
1413 5152 1553 5210 visibiter
1565 5151 1699 5208 exterius
1711 5164 1772 5204 ser·

59 5238 86 5294 ei
98 5236 159 5294 soli
174 5236 280 5294 debita
294 5241 350 5294 θεῖ.
366 5239 446 5296 Nam
465 5244 495 5296 θῖ
514 5241 547 5297 in
563 5241 740 5313 Evangelio,
762 5255 831 5297 cum
846 5241 889 5297 di·
945 5243 1081 5299 vandum
1095 5243 1282 5315 praecipitur,
1298 5246 1525 5300 sacramentum
1549 5244 1596 5297 est
1617 5236 1772 5297 interioris

58 5327 156 5384 citur:
173 5329 276 5384 Nemo
298 5330 390 5384 nouit
401 5330 536 5387 Patrem
560 5333 628 5386 nisi
641 5333 750 5386 Filius
762 5331 889 5401 (Matri.
945 5331 1136 5401 Sabbati,ubi
1149 5347 1237 5389 mens
1251 5336 1358 5389 sancta
1366 5349 1420 5406 per
1431 5333 1544 5390 bonam
1555 5326 1771 5387 conscientiam

59 5416 118 5488 n),
130 5431 195 5473 non
209 5416 320 5490 utique
334 5417 468 5491 Spiritus
487 5423 611 5475 sanctus
633 5434 652 5474 a
673 5419 775 5475 Patris
789 5420 890 5490 cogni·
946 5438 964 5477 a
978 5421 1126 5477 servitute
1140 5421 1255 5493 peccati
1270 5422 1430 5493 quiescens
1443 5438 1452 5491 ;
1468 5422 1500 5478 in
1510 5419 1623 5492 gaudio
1637 5414 1771 5489 Spiritus

61 5507 146 5562 tione
160 5505 346 5575 excluditur,
365 5522 434 5563 cum
448 5508 514 5580 ipse
535 5508 627 5563 etiam
648 5507 801 5579 profunda
823 5507 891 5577 Dei,
946 5509 1044 5566 sancti
1069 5509 1268 5582 jucundatur.
1293 5509 1358 5567 Hoc
1380 5508 1549 5566 Sabbatum
1575 5504 1717 5578 quisquis
1736 5502 1770 5558 iu

60 5598 138 5652 teste
154 5595 315 5668 Apostolo,
325 5598 478 5652 scrutetur
492 5596 522 5668 (1
534 5598 602 5653 cor.
618 5595 665 5667 11).
680 5594 738 5652 Sed
753 5599 799 5651 est
813 5596 892 5669 ajus-
946 5598 1089 5672 praesenti
1103 5597 1169 5654 vita
1183 5599 1360 5667 servaverit,
1375 5601 1411 5654 ut
1423 5597 1517 5654 nullis
1526 5593 1696 5652 consentiat
1711 5597 1772 5648 ma·

60 5682 145 5740 modi
157 5682 307 5757 loquendi
321 5698 429 5756 genus,
445 5686 480 5741 ut
494 5684 614 5742 dicatur
624 5686 740 5754 inemo,
758 5684 820 5740 nisi
841 5682 894 5741 ills
945 5684 995 5753 lis,
1009 5686 1167 5759 perveniet
1189 5686 1223 5742 in
1250 5686 1357 5743 futura
1370 5687 1445 5756 vita,
1468 5685 1508 5742 ad
1520 5682 1598 5740 illud
1621 5685 1776 5739 aternum

63 5771 207 5831 videlicet
220 5772 277 5846 qui
289 5784 353 5830 nou
365 5775 422 5844 est,
436 5772 496 5831 hoc
507 5771 592 5846 quod
604 5770 665 5830 ille.
684 5771 743 5854 llis
755 5787 812 5847 pro
824 5772 892 5830 bre·
947 5773 1004 5832 Det
1017 5772 1200 5847 Sabbatum,
1213 5774 1271 5831 ubi
1281 5773 1375 5832 nulla
1383 5765 1798 5832 conuenientissimum
