3742 6082
111 150 161 208 tal
494 138 648 198 HUGONIS
665 138 712 195 DE
734 138 763 195 S.
782 133 932 193 victora
957 131 1032 191 0PP.
1052 132 1141 192 PARS
1160 135 1207 191 lll.
1231 164 1266 177 -
1284 132 1443 192 ararica,
1768 134 1820 192 952

111 273 230 339 caveat3
246 268 293 327 ille
307 281 377 324 vero
392 265 439 323 cui
454 265 549 323 multo
562 282 639 340 opus
654 268 707 333 est,
722 263 816 334 magis
831 261 870 318 ad
884 260 939 317 ho·
957 257 1091 317 Aticulis
1103 259 1245 318 coclearis
1260 259 1324 318 viee
1337 260 1418 319 olera
1433 276 1489 317 sua
1502 259 1667 333 piscantur,
1694 257 1737 318 ita
1750 259 1823 317 utin

110 364 257 419 aestatem
276 357 418 426 attendat,
434 356 506 430 quia
526 371 623 428 neque
638 353 686 409 ille
701 353 760 409 nisi
775 357 941 424 temperan·
994 351 1101 407 eodem
1122 351 1189 423 jure
1211 355 1240 407 et
1252 368 1361 408 manus
1377 350 1562 408 ablutionem
1578 353 1607 406 et
1619 353 1724 407 venter
1738 350 1826 407 relec-

110 450 158 508 tie
181 453 276 506 metas
299 445 460 514 transierit,
480 444 520 500 ad
541 442 756 515 turpitudinem
769 440 875 506 veniet,
891 455 941 495 ne·
995 440 1105 498 tionem
1114 457 1248 515 quarere
1256 440 1400 498 videatur.
1418 439 1472 496 alii
1485 440 1699 496 semicorrosas
1710 444 1826 497 crustas

110 556 169 614 que
183 538 238 597 iste
252 536 310 594 nisi
325 535 406 609 prius
420 532 586 590 honestatis
602 532 713 589 oblitus
733 531 831 603 luerit,
846 529 878 586 in
892 545 940 584 su·
994 534 1023 588 et
1036 547 1217 604 praemorsas
1233 531 1393 604 collyridas
1401 529 1520 587 cibariis
1539 529 1675 587 iterando
1685 529 1826 601 infigunt,

110 628 311 704 perfluitatem
324 623 479 696 impinget.
994 624 1023 676 et
1034 618 1174 693 reliquias
1187 619 1323 677 dentium
1338 635 1462 676 suorum
1475 618 1553 676 olias
1568 618 1675 676 facturi
1691 619 1722 676 in
1737 635 1829 693 poeu-

183 721 250 775 Crr.
272 718 335 771 lllll.
360 715 468 779 Tertio,
485 715 629 785 quomodo
645 714 866 771 comedendam.
993 707 1029 764 lis
1044 707 1232 779 demergunt.
1251 711 1327 777 llaec,
1345 708 1421 766 sicut
1435 723 1527 780 supra
1541 707 1684 776 diximus,
1702 706 1828 765 dicenti·

147 811 297 863 Postremo
319 808 365 859 est
378 802 547 860 observatio
561 803 592 859 in
608 803 686 874 cibo,
701 801 855 877 quomodo
871 801 940 874 quis
994 796 1053 853 bus
1066 797 1271 855 erubescenda
1283 798 1412 869 inerant,
1424 798 1447 853 si
1459 814 1477 854 a
1489 797 1666 855 iacientibus
1678 814 1829 872 praesum·

111 894 213 953 cibum
237 908 355 949 sumere
377 892 495 949 debeat.
524 896 582 949 lloc
606 898 649 949 est
670 909 763 965 quam
785 890 898 947 munde
913 895 942 946 et
995 891 1047 961 pta
1061 902 1122 943 non
1136 886 1270 944 luissent.
1286 891 1368 944 Nunc
1384 891 1484 943 autem
1501 886 1646 944 sustineat
1658 886 1689 943 iu
1705 885 1830 944 audien·
1870 885 1871 893 ’

111 999 205 1058 quam
225 987 397 1057 temperate.
415 985 454 1038 lle
468 982 660 1039 immunditia
675 980 854 1039 comedendi
867 997 941 1054 pau·
994 977 1034 1033 do
1048 977 1266 1044 verecundiam,
1281 977 1333 1051 qui
1348 977 1444 1034 noluit
1454 976 1486 1033 in
1501 976 1639 1034 iaciendo
1653 976 1769 1034 habere
1783 976 1826 1034 di·

111 1089 148 1131 ca
159 1073 298 1146 exempla
311 1071 442 1147 prolerre
457 1071 594 1139 sufficiat,
612 1076 644 1128 ut
667 1071 741 1127 dum
761 1071 792 1126 in
816 1069 941 1143 quibus·
994 1066 1163 1139 sciplinam.
1176 1070 1388 1124 Verumtamen
1400 1067 1465 1124 baec
1484 1067 1523 1123 de
1545 1068 1738 1126 immunditia
1753 1067 1827 1125 indi-

111 1160 183 1218 dam
208 1161 269 1217 suis
292 1161 427 1234 partibus
448 1161 587 1227 cernitur,
604 1160 689 1216 facile
709 1176 763 1233 per
777 1158 942 1215 similitudi·
994 1156 1148 1228 sciplinate
1178 1156 1427 1214 manducantium
1463 1156 1503 1213 ad
1539 1156 1713 1230 exemplum
1750 1156 1827 1214 dicte

111 1266 182 1306 nem
196 1248 310 1322 ubique
325 1254 472 1306 caveatur.
491 1249 620 1315 Quidam
634 1248 710 1304 inter
720 1247 941 1303 comedendum
995 1245 1153 1303 sufficiant.
1163 1245 1402 1320 Temperantiam
1417 1245 1622 1303 manducandi
1633 1245 1824 1318 intelligimus

112 1338 186 1394 dum
211 1337 351 1395 scutellas
374 1355 535 1396 exonerare
555 1337 669 1407 volunt,
684 1336 833 1411 quadrata
849 1336 942 1391 lercu-
995 1334 1025 1390 in
1040 1350 1085 1402 eo,
1103 1336 1127 1391 si
1143 1335 1259 1392 tractim
1282 1335 1577 1392 homoelnoneum
1594 1335 1690 1392 nimia
1709 1334 1825 1393 lestine-
1870 1380 1871 1384 ,

111 1425 211 1485 lorum
225 1426 319 1484 frusta
333 1427 454 1501 adipem
479 1427 540 1483 sive
556 1426 695 1497 saginam
717 1430 941 1498 superroratam
996 1424 1075 1481 tione
1086 1425 1244 1492 comedat;
1260 1424 1312 1481 ubi
1325 1441 1380 1481 nos
1394 1424 1518 1498 quidem
1533 1429 1684 1499 quantum
1698 1424 1764 1482 fieri
1777 1440 1825 1499 po

112 1515 285 1573 distillantia
312 1517 495 1574 mensalibus
517 1516 675 1573 involvunt
694 1524 745 1572 aut
768 1530 858 1588 super
877 1515 943 1586 inji-
996 1517 1053 1570 test
1076 1515 1201 1571 modum
1219 1519 1247 1570 et
1269 1530 1442 1572 mensuram
1467 1530 1573 1571 omnes
1598 1520 1698 1572 tenere
1722 1515 1824 1573 suade

112 1605 204 1676 ciunt,
216 1605 312 1663 donec
324 1606 432 1664 iterum
444 1606 611 1662 evisceratis
625 1603 815 1662 interioribus
826 1620 862 1660 ea
874 1620 943 1677 qure
962 1620 1075 1674 gmus,
1101 1604 1199 1674 legem
1222 1609 1323 1660 tamen
1348 1604 1464 1661 nullam
1490 1604 1562 1662 dare
1586 1605 1822 1679 praesumsimus,

112 1701 327 1763 remanserant,
350 1696 380 1752 in
404 1696 562 1769 pristinum
581 1695 681 1751 locum
703 1698 860 1767 reponant.
886 1693 941 1748 atii
996 1695 1077 1767 quia,
1095 1693 1170 1749 sicut
1188 1693 1254 1764 J'am
1278 1710 1369 1767 supra
1388 1692 1532 1764 diximus,
1548 1693 1624 1751 alius
1640 1693 1683 1751 sic
1708 1699 1736 1751 el
1751 1693 1821 1751 alius

111 1783 259 1855 bibentes,
275 1785 384 1856 digitos
408 1785 595 1842 mediotenus
613 1783 728 1857 poculis
747 1785 939 1851 immergunt.
996 1783 1047 1839 sic.
1065 1785 1129 1838 llaec
1142 1781 1239 1853 vobis,
1252 1782 1367 1850 iratres,
1385 1782 1422 1839 de
1435 1782 1556 1840 scientia
1568 1788 1597 1839 et
1610 1782 1770 1858 disciplina
1783 1783 1822 1839 in·

113 1873 169 1932 Alii
182 1879 289 1932 unctas
305 1892 414 1932 manus
428 1875 469 1931 ad
483 1875 659 1930 vestimenta
674 1890 729 1929 sua
743 1873 939 1941 detergentes,
996 1872 1082 1930 terim
1097 1888 1152 1928 nos
1167 1872 1298 1928 diximus
1312 1890 1318 1929 :
1336 1872 1500 1930 Bonitatem
1514 1889 1584 1931 vero
1599 1878 1681 1932 orate
1694 1878 1727 1930 ut
1739 1873 1821 1930 vobis

112 1979 216 2021 rursus
226 1962 266 2022 ad
280 1964 393 2023 cibaria
407 1964 562 2022 tractanda
576 1964 710 2020 redeunt.
724 1962 779 2018 Alii
793 1961 883 2018 nudis
897 1978 943 2018 ar·
996 1960 1047 2017 dct
1060 1963 1147 2018 Deus.
1168 1965 1273 2018 amen.

117 2193 1817 2225 ψη

346 2437 836 2583 SOLlLOQUlUll
889 2437 984 2556 DE
1027 2437 1286 2575 ,lauria
1332 2438 1606 2558 ANIMAE.

825 2852 1117 2942 PROLOGUS

154 3037 262 3095 Dilecto
275 3037 357 3094 fratri
371 3040 403 3095 G.
418 3039 592 3112 caterisque
606 3038 696 3094 serris
717 3036 821 3096 Christi
834 3034 967 3091 llameris
979 3034 1054 3092 levae
1068 3035 1247 3107 degentibus
1264 3040 1295 3093 ll.
1309 3036 1530 3111 qualiscunque
1543 3041 1646 3094 vestrae
1660 3034 1820 3096 sanctitatis

118 3143 231 3194 servus,
247 3126 278 3184 in
292 3143 353 3184 una
364 3143 438 3200 pace
453 3128 619 3197 ambulare,
637 3132 665 3184 et
679 3128 718 3184 ad
732 3143 824 3183 arnam
841 3125 974 3199 requiem
988 3125 1152 3198 pervenire.
1175 3126 1371 3201 Soliloquium
1385 3125 1561 3196 dilectionis,
1577 3126 1661 3200 quod
1676 3128 1715 3185 de
1732 3128 1823 3184 arrha

116 3215 225 3272 animm
250 3215 426 3288 inscriptum
449 3220 503 3282 cst,
520 3216 575 3271 nisi
590 3216 726 3272 charitati
739 3221 856 3288 vestrae,
880 3220 912 3272 ut
934 3215 1054 3273 discatis
1069 3216 1121 3272 ubi
1144 3233 1197 3273 vos
1211 3221 1347 3292 oporteat
1361 3233 1466 3273 verum
1485 3232 1620 3273 amorem
1636 3234 1781 3291 quaerere,
1796 3220 1824 3275 et

116 3304 377 3378 quemadmodum
393 3304 526 3361 debeatis
542 3305 744 3363 cordavestra
759 3305 957 3379 spiritualium
979 3305 1078 3362 studio
1100 3307 1330 3363 meditationum
1354 3307 1392 3364 ad
1412 3323 1543 3380 superna
1558 3307 1670 3379 gaudia
1687 3306 1821 3365 excitare.

118 3393 179 3450 Hoc
193 3390 378 3465 ergo,'lrater
392 3394 575 3455 charissime,
592 3409 676 3465 rogo,
701 3400 732 3450 ut
756 3412 825 3451 cum
848 3396 960 3452 caeteris
974 3394 1006 3453 in
1027 3395 1205 3453 memoriam
1231 3395 1290 3453 mei
1316 3395 1472 3469 suscipias,
1487 3412 1542 3453 nec
1554 3396 1639 3471 quod
1658 3395 1823 3471 specialiter

116 3481 168 3538 tibi
180 3483 315 3555 mittitur,
329 3486 450 3540 caeteros
466 3481 613 3548 excludat,
637 3498 692 3538 nec
713 3484 794 3555 quod
817 3484 1049 3541 commmuniter
1068 3484 1211 3540 omnibus
1224 3485 1321 3552 datur,
1337 3485 1470 3541 muneris
1483 3484 1716 3558 praerogativam
1729 3483 1824 3542 immi·

115 3574 199 3627 nuat.
224 3572 296 3629 Nolo
310 3589 365 3630 vos
382 3572 428 3628 bic
444 3588 607 3645 provocare
620 3572 719 3629 colore
732 3573 915 3644 dictaminis,
932 3573 984 3630 sed
999 3573 1071 3648 qnia
1085 3572 1180 3630 celare
1201 3590 1262 3630 non
1277 3573 1361 3648 potui
1377 3589 1452 3630 meae
1467 3590 1538 3644 erga
1552 3590 1605 3630 vos
1618 3574 1760 3632 allectum
1775 3574 1823 3631 de

115 3659 253 3717 volionis.
271 3661 400 3719 Salutate
416 3661 537 3718 fratrem
554 3664 583 3718 B.
600 3666 629 3718 et
643 3662 763 3718 fratrem
778 3668 810 3719 A.
827 3668 855 3718 et
870 3678 976 3719 omnes
991 3662 1076 3734 alios,
1091 3679 1222 3736 quorum
1237 3663 1372 3734 nomina,
1386 3663 1441 3719 etsi
1459 3678 1516 3733 ego
1535 3663 1566 3719 in
1589 3662 1731 3736 praesenti
1749 3662 1824 3735 sigil-

114 3747 198 3806 latim
210 3767 387 3809 enumerare
399 3768 461 3809 non
476 3752 571 3821 valeo,
588 3752 691 3809 omnia
707 3752 850 3809 tamenin
864 3751 941 3808 libro
955 3751 1022 3809 vitm
1039 3752 1187 3810 conscribi
1202 3757 1320 3826 exopto.
1342 3752 1449 3810 Valete.

457 4121 837 4225 soiriooururu
898 4125 965 4210 bn
1019 4097 1215 4213 anani
1272 4123 1480 4212 aaran.

606 4331 881 4406 interlocutores
901 4338 983 4405 sunt
1002 4332 1113 4406 homo
1139 4339 1174 4406 ct
1193 4332 1325 4407 anima.

153 4631 243 4688 Hono.
257 4634 374 4705 Loquar
389 4637 501 4690 secreto
512 4634 621 4691 animae
631 4639 864 4709 meae,etamica
875 4658 945 4698 con·
964 4643 1140 4718 cpulchras
1163 4650 1192 4702 et
1211 4643 1401 4702 illecebrosas
1426 4644 1568 4713 invenies,
1584 4659 1654 4717 qum
1675 4643 1827 4700 humanos

116 4719 298 4779 fabulatione
313 4722 432 4795 exigam
447 4723 487 4780 ab
503 4741 537 4781 ea
552 4727 634 4798 quod
649 4726 722 4784 scire
738 4729 836 4804 cupio.
851 4735 943 4789 Nemo
998 4734 1123 4792 allectus
1147 4735 1280 4804 illiciunt,
1308 4741 1337 4792 et
1365 4736 1531 4792 secuudum
1554 4733 1655 4790 varias
1680 4731 1828 4789 utendum

115 4808 231 4866 alienus
245 4813 426 4883 admittetur,
441 4815 493 4872 sed
507 4822 611 4890 aperta
620 4804 801 4878 conscientia
816 4822 870 4879 soli
881 4838 945 4879 ver·
999 4820 1210 4879 delectationes
1226 4821 1264 4878 ad
1276 4820 1432 4877 llueudum
1444 4837 1477 4877 se
1487 4818 1635 4878 desideria
1647 4816 1826 4875 accendunt

114 4897 155 4954 ba
169 4899 368 4959 conferemus.
386 4904 431 4961 Sic
446 4905 527 4962 enim
542 4923 597 4964 nee
617 4908 690 4964 mihi
714 4909 802 4966 timor
825 4911 879 4968 erit
894 4928 943 4969 oe·
1000 4911 1095 4966 Habet
1123 4926 1241 4978 aurum,
1266 4909 1379 4967 habent
1397 4909 1513 4983 lapides
1536 4907 1657 4982 pretiosi
1680 4906 1828 4977 fulgorem

113 4987 193 5046 culta
207 5005 350 5062 quaerere,
363 5008 417 5050 nec
431 4995 470 5051 illi
485 4996 584 5069 pudor
596 5015 666 5055 sera
680 5001 872 5074 respondere.
1000 5016 1101 5072 suum,
1114 4998 1206 5055 habet
1219 4998 1310 5055 decor
1324 4999 1421 5056 carnis
1437 4998 1578 5071 speciem,
1594 4996 1674 5070 pieta
1687 4999 1790 5071 tapeta
1802 4995 1829 5049 et

152 5079 203 5137 liic
214 5079 299 5153 milri,
311 5099 423 5156 quaeso,
434 5086 944 5164 animamea‚quidestquodsuper
998 5093 1096 5143 vestes
1110 5087 1216 5144 fucatae
1232 5086 1372 5144 coloremb
1388 5086 1504 5143 infinita
1520 5090 1589 5142 sunl
1599 5084 1679 5142 talia.
1694 5083 1753 5142 Sed
1768 5083 1829 5139 lraec

114 5170 218 5228 omnia
232 5169 355 5242 diligis?
371 5176 430 5243 Ego
445 5176 517 5249 scio,
533 5178 615 5250 quod
631 5179 692 5235 rita
707 5183 758 5234 tua
773 5180 891 5235 dilectio
901 5184 946 5236 est
1000 5192 1053 5233 cur
1064 5175 1115 5232 tibi
1128 5177 1323 5233 enumerem?
1334 5179 1406 5233 Ecce
1414 5180 1443 5233 et
1453 5182 1486 5232 tu
1493 5174 1602 5232 novisti
1611 5167 1830 5244 omnia,ridisli

113 5264 143 5316 et
157 5261 219 5318 scio
242 5262 325 5335 quod
341 5262 403 5320 sine
424 5265 580 5323 dilectione
605 5283 669 5323 csse
691 5284 752 5323 non
776 5273 869 5340 potes.
888 5268 945 5325 Sed
999 5282 1076 5340 pene
1092 5260 1829 5339 singula,expertaplrrrima.llultajamtevidisse

112 5351 204 5407 velim
219 5353 293 5408 mihi
308 5369 371 5408 sine
384 5357 563 5412 verecundia
578 5357 760 5423 confitearis,
775 5356 850 5429 quid
870 5356 946 5413 inter
999 5354 1152 5424 recolis,et
1166 5355 1265 5412 adbuc
1281 5355 1375 5412 multa
1389 5354 1483 5423 vides,
1498 5353 1528 5410 in
1541 5351 1653 5427 quibus
1663 5349 1751 5425 quod
1765 5349 1830 5407 dieo

113 5441 217 5497 omnia
230 5440 416 5511 diligendum
432 5443 577 5513 elegeris?
594 5445 695 5499 [licam
710 5445 820 5508 adhuc,
833 5450 865 5500 ut
879 5462 944 5501 ma·
1000 5445 1127 5518 experiri
1140 5451 1168 5500 et
1189 5443 1387 5518 comprobare
1401 5443 1511 5517 possis.
1535 5442 1586 5499 llic
1607 5456 1680 5511 ergo
1703 5440 1830 5496 obsecro

113 5527 249 5583 niiestius
263 5528 410 5599 intelligas
420 5531 492 5601 quid
507 5536 533 5587 te
541 5531 732 5601 interrogem.
742 5532 847 5604 Aspice
859 5550 944 5591 mun·
999 5535 1082 5601 mihi,
1093 5534 1165 5607 quid
1176 5534 1213 5590 de
1221 5535 1266 5590 his
1275 5533 1417 5591 omnibus
1429 5533 1551 5588 unicum
1563 5530 1615 5587 tibi
1623 5530 1740 5601 leceris,
1749 5524 1830 5603 quod

113 5612 200 5686 darm,
214 5620 242 5672 et
254 5617 358 5674 omnia
370 5634 439 5691 quoe
452 5617 484 5674 in
498 5635 533 5677 eo
549 5626 635 5690 sunt;
649 5619 760 5678 multas
775 5621 816 5679 ibi
829 5623 943 5696 species
999 5623 1188 5696 singulariter
1212 5623 1361 5697 amplecti,
1377 5637 1438 5697 quo
1461 5636 1581 5696 semper
1603 5618 1718 5695 perfrui
1738 5615 1831 5678 velis?
