3756 6074
78 169 143 224 ιιιι
527 135 531 143 ’
551 160 722 217 mennon
740 158 788 214 ru
807 153 961 214 succus
980 135 1100 210 orani
1113 112 1328 212 coccinei.

76 290 147 348 dam
160 303 261 362 panno
274 285 445 360 partiuntur
472 281 631 351 cucullam,
652 286 680 340 et
701 279 942 355 chlamydemll
961 275 1056 350 quod,
1068 279 1102 333 ut
1113 276 1155 334 ait
1167 275 1336 349 Apostolus,
1366 272 1466 330 omnio
1493 267 1719 340 contingebant

76 383 143 437 Non
156 376 285 435 multum
297 375 396 432 differt
415 372 536 430 habitus
560 371 696 429 canonici
719 369 864 442 regularis
878 371 908 425 et
960 364 1305 436 infipurafthor.1).
1322 367 1366 420 An
1381 362 1514 432 ignoras,
1532 357 1630 433 quod
1661 358 1695 414 in

77 464 240 534 saecularis,
255 463 308 521 sed
323 463 349 519 si
362 462 436 518 forte
448 460 618 532 regularem
634 460 737 517 videas
759 457 907 516 orchidia·
961 453 1126 525 fragrantia
1148 453 1393 510 vestimentorum
1407 449 1523 506 famam
1547 446 1704 518 designat

76 569 189 611 conum
210 551 258 609 vel
271 550 450 625 episcopum
466 552 492 605 te
513 547 623 605 vidisse
651 546 824 604 contendas.
851 543 909 602 sed
960 546 1044 611 tum;
1059 542 1090 598 in
1104 541 1328 617 losephtunica
1342 539 1443 598 talaris
1457 536 1719 613 perseverantian

76 642 200 700 forsitan
221 640 313 710 dices,
340 636 473 696 delicatis
497 636 625 694 delicata
651 634 843 702 conveniunt,
872 649 908 690 ex
960 630 1228 703 ganimitatisillae
1240 635 1310 687 sunt
1322 630 1412 701 igitur
1431 633 1541 696 vestes,
1572 641 1663 700 quas
1683 641 1719 699 ap

76 730 180 802 regula
208 719 415 785 testimonium
430 726 594 801 proferens.
624 725 671 782 Ait
696 724 777 782 enim
801 723 908 780 beatus
959 720 1093 778 habebat
1113 720 1256 788 Rebecca,
1276 724 1305 777 ct
1324 718 1437 792 quihus
1457 715 1558 773 induit
1581 714 1686 771 Jacob
1710 732 1719 771 ι

76 817 300 889 Augustinus«
317 815 410 886 Sieis,
433 814 486 888 qui
500 818 647 872 venerunt
657 829 695 869 ex
708 811 843 870 moribus
856 799 908 868 de·
960 815 1045 885 patre
1071 808 1306 877 benediceretur,
1336 808 1408 881 quia
1434 820 1648 880 perseverans
1670 809 1719 877 pat

75 907 172 965 licatis
186 906 225 963 ad
239 903 456 963 monasterium
474 902 587 977 aliquid
613 901 836 973 alimentorum,
860 915 910 957 ve·
962 902 1062 957 custos
1073 902 1117 955 est
1130 897 1284 969 virtutum,
1301 897 1377 954 utin
1390 896 1450 953 tine
1464 894 1600 968 quilibet
1624 894 1719 950 bene<

77 996 298 1062 stimentorum,
314 991 606 1066 operimentorumve
625 991 723 1060 daurr,
744 989 829 1064 quod
843 988 908 1046 aliis
961 1003 1000 1044 ne
1012 986 1191 1060 perfruatur.
1201 988 1278 1042 lnter
1291 984 1358 1042 illos
1368 984 1469 1051 edam,
1481 981 1535 1056 qui
1548 981 1671 1038 tunicis
1684 983 1719 1038 in

77 1083 260 1151 fortioribus,
276 1081 383 1138 etideo
396 1080 577 1138 felicioribus
592 1096 655 1136 non
669 1080 766 1148 datur,
780 1077 909 1150 cogitare
961 1076 1010 1129 tur
1030 1072 1170 1146 voluptas
1199 1072 1310 1146 pedem
1333 1072 1443 1147 posuit,
1472 1086 1536 1128 non
1557 1070 1656 1143 quod
1683 1086 1719 1127 ea

78 1172 198 1239 debent,
214 1170 326 1245 quibus
340 1186 402 1226 non
417 1168 515 1240 datur,
531 1172 680 1244 quantum
694 1168 731 1225 de
747 1183 802 1225 sua
816 1182 909 1223 saecu-
962 1165 1094 1230 utantur,
1110 1160 1163 1218 sed
1183 1162 1318 1235 quodam
1331 1160 1457 1218 delicato
1485 1174 1610 1234 panno,
1640 1160 1698 1233 qui

77 1261 133 1318 lari
147 1263 208 1316 vrta
221 1258 272 1315 illa
287 1258 327 1315 ad
341 1258 430 1315 istam
444 1258 539 1316 vitam
563 1256 781 1314 descenderint.
798 1278 813 1307 »
835 1257 910 1314 Con·
962 1253 1028 1308 satu
1042 1250 1158 1307 dicitur.
1173 1254 1204 1306 ln
1220 1250 1385 1308 ostentione
1399 1249 1490 1320 igitur
1503 1248 1590 1306 lanei
1602 1249 1714 1318 vestis,

79 1348 225 1405 sentimus
239 1347 416 1416 auctoritati,
433 1350 465 1404 ut
478 1347 566 1404 detur
579 1345 706 1402 delicato
725 1343 808 1418 quod
829 1342 910 1399 suffi·
962 1341 1079 1398 ritatem
1093 1340 1330 1398 conversationis
1342 1339 1513 1408 ostendunt,
1545 1338 1664 1395 sedin
1689 1339 1719 1394 dr

79 1437 137 1495 ciat
158 1454 196 1494 ne
222 1436 351 1509 deficiat,
379 1452 441 1493 non
468 1451 529 1510 quo
554 1433 716 1509 superbiat.
734 1430 909 1498 audistin,
963 1430 1043 1487 tione
1057 1428 1176 1487 delicati
1190 1430 1285 1503 panni
1299 1428 1453 1486 suavitatis
1467 1427 1635 1484 mollitiem
1660 1444 1719 1501 qua

79 1526 265 1595 charissime,
281 1525 405 1584 beatum
417 1523 626 1596 augustinum.
641 1544 655 1573 «
667 1525 732 1578 Non
745 1520 909 1590 contingat,
963 1517 1028 1574 Vidi
1039 1522 1068 1574 et
1078 1534 1143 1590 ego,
1158 1517 1189 1573 ni
1203 1517 1300 1586 fallor,
1320 1518 1506 1574 monachum
1528 1516 1705 1573 camisiam

78 1615 186 1688 inquit,
214 1614 390 1670 detestanda
416 1613 605 1687 perversitas,
628 1615 657 1668 et
679 1610 709 1666 in
728 1609 944 1685 monasterioss
964 1613 1039 1677 tum,
1067 1606 1217 1664 locantem
1230 1610 1258 1664 et
1271 1607 1421 1663 dicentem
1437 1624 1444 1662 ε
1460 1605 1559 1662 carior
1592 1611 1645 1663 est
1671 1610 1719 1664 sta

80 1700 144 1774 (ubi
169 1705 319 1773 quantum
347 1704 484 1773 possunt,
512 1700 589 1756 fiunt
628 1698 733 1755 divites
758 1697 909 1769 laboriosi)
963 1713 1059 1771 quam
1072 1696 1214 1765 camisia;
1231 1697 1335 1755 tunica
1345 1712 1416 1752 vero
1436 1694 1536 1752 vestiri
1551 1711 1681 1767 magna
1701 1713 1718 1753 e

79 1788 154 1844 fiant
165 1804 313 1862 pauperes
326 1787 454 1844 delicati.
471 1810 485 1838 a
501 1786 631 1859 Mentior,
653 1786 678 1842 si
693 1802 754 1844 non
766 1785 828 1844 vidi
838 1802 913 1859 qno·
964 1787 1091 1843 fieultas.
1107 1785 1164 1843 Sed
1178 1785 1303 1843 forsitan
1313 1784 1407 1852 dices,
1422 1784 1506 1858 quod
1520 1783 1675 1841 infirmus
1689 1784 1719 1842 fu

80 1876 178 1948 sdam,
195 1893 326 1950 quorum
340 1880 502 1951 paupertas
517 1875 584 1932 talis
604 1880 676 1944 erat,
702 1875 828 1949 quando
841 1874 912 1932 foris
963 1875 1106 1948 jusmodi,
1133 1875 1195 1932 imo
1210 1890 1302 1932 sanus
1326 1879 1355 1930 et
1374 1873 1523 1947 petulans,
1550 1876 1584 1930 et
1615 1875 1719 1947 pingu

80 1970 175 2034 erant,
189 1965 272 2039 quod
284 1982 339 2023 nec
354 1966 420 2039 ipsa
436 1965 606 2022 necessaria
619 1968 758 2039 poterant
767 1964 910 2021 invenire.
965 1964 1041 2021 dens
1055 1979 1143 2037 equo,
1158 1962 1319 2021 abundans
1330 1962 1467 2031 rebus,et
1480 1962 1582 2020 curias
1596 1962 1719 2038 freqner

79 2057 115 2111 Et
129 2053 201 2126 quia
213 2053 391 2110 invenerunt
405 2053 515 2111 victum
530 2058 559 2110 et
577 2057 795 2124 tegumentum,
822 2051 912 2126 quale
967 2053 1022 2119 Qui
1036 2056 1137 2110 minen
1152 2056 1220 2110 ante
1231 2051 1433 2108 conversionis
1457 2051 1614 2123 habitum,
1644 2052 1719 2126 pede

79 2142 153 2199 foris
167 2142 302 2198 invenire
327 2159 390 2198 non
417 2146 565 2216 poterant,
595 2142 740 2213 erigentes
756 2141 911 2209 cervicem,
966 2146 1171 2210 consueverat,
1185 2157 1241 2199 nec
1257 2156 1376 2214 semper
1387 2140 1473 2197 lincis
1482 2140 1719 2198 induebatur.E

78 2231 238 2289 voluerunt
250 2231 356 2288 sociari
370 2230 422 2299 eis,
444 2231 483 2287 ad
498 2246 575 2303 quos
588 2230 660 2287 foris
684 2231 827 2288 accedere
849 2245 912 2287 non
966 2231 1031 2287 haec
1045 2230 1151 2288 abusio
1165 2245 1227 2287 non
1242 2234 1359 2286 tantum
1374 2228 1505 2302 claustri,
1522 2230 1577 2286 sed
1593 2232 1719 2288 etiams

80 2318 243 2386 audebant,
259 2317 313 2373 sed
327 2317 438 2388 egressi
452 2316 490 2373 de
504 2333 637 2390 paupere
651 2317 781 2374 Ecclesia
794 2316 914 2374 circuie-
967 2318 1070 2376 saeorrli
1084 2323 1182 2393 potest
1196 2319 1351 2395 appellari.

80 2410 152 2463 runt
164 2405 296 2475 ditiores,
311 2409 345 2461 ut
355 2404 468 2461 ibidem
482 2405 693 2479 reciperentur,
722 2409 751 2462 et
767 2405 820 2480 qui
838 2420 914 2462 sem·
1031 2409 1097 2464 Cir.
1109 2411 1174 2464 xlx.
1194 2409 1238 2465 De
1252 2408 1316 2465 cibo
1326 2408 1482 2481 ecquisnto.
1499 2406 1617 2463 Acasto
1629 2415 1719 2466 octar

80 2496 261 2568 perveteres
276 2509 395 2566 pannos
408 2496 461 2549 aut
474 2493 545 2550 viles
559 2492 671 2550 hahere
685 2499 913 2565 consueverant,
1003 2498 1068 2552 Non
1082 2499 1173 2567 negat
1185 2496 1288 2567 religio
1302 2496 1386 2570 quod
1400 2495 1522 2569 requirit
1535 2497 1712 2554 necessitas

80 2598 163 2640 nunc
178 2598 296 2657 semper
307 2598 403 2639 novos
416 2586 468 2640 aut
488 2582 634 2657 pretiosos
660 2583 772 2640 habere
795 2588 915 2641 conten·
967 2601 1019 2657 ree,
1033 2584 1172 2659 prohibet
1185 2589 1286 2642 tamen
1301 2585 1385 2658 quod
1400 2585 1512 2659 appetit
1534 2585 1719 2658 superfluita

80 2672 165 2740 dant,
196 2676 224 2729 et
249 2671 301 2745 qui
328 2677 396 2728 ante
423 2672 652 2729 conversionem
677 2672 821 2729 lectulum
846 2689 914 2749 pro·
967 2673 1012 2732 lae.
1026 2674 1148 2732 Causam
1161 2675 1271 2740 etenim
1287 2674 1383 2732 solent
1396 2674 1522 2750 quidam
1537 2674 1717 2745 saecrrlares,

81 2761 181 2836 prium
196 2777 348 2833 nusquam
364 2760 528 2832 habebant,
550 2777 632 2818 nunc
647 2761 672 2817 si
685 2761 759 2819 forte
774 2761 914 2819 voluntas
968 2767 1031 2820 tam
1045 2763 1170 2820 diversis
1182 2769 1211 2821 et
1225 2769 1287 2822 tam
1301 2763 1434 2822 delicatis
1458 2768 1584 2822 utuntur
1613 2764 1704 2837 cibis,

81 2850 123 2906 eis
138 2849 328 2907 fueriteundi
345 2850 458 2924 aliquo,
484 2855 663 2907 ornamenta
683 2850 782 2907 lectuli
810 2866 914 2908 secum
968 2857 1031 2910 tam
1053 2867 1167 2925 magno
1194 2853 1298 2912 labore
1320 2853 1405 2911 cibus
1429 2852 1597 2928 conficitur,
1623 2858 1654 2912 et
1667 2860 1719 2912 tan

80 2942 211 3013 portant.
225 2937 325 2994 Timeo
342 2943 452 3008 auum,
482 2954 519 2993 nc
547 2939 576 2994 in
600 2938 776 3010 hujusmodi
798 2938 913 2997 lectulis
933 2942 1139 3040 Cdeglutitur.
1155 2947 1213 3000 Nec
1228 2944 1328 3001 minus
1343 2943 1467 3000 forsitan
1481 2943 1602 3000 causari
1618 2944 1719 3002 deben

80 3027 238 3086 videantur
252 3027 370 3083 somnia
383 3026 533 3093 vanitatis,
563 3044 601 3084 ne
615 3027 647 3085 in
661 3026 774 3084 eisdem
784 3028 915 3103 patiatur
969 3031 1041 3088 dam
1054 3031 1194 3104 religiosi,
1210 3032 1263 3107 qui
1282 3031 1467 3089 delicatiores
1488 3036 1621 3106 possunt
1651 3049 1719 3107 app

83 3118 204 3176 animus
217 3118 386 3174 illusionem
400 3117 507 3172 carnis.
526 3118 606 3176 Sicut
623 3117 655 3174 in
669 3118 807 3175 exteriori
825 3118 915 3176 lectu·
970 3120 1026 3188 Qui
1047 3119 1128 3177 enim
1156 3120 1328 3178 delicatiora
1351 3125 1500 3194 quaerunt,
1529 3119 1719 3180 delicatiores

83 3207 113 3266 lo
139 3223 209 3263 caro
235 3207 363 3264 molliter
390 3208 550 3275 volutatur,
575 3207 616 3263 sic
643 3212 672 3266 et
699 3208 730 3264 in
755 3207 915 3283 voluptatis
969 3213 1105 3283 possunt.
1119 3211 1193 3268 Cum
1209 3209 1387 3280 enimlegas
1407 3210 1567 3284 deliquisse
1598 3212 1719 3268 tonath.

83 3295 192 3353 lectulo
207 3296 308 3353 anima
323 3297 450 3370 spoliata
462 3296 621 3353 virtutibus
631 3297 777 3355 enerviter
786 3297 915 3356 delecta·
969 3303 1061 3372 gustu
1088 3298 1184 3355 mellis
1209 3299 1318 3372 (flteg.
1334 3300 1404 3372 xvv).
1434 3302 1512 3357 Esau
1537 3299 1569 3356 in
1593 3300 1702 3358 edulio

85 3388 143 3442 tur.
157 3387 191 3442 ln
201 3385 309 3442 lectulo
324 3386 413 3456 igitur
439 3384 528 3441 fluxa
554 3387 663 3443 mentis
688 3386 762 3443 dum
790 3386 915 3444 dilectus
970 3388 1052 3462 (Gen.
1063 3389 1145 3460 xxv).
1162 3387 1332 3445 sodomitas
1341 3388 1373 3445 in
1381 3391 1532 3446 saturitate
1542 3388 1632 3462 panis
1644 3390 1719 3462 (Gen

84 3472 239 3546 quaeritur,
253 3489 315 3531 non
325 3474 484 3532 invenitur.
502 3479 533 3530 tn
544 3475 603 3532 hoc
613 3474 722 3532 lectulo
732 3477 811 3548 jacet
824 3492 915 3549 para·
967 3481 1096 3552 putasne
1111 3477 1175 3534 sine
1192 3476 1327 3551 periculo
1352 3493 1416 3535 esse
1440 3481 1483 3535 tot
1511 3478 1649 3535 carnium
1677 3479 1719 3536 fer

84 3562 192 3637 lyticus
206 3564 290 3621 omni
299 3579 446 3638 compage
460 3563 668 3622 membrorum
686 3564 859 3637 dissolutus,
884 3565 916 3622 id
968 3569 1012 3624 tot
1022 3566 1151 3639 piscium
1164 3567 1335 3639 generibus,
1362 3572 1405 3625 tot
1425 3568 1607 3625 frixurarum
1626 3568 1719 3626 diver

85 3656 138 3722 est,
155 3653 275 3710 animus
288 3653 416 3710 inomni
430 3654 546 3712 actione
561 3654 725 3729 dissipatus
751 3654 782 3712 in
806 3654 915 3713 lectulo
968 3656 1027 3712 bus
1041 3655 1181 3713 delectari
1191 3657 1205 3712 ‘l
1216 3660 1319 3714 Nonne
1334 3657 1376 3714 sic
1389 3657 1487 3715 differt
1510 3658 1658 3732 palatium
1690 3675 1710 3715 a

84 3741 176 3799 Jacob
191 3743 231 3799 ad
244 3747 335 3815 caput
348 3744 470 3816 ponitur
483 3743 571 3817 lapis,
587 3760 649 3801 non
663 3744 768 3818 pluma
789 3743 916 3801 levitatis
970 3745 1073 3817 ctorio,
1090 3745 1165 3802 sicut
1179 3747 1329 3820 AEgyptus
1343 3763 1362 3804 a
1374 3746 1512 3805 deserto?
1540 3746 1569 3805 Si
1594 3746 1690 3817 igitur
1714 3748 1719 3803 i

85 3846 153 3903 quae
167 3837 254 3888 vento
269 3831 416 3904 superbie
431 3833 471 3889 ad
494 3833 669 3905 aquilonem
692 3834 816 3906 rapitur,
846 3848 916 3889 cum
970 3837 1048 3891 serto
1061 3849 1177 3906 sumus,
1194 3836 1406 3894 mirandumne
1420 3841 1465 3892 est
1478 3836 1501 3891 si
1516 3835 1592 3891 ollas
1607 3835 1719 3892 carnin

85 3917 193 3974 dicitur
209 3938 215 3975 :
230 3921 345 3976 Ponam
358 3921 454 3977 sedem
466 3937 562 3978 meam
575 3922 616 3978 ad
630 3923 811 3995 aquilonem,
833 3923 916 3979 simi·
970 3922 1145 3998 spiramus?
1170 3924 1249 3982 Ollas
1264 3927 1400 3983 carnium
1428 3925 1571 3999 suspirat,
1593 3940 1690 3997 quem
1707 3941 1719 3981 c

87 4006 124 4062 lis
138 4021 188 4062 ero
202 4007 356 4064 altissimo
366 4008 448 4080 (lsai.
464 4009 534 4080 xiv).
560 4009 653 4065 Jacob
680 4009 712 4065 in
733 4010 836 4068 itinere
859 4011 916 4067 sub
970 4011 1152 4070 desiderium
1167 4018 1269 4072 tentat.
1286 4014 1332 4070 lsti
1346 4016 1446 4070 autem
1460 4027 1554 4085 quare
1569 4013 1719 4082 suspirent

86 4095 182 4169 eapite
196 4095 329 4170 lapidem
343 4097 453 4169 posuit,
467 4102 497 4154 et
514 4097 663 4168 dormivit,
691 4101 806 4158 scotum
830 4102 915 4173 cidit,
971 4101 1046 4159 ollas
1058 4101 1194 4159 carnium
1208 4118 1327 4175 semper
1339 4099 1452 4155 habent
1462 4099 1590 4155 alance
1602 4113 1682 4158 escae
1691 4104 1719 4176 (ir

85 4189 208 4259 angelos
222 4188 411 4246 ascendentes
426 4194 454 4245 et
468 4189 686 4260 descendentes,
707 4195 734 4246 ct
755 4191 916 4248 Dominam
971 4205 1073 4247 eornm
1088 4196 1175 4247 erant
1187 4192 1218 4246 in
1228 4203 1279 4245 ore
1292 4190 1434 4258 ipsorum,
1447 4191 1475 4244 et
1485 4186 1533 4242 iro
1544 4187 1598 4242 Det
1608 4202 1719 4247 oscena

85 4277 225 4335 innennm
240 4279 329 4336 scota
344 4277 427 4351 (Gen.
440 4278 552 4351 xxvru).
569 4281 601 4336 ln
612 4277 715 4336 itinere
730 4278 849 4349 dormit,
864 4280 918 4354 qui
967 4293 1085 4349 nereos
1099 4278 1193 4344 (Psct.
1209 4275 1327 4346 auur).
1341 4275 1419 4332 Esco
1432 4274 1514 4332 enim
1533 4278 1642 4350 centri,
1661 4286 1719 4336 etr

85 4365 116 4421 in
131 4367 258 4424 transitu
271 4366 337 4424 vitea
351 4367 506 4440 praesentis
521 4366 624 4423 oculos
639 4368 727 4440 (quos
739 4368 779 4428 ad
805 4384 915 4426 conen·
970 4368 1043 4424 cacas
1055 4378 1068 4438 ;
1080 4366 1159 4421 Deus
1168 4369 1267 4421 antem
1282 4369 1309 4422 et
1324 4365 1405 4421 nnnc
1420 4370 1447 4421 et
1463 4366 1518 4422 bas
1532 4366 1666 4422 destruet
1694 4370 1719 4440 (l

84 4455 264 4528 piscandum
292 4456 460 4529 aperuerat)
485 4456 524 4513 ab
561 4457 695 4528 appetitu
728 4458 916 4515 secularium
969 4455 1017 4527 vr).
1035 4454 1148 4511 Occidit
1162 4454 1244 4510 enim
1255 4455 1381 4526 pingues
1395 4469 1508 4523 eorum,
1533 4461 1561 4512 et
1583 4457 1719 4513 electori

86 4541 207 4598 claudit.
229 4542 312 4599 Videt
339 4542 473 4614 angelos,
487 4549 602 4617 quanto
615 4544 763 4603 desiderio
779 4563 870 4622 super
885 4564 916 4605 se
969 4543 1122 4616 impedivit
1138 4543 1242 4616 (ibid),
1254 4550 1282 4601 et
1296 4559 1424 4616 quorum
1438 4546 1517 4602 Dens
1528 4551 1630 4601 center
1642 4552 1719 4618 est,e

85 4632 146 4688 fleo
180 4631 357 4703 inhaereant,
394 4637 509 4705 quanto
540 4633 693 4690 charitatis
723 4635 832 4693 affectu
860 4652 915 4693 no·
969 4636 1018 4692 n'n
1032 4635 1064 4690 in
1079 4635 1253 4705 confusione
1265 4649 1367 4691 eorum
1381 4635 1507 4707 (Philip.
1520 4636 1571 4706 ιιι),
1597 4636 1653 4691 Per
1669 4636 1719 4693 sin

88 4719 135 4777 bis
162 4721 288 4778 infirmis
314 4721 567 4781 condescendant.
597 4723 681 4781 Videt
702 4725 792 4783 edam
815 4726 917 4783 Domi-
970 4724 1073 4782 dinem
1085 4739 1165 4797 saepe
1177 4723 1328 4796 Scriptura
1338 4722 1480 4796 loquitur,
1497 4728 1529 4780 ut
1539 4723 1623 4797 quod
1647 4723 1682 4781 in
1709 4742 1719 4782 ι

86 4825 160 4867 num
173 4810 311 4867 innixum
326 4811 421 4881 scala,
447 4817 481 4868 nt
504 4813 613 4886 videat,
635 4815 662 4870 n'
681 4819 723 4871 est
745 4815 917 4888 intelligens
971 4830 1033 4888 qua
1046 4812 1175 4871 discerni
1190 4827 1253 4869 non
1266 4816 1375 4886 potest,
1390 4812 1421 4869 in
1435 4812 1582 4870 consimili
1603 4812 1719 4871 diseern

85 4905 138 4967 aut
154 4901 308 4972 requirens
320 4902 414 4958 Deum
429 4901 523 4973 (Paul.
539 4902 611 4975 mn).
628 4907 685 4959 Nec
700 4902 812 4961 mirum
822 4904 847 4961 si
858 4905 916 4962 hoc
971 4904 1027 4961 Per
1040 4900 1264 4959 similitudinem
1274 4903 1334 4958 fleo
1344 4904 1446 4959 venter
1460 4907 1664 4977 comparatur,
1676 4920 1719 4960 cn

84 4989 194 5054 videat,
209 4989 262 5062 qui
273 4996 363 5065 caput
376 4990 408 5046 in
422 4990 522 5062 lapide
535 4991 646 5065 posuit,
661 4992 760 5062 idest,
785 4998 917 5051 mentem
971 4993 1069 5051 citur:
1086 4991 1217 5059 Quorum
1232 4993 1312 5049 Dens
1324 4997 1489 5063 venterest,
1503 4998 1531 5049 et
1541 4994 1642 5064 cloria
1655 5009 1719 5052 eom

85 5078 116 5135 in
131 5078 255 5137 Christo.
269 5079 398 5135 Audistis
411 5080 448 5135 de
462 5079 580 5151 lectulo,
595 5081 695 5139 audite
708 5081 745 5138 de
758 5082 917 5139 vestimen·
971 5079 1351 5152 confusionesolentcnim
1362 5079 1419 5136 diis
1429 5081 1540 5154 templa
1553 5083 1719 5155 construi,a

85 5171 116 5226 to
143 5188 150 5225 ι
179 5171 214 5225 lit
235 5167 342 5237 induit,
371 5168 478 5243 inquit,
507 5186 577 5228 eum
599 5174 694 5228 mater
717 5171 917 5229 suavestibus
971 5170 1054 5242 erigi,
1067 5168 1194 5226 ministri
1209 5168 1249 5226 ad
1271 5169 1463 5226 serviendum
1487 5169 1630 5241 ordinari,
1654 5170 1719 5229 imn

86 5260 163 5315 Esau
187 5258 275 5315 valde
301 5256 399 5326 bonis,
425 5275 501 5332 quas
521 5260 603 5333 apud
629 5275 660 5316 se
684 5259 817 5317 habebat
831 5260 915 5333 (Gen.
971 5258 1113 5332 pecudes,
1130 5259 1220 5316 thura
1232 5259 1426 5316 concremari.
1452 5261 1511 5315 Deo
1537 5259 1692 5332 siquidem
1713 5278 1719 5298 ι

83 5349 184 5415 xxviv).
201 5347 333 5406 forsitan
348 5364 417 5405 cum
432 5347 529 5414 audis,
544 5348 629 5424 quod
641 5347 738 5403 induit
764 5363 835 5405 eum
853 5364 918 5404 ma·
971 5347 1120 5421 templum
1133 5352 1177 5405 est
1187 5348 1327 5422 coquina,
1344 5347 1435 5405 altare
1447 5348 1719 5410 mensaministric

86 5438 130 5490 ter
153 5452 208 5492 sua
231 5436 361 5492 vestibus
382 5435 469 5492 valde
497 5434 595 5506 bonis,
622 5434 754 5492 similiter
779 5436 916 5509 pretiosis
970 5437 1133 5495 immolatur
1150 5439 1293 5514 pecudes,
1310 5441 1401 5495 coctae
1417 5453 1532 5508 carnes,
1547 5437 1651 5495 fumus
1668 5439 1719 5498 inc

85 5524 185 5579 vestiri
210 5525 330 5598 quaeris,
355 5525 429 5582 dum
451 5523 524 5593 legis
548 5523 681 5581 tunicam
695 5526 805 5599 loseph
823 5525 916 5583 fuisse
970 5528 1127 5599 rum,odor
1135 5544 1288 5601 saporum.
1300 5531 1365 5584 Haec
1380 5527 1579 5585 inlerusalem
1594 5543 1658 5585 non
1673 5545 1720 5588 cor

87 5610 343 5685 talarem,conaris
357 5617 387 5671 et
398 5616 431 5671 tn
442 5612 553 5671 habere
567 5613 793 5687 longioremdn
806 5615 914 5687 nescis,
970 5616 1165 5689 untur‚sedin
1175 5614 1410 5691 babylonaquia
1420 5618 1719 5690 qaorcmoecscent
