3742 6082
107 184 159 242 511

409 166 588 226 HUGONIS
606 167 660 224 bu
678 166 708 223 S.
728 160 900 220 VICTORE
919 158 1002 215 OPP.
1023 160 1123 220 PARS
1143 160 1181 219 Π.
1207 188 1243 202 -
1267 156 1512 216 DOGMATICA.

1764 155 1819 214 512

109 301 288 368 ror.Quarto
300 288 756 367 graduveniuntsupraabavus
767 283 929 352 etabavia;
946 280 972 336 Α
987 282 1116 340 diuntur
1130 283 1181 340 isti
1197 283 1372 339 ramusculi.
1390 283 1492 354 Nepos
1508 279 1663 352 atneptis,
1678 277 1799 351 primus
1808 290 1817 344 3

109 391 192 447 infra
206 388 342 457 abnepos
356 386 385 438 et
402 380 551 450 abneptis.
569 378 615 431 Ex
637 374 762 444 obliquo
787 371 891 425 fratris
907 373 937 425 st

110 477 223 535 sororis
236 488 331 545 nepos
346 474 375 526 et
388 469 488 540 neptis
500 482 507 532 3
524 465 618 518 frater
630 459 788 532 patruolis,
805 462 834 513 et
850 473 936 513 soror

109 565 266 641 patruelis,
282 562 373 616 idest
394 555 497 628 patrui
510 552 591 607 filius
606 549 654 605 vel
676 548 749 604 tilia.
772 546 935 603 Consobri-

111 672 180 723 nus,
193 649 384 712 consobrina,
400 644 431 698 id
447 645 490 697 est
511 638 656 694 avunculi
671 641 700 692 et
720 635 938 691 1111111111-

109 747 171 801 lius
184 740 316 797 11111111.
331 734 498 800 amitinae,
515 730 654 798 amitina,
677 727 709 782 id
727 730 773 782 est
788 724 934 780 111111111-

110 833 170 889 lius
182 827 310 884 vellitis.
326 824 463 892 Itemque
476 818 651 874 consobrini
662 819 736 871 sunt
751 815 803 886 qui
816 831 852 869 ex
865 813 936 868 dua·

109 921 168 976 bus
183 913 340 972 sororibus
351 912 529 966 nascuntur.
547 905 666 971 Quibus
680 904 823 960 accrescit
835 905 937 974 patru-

108 1024 146 1063 us
160 1017 301 1076 magnus,
315 1000 411 1055 amita
425 1011 548 1066 magna,
564 994 656 1049 idest
671 992 720 1048 avi
736 990 856 1064 paterni
873 990 933 1044 fra-

109 1099 156 1151 ter
167 1096 197 1149 et
209 1106 296 1148 soror
311 1106 319 1159 3
342 1084 514 1142 avunculus
534 1097 676 1153 magnus,
693 1084 857 1136 matertera
871 1092 934 1133 ma-

109 1199 181 1256 gna,
195 1181 227 1237 id
249 1183 295 1237 est
317 1177 393 1233 aviae
416 1179 479 1230 tam
502 1176 637 1244 paternae
663 1183 758 1241 quam
788 1170 935 1221 maternae

108 1274 203 1328 irater
217 1273 247 1325 et
259 1282 352 1324 soror.
367 1264 480 1328 Quinto
499 1259 596 1331 gradu
607 1258 737 1314 veniunt
756 1254 930 1327 11111111-

109 1361 178 1416 dem
193 1363 313 1423 atavus,
331 1353 442 1409 atavia.
456 1350 542 1405 Infra
559 1347 704 1419 adnepos,
722 1344 871 1417 adneptis.
889 1342 936 1396 Ex

111 1447 235 1518 obliquo
258 1443 363 1498 1111111
381 1445 411 1495 11
433 1437 547 1493 sororis
568 1450 730 1507 pronepos,
755 1430 913 1504 proneptis
925 1447 934 1499 3

110 1534 215 1592 fratris
229 1521 811 1604 patruelis,sororispatruelis,amittini
827 1519 936 1576 111111-

990 388 1141 444 pronepos
1153 377 1183 429 et
1195 373 1364 445 proneptis,
1376 369 1528 426 secundus
1542 385 1550 436 3
1567 369 1703 439 abnepos
1719 369 1750 422 et
1765 365 1818 420 ab·

991 462 1103 533 neptis,
1118 462 1250 530 tertius3
1277 461 1411 532 adnepos
1436 463 1465 514 et
1488 456 1641 528 adneptis,
1665 458 1819 528 quartus3

990 551 1126 621 trinepos
1138 554 1168 606 et
1183 549 1337 620 trineptis,
1346 549 1474 619 quintus
1486 563 1494 616 3
1508 544 1669 617 trinepotis
1684 557 1780 615 nepos
1792 544 1821 596 et

990 639 1143 711 trineptis,
1160 638 1260 711 neptis
1275 639 1389 692 sextus.

1006 742 1141 806 Quomodo
1157 747 1219 793 suut
1234 739 1410 803 computandi
1423 736 1675 802 consanguinitatis
1689 734 1804 801 prodar.

1024 823 1190 894 Gregorius
1213 838 1293 895 papa
1315 822 1375 878 Vl:
1399 821 1578 891 Progeniem
1603 834 1692 874 suam
1707 832 1819 872 unum-

990 927 1143 983 quemque
1158 911 1197 966 ad
1212 912 1373 983 septimam
1389 909 1550 964 observare
1565 906 1758 962 decrevimus
1769 920 1817 976 ge-

990 1000 1180 1055 nerationem
1194 1015 1202 1068 3
1218 1003 1248 1054 et
1268 998 1406 1071 quandiu
1423 1013 1454 1052 se
1476 999 1648 1068 agnoscunt
1671 994 1818 1049 affinitate

989 1087 1179 1160 propinquos
1192 1086 1231 1142 ad
1245 1085 1436 1158 conjugalem
1459 1084 1599 1156 copulam
1616 1081 1760 1138 accedere
1773 1081 1819 1137 de·

990 1191 1148 1247 negamus.
1165 1173 1252 1240 Quod
1267 1175 1292 1230 11
1307 1175 1450 1242 fecerent,
1467 1175 1657 1245 separentur.

1025 1263 1198 1320 Alexander
1208 1263 1379 1335 episcopus,
1395 1277 1502 1317 servus
1518 1275 1676 1317 servorum
1688 1259 1820 1329 Dei‚om·

990 1352 1082 1408 nibus
1094 1351 1244 1424 episcopis
1255 1355 1284 1407 et
1296 1351 1424 1417 clericis,
1440 1365 1494 1405 nce
1509 1365 1571 1405 non
1590 1349 1748 1421 judicibus
1763 1362 1817 1421 per

990 1439 1112 1496 Italiam
1148 1440 1349 1509 constitutis,
1389 1439 1519 1495 salutem
1557 1442 1586 1494 et
1622 1436 1822 1509 apostolicam

989 1528 1241 1584 benedictionem.
1266 1527 1313 1582 Ad
1343 1526 1444 1582 sedem
1473 1525 1673 1598 apostolicam
1699 1524 1817 1597 perlata

110 1625 203 1691 tinae3
220 1618 395 1677 consobrini
421 1620 450 1671 et
471 1613 661 1670 consobrina
683 1610 765 1665 filius
788 1609 837 1664 vel
860 1608 932 1662 filia.
949 1620 1033 1676 gest
1057 1617 1186 1689 quaegtio
1215 1617 1335 1672 noviter
1360 1620 1466 1672 exorta
1497 1616 1533 1670 de
1567 1614 1714 1685 gradibus
1748 1629 1817 1670 oon-

110 1709 383 1773 Proconsobrinus,
399 1699 683 1776 proconsobrina,id
698 1703 744 1753 est
758 1698 935 1769 patruima·

110 1801 174 1872 gni,
188 1799 290 1854 amitae
304 1809 424 1864 magna>
432 1808 440 1861 3
466 1789 611 1847 avunculi
633 1786 749 1857 magni,
762 1789 936 1840 materterae

109 1904 228 1960 magnae
245 1886 327 1942 filius
338 1882 387 1939 vel
401 1882 472 1937 iiiia.
498 1879 618 1945 Quibus
632 1880 808 1933 accrescunt
824 1890 934 1948 propa·

111 1981 200 2033 truus
214 1979 244 2031 et
256 1972 418 2047 proamita,
433 1970 466 2025 hi
482 1972 554 2024 sunt
573 1967 680 2039 proavi
701 1965 822 2037 paterni
843 1964 938 2019 irater

110 2070 141 2123 et
163 2079 248 2121 soror
265 2079 274 2132 3
291 2057 530 2135 proavunculus,
554 2057 785 2129 promatertera,
807 2052 840 2108 hi
864 2053 938 2108 sunt

110 2153 244 2228 proaviae
263 2154 397 2223 paternas
423 2150 632 2215 maternaeque
653 2143 747 2198 irater
771 2145 801 2197 et
831 2155 934 2195 soror:

110 2241 279 2315 proavique
292 2237 433 2292 materni.
451 2234 524 2289 Haec
537 2233 651 2304 species
667 2246 721 2286 nec
744 2230 813 2286 aliis
837 2228 935 2299 gradi·

110 2331 170 2385 bus
182 2343 275 2401 quarn
296 2325 410 2396 scripta
424 2325 470 2378 est
482 2337 490 2388 3
515 2336 570 2375 nee
585 2319 654 2374 aliis
668 2318 826 2375 vocabulis
839 2316 935 2371 decla·

111 2417 173 2474 rari
185 2417 295 2488 potest.
309 2413 401 2468 Sexto
413 2410 509 2482 gradu
531 2409 660 2463 veniunt
679 2421 771 2478 supra
793 2405 935 2472 tritavus,

38 2560 42 2568 ,
111 2504 245 2562 tritavia.
264 2501 359 2568 Infra,
376 2495 727 2570 trinepos,trineptis.llx
744 2493 869 2565 obliquo
881 2493 937 2547 ira·

111 2594 168 2649 tris
180 2597 210 2649 11
222 2590 334 2647 sororis
350 2588 495 2658 abnepos,
511 2584 672 2656 abneptis,
695 2583 800 2638 fratris
815 2586 935 2654 patrue·

111 2681 160 2751 lis,
181 2679 293 2736 sororis
308 2675 465 2751 patruelis,
480 2673 602 2729 amitini
611 2672 747 2727 amitinae
761 2688 769 2740 3
782 2670 935 2726 consobri-

111 2771 155 2840 ni,
167 2767 357 2825 consobrinae
370 2781 378 2834 3
391 2779 486 2835 nepos
501 2761 602 2833 neptis
612 2777 620 2830 3
632 2760 735 2832 patrui
748 2758 938 2830 magni,ami-

111 2861 151 2916 tae
164 2871 303 2927 magnae,
328 2851 473 2908 avunculi
489 2849 604 2921 magni,
626 2851 798 2904 matertera
816 2861 937 2917 rnagnae

990 1705 1229 1776 sanguinitatis3
1246 1704 1533 1776 quoniamquidem
1553 1703 1656 1774 legum
1672 1705 1702 1759 et
1726 1717 1818 1759 cano·

991 1809 1065 1849 uum
1078 1793 1213 1866 imperiti
1229 1793 1416 1848 exismantes
1431 1792 1551 1848 eosdem
1575 1791 1819 1864 propinquitatis

990 1881 1104 1953 gradus
1126 1886 1348 1938 contrasacros
1368 1897 1499 1937 1110111
1525 1884 1555 1937 11
1578 1879 1818 1936 ecclesiasticum

990 1986 1105 2026 morem
1118 1985 1277 2026 numerare
1292 1971 1453 2039 nituntur3
1468 1985 1546 2026 novo
1565 1973 1595 2025 et
1615 1968 1758 2024 inaudito
1771 1984 1816 2023 er-

991 2074 1057 2114 rore
1072 2059 1267 2127 affirmantes,
1283 2059 1365 2130 quod
1389 2058 1527 2129 germani
1540 2058 1652 2114 fratres
1666 2056 1717 2113 vel
1731 2071 1814 2113 soro-

990 2162 1038 2202 res
1052 2147 1133 2203 inter
1148 2162 1180 2202 se
1192 2148 1255 2202 sint
1269 2148 1302 2202 in
1317 2147 1451 2202 secunda
1469 2147 1673 2217 generatione,
1688 2144 1746 2200 11111
1770 2159 1817 2200 eo·

990 2251 1059 2290 rum
1073 2235 1121 2290 vel
1135 2235 1205 2290 filiae
1219 2236 1252 2290 in
1270 2239 1381 2307 quarta
1400 2250 1408 2304 3
1435 2238 1561 2306 nepotes
1585 2232 1635 2289 vel
1649 2236 1757 2305 neptes
1770 2246 1819 2287 eo·

990 2339 1059 2378 rum
1072 2324 1105 2378 in
1120 2327 1225 2379 sexta:
1244 2323 1359 2395 talique
1380 2323 1470 2379 modo
1494 2322 1669 2395 progeniem
1694 2336 1820 2392 eompu-

990 2414 1092 2467 tantes
1107 2415 1137 2467 et
1151 2412 1312 2482 ejusmodi,
1329 2416 1416 2467 11110
1442 2426 1508 2467 eam
1533 2411 1629 2481 gradu
1650 2410 1819 2465 terminan-

991 2503 1046 2555 tes.
1063 2500 1178 2556 Dicunt
1197 2499 1339 2571 deinceps
1360 2501 1443 2554 viros
1467 2515 1501 2554 11
1525 2498 1668 2554 mulieres
1682 2498 1764 2554 inter
1787 2513 1821 2553 se

991 2603 1079 2660 posse
1092 2588 1243 2661 nuptialia
1255 2589 1326 2659 jura
1340 2588 1529 2657 contrahere,
1544 2591 1573 2643 et
1587 2586 1625 2642 ad
1639 2586 1821 2658 hujusmodi

989 2677 1153 2748 profanum
1168 2692 1299 2732 errorem
1315 2676 1560 2732 confirmandum
1581 2676 1615 2730 in
1636 2677 1820 2746 argumento

991 2768 1155 2820 assumunt
1169 2765 1329 2820 seaculares
1350 2764 1432 2835 leges
1446 2779 1524 2836 quas
1538 2764 1556 2819 J
1559 2764 1735 2819 ustinianus
1760 2763 1818 2819 im·

991 2857 1116 2924 perator
1129 2853 1337 2926 promulgavit
1364 2853 1400 2908 de
1420 2853 1666 2909 successionibus
1689 2867 1818 2907 consan-

111 2962 206 3020 nepos
221 2945 331 3016 neptis,
348 2941 499 3014 propioris
514 2937 689 2996 consobrini
706 2934 971 3018 111111111’13111113,(]Ι
991 2941 1182 3010 guineorum,
1199 2941 1312 3013 quibus
1333 2942 1439 2997 confisi
1456 2941 1615 2997 ostendere
1635 2939 1817 3009 moliuntur,

111 3036 165 3109 qui
179 3031 354 3091 consobrini
369 3029 572 3102 appellantur.
587 3027 706 3091 Quibus
721 3023 868 3081 exlatere
886 3038 933 3078 ac·

109 3125 258 3190 crescunt,
272 3118 431 3192 propatrui
444 3115 603 3189 proamitae
618 3131 625 3183 ;
640 3111 854 3186 proavunculi,
871 3127 935 3184 pro

108 3213 280 3267 materterae
292 3207 374 3262 tilius
388 3204 437 3260 vel
446 3205 528 3260 filia:
545 3204 725 3274 abpatruus,
741 3201 887 3269 abamita,
902 3199 935 3254 hi

111 3301 184 3354 sunt
198 3296 289 3351 abavi
303 3293 423 3366 paterni
437 3292 570 3347 irateret
591 3305 693 3358 soror3
711 3286 934 3356 abavunculus,

111 3386 326 3450 abmatertera,
343 3381 375 3436 bi
391 3382 465 3435 sunt
481 3378 598 3433 abaviae
618 3381 754 3450 paternae
775 3380 934 3431 11111111-

111 3490 181 3549 que,
195 3473 289 3528 trater·
304 3474 334 3525 et
348 3484 444 3538 10101,
456 3465 608 3537 abavique
620 3464 762 3520 materni.
777 3463 850 3520 Haec
865 3479 936 3534 quo

111 3576 171 3635 que
194 3557 351 3632 explanari
371 3555 503 3628 amplius
534 3569 596 3609 non
620 3555 730 3626 potest,
755 3567 849 3623 quam
870 3551 936 3622 ipse

112 3654 218 3707 auctor
232 3645 387 3704 disseruit.
403 3643 540 3716 Septimo
554 3641 651 3713 gradu
668 3641 721 3712 qui
737 3643 811 3695 sunt
825 3654 933 3710 cogna-

65 3765 67 3768 ·
111 3741 135 3797 ti
145 3743 227 3796 recta
239 3736 321 3793 linea
335 3749 428 3807 supra
448 3732 591 3803 infraque
610 3729 742 3803 propriis
757 3728 935 3785 nominibus

112 3844 175 3884 non
188 3825 383 3898 appellantur
391 3839 400 3891 3
415 3821 467 3877 sed
487 3836 524 3876 ex
549 3823 724 3875 transversa
742 3817 825 3873 linea
840 3816 934 3871 eonti-

110 3919 233 3978 nentur,
251 3913 367 3978 fratris‚
392 3910 505 3964 sororis
521 3911 648 3979 atnepos
664 3907 798 3976 atneptis
808 3922 817 3974 3
829 3919 935 3960 conso·

109 4004 192 4061 brini
203 4002 342 4071 filiaeque.
354 3997 560 4052 Successionis
568 3995 680 4050 idcirco
693 3993 806 4064 gradus
819 3996 935 4065 septem

109 4089 269 4149 constituti
283 4089 366 4154 suut,
381 4085 453 4157 quia
464 4083 592 4139 ulterius
607 4097 660 4153 per
672 4084 816 4136 naturam
832 4095 934 4135 rerum

989 3030 1101 3084 iratres
1115 3030 1147 3085 in
1172 3030 1305 3086 seeundo
1331 3030 1428 3100 gradu
1444 3045 1508 3085 esse
1534 3033 1721 3097 numeratos,
1736 3028 1819 3084 tilios

989 3133 1094 3173 eorum
1109 3119 1142 3173 in
1157 3123 1279 3190 quarto,
1295 3122 1420 3190 nepotes
1433 3119 1465 3173 in
1480 3117 1628 3175 sexto.Sic
1640 3119 1750 3174 seriem
1765 3131 1814 3186 go·

989 3206 1136 3277 nealogise
1151 3208 1362 3276 terminantes,
1379 3208 1623 3263 numerationem
1639 3210 1817 3262 sanctorum

989 3293 1114 3349 Petrum
1129 3297 1159 3349 et
1173 3295 1333 3366 antiquam
1348 3294 1488 3351 Ecclesia
1498 3295 1758 3367 computationem
1768 3308 1817 3348 us·

989 3396 1048 3453 que
1063 3380 1103 3436 ad
1117 3396 1173 3437 nos
1187 3382 1374 3454 perductam,
1391 3397 1533 3453 perversa
1547 3381 1682 3455 quadmn
1698 3380 1816 3437 eallidi-

989 3472 1052 3525 tate
1066 3469 1239 3525 disturbare
1253 3470 1406 3526 nituntur.
1430 3470 1495 3527 Nos
1515 3486 1587 3526 vero
1602 3470 1666 3526 Deo
1681 3472 1819 3525 annente

989 3556 1069 3613 banc
1084 3558 1285 3628 quaestionem
1296 3559 1446 3615 discutere
1459 3559 1634 3614 curavimus
1647 3558 1681 3612 in
1695 3557 1821 3627 synodo

989 3644 1097 3700 habita
1110 3645 1142 3700 in
1159 3645 1358 3703 Lateranensi
1373 3646 1570 3714 consistorio,
1585 3645 1761 3700 convocatis
1777 3645 1821 3701 ad

989 3734 1135 3806 hocopus
1149 3736 1298 3808 episcopis
1311 3741 1341 3791 et
1356 3736 1472 3792 clericis
1486 3737 1577 3805 atque
1589 3732 1748 3804 judicibus
1767 3733 1816 3787 di·

988 3838 1147 3878 versarum
1162 3823 1400 3896 provinciarum.
1423 3822 1561 3895 Denique
1585 3820 1637 3877 diu
1656 3820 1824 3876 ventilatis

986 3911 1106 3982 legibus
1121 3916 1151 3967 et
1166 3913 1260 3967 sacris
1275 3914 1455 3980 canonibus,
1472 3911 1615 3967 distinete
1636 3908 1818 3964 invenimus

989 4000 1027 4054 ob
1043 4000 1135 4055 aliam
1148 4004 1241 4072 atque
1256 4001 1347 4056 aliam
1363 4016 1487 4057 eausam
1502 3999 1629 4055 alteram
1642 3997 1756 4067 legum,
1774 3995 1819 4051 al-

988 4089 1085 4142 teram
1101 4103 1252 4143 canonum
1265 4089 1330 4143 fieri
1349 4087 1618 4160 computationem.
1636 4085 1671 4141 ln
1694 4083 1820 4154 legibus

108 4195 164 4235 nec
178 4177 303 4234 nomina
315 4173 457 4242 inveniri,
475 4171 608 4227 1111111
623 4168 856 4224 succedentibus
870 4184 936 4240 pro·
989 4176 1139 4247 siquidem
1156 4176 1195 4231 ob
1211 4176 1288 4232 nihii
1296 4177 1381 4233 aliud
1388 4177 1527 4248 ipsorum
1535 4174 1686 4246 graduum
1699 4173 1820 4228 mentio

108 4267 209 4340 rogari
219 4269 329 4339 potest.
347 4264 382 4318 In
396 4261 436 4316 iis
448 4263 564 4332 septem
579 4257 726 4328 gradibus
749 4256 852 4311 omnia
866 4271 933 4327 pro·
988 4264 1069 4319 iacta
1084 4267 1139 4334 est,
1152 4265 1211 4319 nisi
1226 4269 1261 4319 ut
1277 4264 1439 4320 haereditas
1453 4265 1501 4320 vel
1515 4262 1665 4319 successio
1690 4260 1728 4315 ab
1750 4276 1819 4315 una

108 4354 375 4430 propinquitatum
393 4349 518 4404 nomina
536 4346 732 4402 eontinentur
756 4344 837 4399 ultra
857 4360 935 4416 quos
990 4352 1028 4407 ad
1042 4352 1168 4408 alteram
1180 4368 1342 4424 personam
1351 4355 1431 4409 inter
1441 4352 1684 4423 consanguineos
1698 4349 1817 4404 delera-

109 4461 165 4501 nee
180 4443 313 4497 affinitas
325 4437 519 4493 invenirineo
529 4434 679 4490 successio
690 4437 792 4506 potest
802 4433 933 4506 amplius
989 4443 1049 4495 tur.
1065 4440 1132 4495 Hac
1158 4441 1254 4512 igitur
1283 4442 1319 4497 de
1346 4457 1438 4498 causa
1467 4440 1541 4512 quia
1555 4438 1749 4495 haereditates
1763 4452 1817 4492 ne·

110 4529 283 4605 propagari.
987 4533 1105 4598 queunt
1119 4530 1229 4584 deferri
1246 4531 1306 4585 1111
1319 4531 1355 4586 de
1369 4546 1431 4585 una
1446 4528 1485 4583 ad
1498 4528 1626 4584 alteram
1636 4541 1816 4598 personam,

111 4625 217 4683 Quare
232 4628 334 4685 usque
362 4615 406 4667 ad
433 4617 563 4666 sextum
579 4612 721 4679 pradum
737 4612 930 4681 cousaupui-
986 4612 1054 4669 ideo
1068 4615 1187 4671 curavit
1202 4617 1356 4673 saecularis
1371 4617 1538 4688 imperator
1553 4615 1586 4669 in
1601 4610 1732 4683 singulis
1746 4628 1817 4684 per-

372 4703 461 4756 uitus
477 4701 672 4755 custoditur.

142 4791 401 4863 consanguinitas
416 4790 489 4844 dum
505 4804 537 4843 se
550 4787 699 4860 paulatim
724 4787 930 4860 propaginum

106 4883 266 4943 ordinibus
280 4879 425 4935 dirimens
449 4892 547 4948 usque
570 4877 608 4930 ad
630 4876 774 4931 ultimum
803 4875 930 4945 gradum

104 4970 301 5037 subtraxerit,
322 4971 352 5023 et
374 4965 590 5038 propinquitas
614 4979 680 5019 esse
701 4964 836 5033 desierit,
865 4979 930 5019 eam

104 5077 211 5120 rursus
225 5059 275 5114 lex
296 5054 485 5111 matrimonii
511 5052 634 5108 vinculo
660 5053 784 5123 repetit,
814 5055 844 5107 et
858 5067 932 5123 quo·

104 5147 266 5209 dammodo
288 5147 410 5200 revocat
432 5143 611 5213 lugientem.
629 5140 700 5195 Ideo
715 5143 817 5195 autem
834 5155 930 5210 usque

103 5242 141 5298 ad
156 5241 276 5294 sextum
292 5233 411 5304 generis
425 5230 552 5302 gradum
570 5227 825 5297 consanguinitas
848 5242 931 5281 cons-

102 5332 196 5387 tituta
209 5330 264 5393 est,
279 5327 314 5377 ut
328 5322 406 5376 sicut
418 5335 471 5374 sex
485 5318 630 5374 aetatibus
643 5314 752 5370 mundi
767 5316 927 5385 generatio

103 5423 134 5476 et
147 5414 282 5473 hominis
298 5413 398 5465 status
414 5408 532 5475 linitur,
555 5407 600 5460 ita
612 5403 828 5476 propinquitas
840 5418 928 5472 gene-

103 5506 203 5561 ristot
217 5499 363 5572 gradibus
380 5494 560 5550 terminetur
584 5491 641 5546 hoe
656 5489 756 5544 modo.
780 5487 877 5543 Filius
900 5493 930 5544 et

103 5591 177 5658 filia,
192 5587 275 5660 quod
290 5590 336 5641 est
350 5584 444 5639 irater
457 5583 488 5636 et
501 5593 597 5647 soror,
613 5576 654 5632 sit
667 5577 733 5648 ipse
749 5576 930 5633 111101111-

104 5677 145 5735 lis
159 5689 297 5731 seorsum
312 5670 509 5744 sejunctam
521 5665 621 5736 radice
633 5664 718 5725 illius
734 5667 835 5725 trunci
849 5682 928 5742 egre

987 4702 1070 4757 sonis
1085 4704 1223 4774 singulos
1238 4705 1393 4776 praefigere
1407 4703 1531 4775 gradus.
1557 4700 1635 4767 Quia
1650 4715 1721 4756 vero
1735 4716 1816 4773 nup·

986 4790 1037 4845 111
1056 4806 1118 4846 101
1138 4792 1241 4848 valent
1259 4793 1325 4848 fleri
1349 4793 1415 4848 sine
1439 4793 1560 4848 duabus
1582 4789 1730 4862 personis,
1746 4788 1818 4845 ideo

986 4879 1063 4932 sacri
1078 4894 1210 4935 canones
1221 4880 1299 4936 duas
1310 4881 1342 4936 11
1356 4896 1418 4936 110
1431 4880 1528 4951 gradu
1540 4878 1734 4934 constituunt
1750 4891 1816 4948 per·

986 4981 1087 5021 sonas.
1112 4967 1281 5040 Utramque
1304 4974 1407 5024 tamen
1435 4967 1694 5041 computationem
1719 4965 1746 5019 si
1771 4968 1818 5020 st·

986 5056 1068 5109 tonte
1081 5069 1116 5109 ao
1130 5055 1283 5111 subtiliter
1298 5057 1392 5112 inerit
1412 5060 1571 5128 perspecta
1584 5054 1664 5109 idem
1681 5053 1817 5108 sensisse

986 5146 1016 5197 et
1029 5143 1133 5199 eadem
1147 5160 1211 5200 esse
1225 5146 1258 5200 in
1274 5146 1427 5202 sententia
1441 5150 1534 5217 atque
1546 5143 1584 5199 ad
1600 5141 1741 5198 eumdem
1758 5144 1817 5196 ter·

985 5230 1103 5285 minum
1119 5234 1280 5288 convenire
1299 5234 1499 5289 manifestum
1525 5231 1591 5287 erit.
1616 5227 1822 5285 11111111111

985 5333 1117 5390 namque
1134 5336 1231 5392 usque
1245 5322 1284 5377 ad
1299 5338 1390 5394 quem
1406 5320 1536 5393 gradum
1560 5317 1818 5388 consanguinitas

984 5405 1052 5477 ipsa
1065 5408 1209 5478 perduret
1223 5410 1256 5464 in
1268 5411 1333 5465 suis
1348 5410 1469 5480 legibus
1482 5424 1544 5464 non
1557 5406 1705 5468 definivit.
1719 5403 1819 5461 Cano

984 5509 1038 5549 nes
1052 5511 1123 5551 vero
1137 5496 1219 5552 ultra
1231 5503 1346 5570 septem
1368 5498 1485 5553 nullam
1500 5508 1700 5552 numeravere
1723 5508 1817 5564 geue-

983 5582 1143 5640 rationem.
1159 5584 1251 5642 Sexto
1266 5584 1379 5660 quippe
1390 5582 1487 5656 gradu
1504 5581 1708 5641 determinato
1723 5581 1757 5637 iu
1772 5583 1817 5654 ip·

984 5671 1027 5736 111
1046 5670 1167 5747 legibus
1191 5674 1356 5734 subintulit
1379 5675 1555 5748 imperator.
1583 5672 1742 5732 Hactenus
1770 5687 1818 5730 os·
