3742 6082
75 184 111 241 n
331 137 333 143 ¹
377 175 555 235 ausonis
573 175 627 236 ιι
645 175 675 234 ι.
697 128 867 233 ιιιιοιι
885 175 969 232 ιιι.
990 176 1090 234 anas
1109 177 1148 235 ιι.
1163 207 1200 221 -
1216 176 1458 235 eoeneum.
1744 177 1782 234 ιι

76 323 140 365 non
154 311 219 364 erat
230 305 375 364 revelatio
393 306 475 361 iacta
488 305 546 361 hoo
565 305 689 377 penitus
703 302 896 373 ignorabant.
913 300 939 354 Α
955 315 1016 356 non
1036 304 1081 356 est
1093 301 1120 356 ei
1134 301 1211 358 illud
1225 318 1290 358 esse
1307 319 1401 375 quam
1426 303 1594 374 sapientem
1616 318 1692 370 esse,
1722 304 1780 359 im·

75 396 235 462 Quomodo
249 395 390 467 ergohoc
406 393 569 450 credebant
584 392 598 446 i
611 393 683 459 Alii,
703 391 816 462 quibus
837 405 900 444 ma·
954 403 1094 444 mensum
1116 403 1191 459 esse,
1215 395 1373 459 aeteruum,
1398 391 1524 458 bonum,
1546 391 1677 461 justum.
1698 390 1779 446 Cum

75 486 123 557 gis
138 484 334 552 assentimus,
348 482 454 538 dicunt
466 497 517 538 eos
531 480 621 536 fidem
636 479 750 535 Christi
768 478 900 534 velatam
955 480 1057 532 autem
1072 477 1184 533 dicitur
1192 479 1306 550 justus,
1322 479 1454 550 sapiens,
1470 482 1499 533 et
1513 481 1622 533 caetera
1637 495 1645 547 3
1661 495 1723 534 non
1735 479 1780 534 di·

73 573 110 630 in
123 571 270 642 mysterio
285 570 430 626 habuisse
448 587 459 636 ,·
474 572 504 624 st
518 568 600 640 quod
614 566 666 622 alii
686 567 799 639 quibus
818 581 898 623 reve·
953 567 1130 623 versitatem
1143 567 1365 640 proprietatum
1379 568 1570 624 ostendimus
1583 583 1653 639 quie
1667 569 1700 622 in
1715 568 1779 623 Deo

73 660 149 718 latio
172 660 254 715 iacta
277 661 342 713 erat
368 657 506 713 sciebant
525 659 556 711 et
581 655 754 725 credebant,
778 654 836 710 hoc
847 655 900 710 isti
954 653 1040 709 nulla
1054 658 1110 724 est,
1126 656 1178 710 sed
1192 655 1329 711 diversos
1348 655 1472 711 effectus
1494 671 1572 726 quos
1597 655 1681 711 Deus
1709 671 1779 729 ope·

76 749 154 822 (etsi
169 745 332 816 nescirent)
346 744 509 801 credebant
523 743 759 799 :commiserant
772 743 853 798 euim
865 743 900 799 il·
955 743 1083 798 raturin
1098 745 1255 799 creaturis.
1273 744 1350 799 Cum
1365 745 1447 799 enim
1462 744 1574 799 dicitur
1593 745 1707 815 justus,
1730 746 1777 800 in·

73 836 117 893 lis
130 835 220 893 iidem
237 849 335 891 suam.
355 833 443 890 Unde
455 833 489 888 in
501 832 560 889 Job
575 850 581 888 :
606 835 704 888 Boves
716 834 858 888 arabant
870 838 901 888 et
956 831 1122 902 telligimus
1133 832 1215 903 quod
1226 834 1309 904 juste
1321 833 1439 903 judicat
1454 847 1542 900 3cum
1554 833 1687 904 sapiens,
1697 835 1780 904 quod

79 925 525 994 asinoepascebanturjuorta
540 937 591 976 eos
608 921 672 988 (lob
686 920 719 990 ι).
744 921 799 976 Ιιιι
814 925 901 976 ιιιιιι
955 920 1107 990 sapienter
1124 920 1228 974 omnia
1250 920 1322 975 facit
1337 924 1368 975 et
1381 920 1531 989 gubernat
1546 935 1554 988 3
1580 936 1649 975 eum
1664 922 1780 976 miseri-

78 1014 173 1072 asinoe
186 1014 345 1084 pascentes
354 1011 444 1082 juxta
457 1010 561 1065 boves.
587 1008 672 1065 Sicut
690 1009 780 1065 hodie
793 1010 825 1065 in
847 1011 900 1065 Ec·
954 1022 1020 1062 cors
1033 1008 1114 1080 quod
1128 1008 1363 1064 misericorditer
1379 1008 1588 1080 peccatoribus
1600 1009 1707 1079 parcit.
1720 1011 1781 1064 Au·

78 1101 170 1158 alesia
183 1099 274 1156 multi
293 1097 455 1170 simplices,
467 1098 524 1152 etsi
540 1098 584 1152 ita
596 1097 748 1154 distinctae
763 1099 901 1154 nesciant
954 1097 1098 1166 guatinus
1122 1100 1228 1153 contra
1250 1097 1382 1151 Arium:
1409 1096 1630 1167 intelligamus,
1663 1098 1778 1168 inquit,

77 1188 260 1245 Trinitatem
270 1186 437 1257 assignare,
457 1184 694 1240 credunttameu
709 1186 820 1257 quiain
842 1185 901 1241 fide
954 1183 1052 1240 Deum
1076 1188 1227 1255 quantum
1259 1199 1424 1256 possumus
1457 1185 1522 1239 sine
1549 1185 1698 1256 qualitate
1729 1186 1781 1241 bo

76 1280 107 1333 et
124 1273 299 1331 humilitate
322 1272 477 1329 adhaerent
486 1273 549 1328 illis
559 1274 613 1344 qui
627 1278 657 1329 et
671 1273 728 1328 hoc
742 1274 843 1329 sciunt
871 1278 901 1330 et
955 1288 1040 1340 nurn,
1057 1272 1121 1328 sine
1139 1273 1311 1344 quantitate
1333 1288 1491 1344 magnum,
1516 1273 1581 1329 sine
1607 1273 1778 1344 indigentia

80 1362 216 1421 credunt.
954 1363 1130 1430 creatorem,
1146 1361 1211 1416 sine
1226 1361 1288 1417 situ
1302 1362 1567 1433 praesentemsine
1581 1361 1646 1417 loco
1662 1362 1778 1434 ubique

117 1451 309 1526 Opponitur:
344 1449 421 1505 Cum
460 1450 517 1505 hoc
554 1453 632 1506 esset
667 1450 779 1506 habere
811 1451 900 1506 iidem
953 1453 1064 1519 totum,
1084 1450 1149 1504 sine
1172 1453 1307 1522 tempore
1346 1451 1578 1523 sempiternum,
1607 1451 1672 1506 sine
1697 1467 1778 1508 com·

79 1539 194 1597 Christi
223 1539 356 1595 velatam
386 1539 419 1594 in
447 1539 604 1609 mysteri0,
640 1538 759 1594 credere
788 1538 901 1595 scilicet
954 1538 1124 1593 mutatione
1157 1539 1319 1593 mutabilia
1360 1539 1521 1594 facientem
1556 1539 1694 1612 nihilque
1726 1557 1778 1612 pa·

78 1628 178 1686 Deum
201 1641 267 1683 esse
285 1630 315 1682 et
325 1630 583 1683 remuneratorem
605 1628 793 1697 sperantium
809 1628 841 1682 in
856 1642 898 1697 ιι,
911 1641 937 1697 Β
956 1626 1092 1681 tientem.
1134 1625 1220 1691 Quod
1258 1627 1283 1681 si
1332 1627 1403 1698 quis
1441 1627 1540 1682 Deum
1576 1626 1620 1682 ita
1659 1628 1775 1698 cogitat

78 1722 108 1774 et
117 1716 291 1789 philosophi
301 1716 358 1772 hoc
368 1716 541 1771 crederent:
558 1719 631 1772 tunc
641 1715 797 1772 habebant
807 1715 897 1771 fidem
952 1717 982 1769 et
1009 1713 1145 1769 noudum
1171 1716 1273 1786 potest
1296 1712 1434 1769 invenire
1460 1714 1585 1770 omnino
1606 1715 1681 1787 quid
1714 1717 1779 1788 sit,

78 1805 194 1863 Christi
208 1805 340 1861 velatam
359 1805 393 1859 in
407 1804 563 1875 mysterio.
588 1803 646 1860 Sed
665 1804 831 1860 auctoritas
854 1805 897 1859 di·
955 1805 1004 1876 pie
1023 1808 1127 1861 tamen
1146 1809 1251 1861 caveat
1265 1812 1417 1877 quantum
1425 1809 1525 1878 potest
1540 1805 1657 1876 aliquid
1672 1806 1708 1861 de
1720 1805 1774 1860 illo

78 1895 120 1951 cit
134 1908 186 1951 eos
206 1909 267 1949 non
288 1907 376 1965 posse
397 1892 534 1948 humana
552 1892 670 1947 ratione
689 1891 779 1948 iidem
800 1897 896 1948 incar·
952 1894 1064 1970 sentire
1078 1894 1160 1966 quod
1172 1910 1233 1951 non
1248 1896 1297 1951 sit.
1315 1897 1388 1951 Haec
1402 1895 1507 1950 divina
1515 1894 1690 1950 substantia
1704 1893 1773 1948 nbi·

78 1983 213 2040 nationis
228 1981 373 2038 habuisse
389 1997 395 2036 :
412 1981 473 2053 ipsi
483 1995 555 2037 vero
569 1980 648 2036 nihil
662 1981 823 2037 credebant
837 1982 898 2037 nisi
951 1997 1012 2054 que
1026 1985 1091 2038 tota
1105 1986 1192 2052 est‚et
1205 1984 1238 2039 in
1252 1984 1320 2055 ipsa
1332 1987 1404 2039 sunt
1413 1983 1729 2048 omniaQuodomnia
1741 1983 1775 2037 in

78 2071 162 2145 qnod
174 2070 312 2127 humana
321 2070 440 2126 ratione
453 2072 573 2143 poterat
598 2070 800 2141 comprobari.
829 2069 897 2140 Sed,
955 2070 1019 2127 Deo
1035 2071 1107 2140 sint,
1123 2071 1259 2128 loannes
1285 2076 1426 2141 testatur,
1455 2071 1582 2127 dicens:
1605 2074 1721 2126 Omra—ia
1737 2074 1775 2125 in

79 2163 115 2216 ut
126 2159 271 2228 diximus,
284 2158 384 2214 bobus
398 2157 559 2212 arantibus
572 2172 626 2228 per
639 2157 729 2213 iidem
744 2161 774 2214 et
799 2157 898 2214 humi·
956 2160 1026 2228 ipso
1041 2162 1111 2214 vita
1127 2166 1199 2215 erat
1221 2161 1324 2232 (Joaa.
1340 2161 1374 2231 ι),
1400 2160 1433 2215 id
1460 2164 1506 2215 est
1531 2160 1774 2228 immutabiliter,

78 2247 197 2304 litatem
211 2246 365 2302 adhaerere
381 2262 387 2300 :
403 2246 462 2302 hoc
476 2248 541 2300 erat
559 2245 672 2301 habere
683 2244 773 2301 iidem
785 2245 900 2302 Christi
953 2246 1028 2319 quia
1042 2263 1146 2304 eorum
1159 2248 1319 2320 dispositio
1342 2253 1372 2304 et
1396 2249 1470 2304 ordo
1496 2249 1528 2303 in
1556 2250 1623 2321 ipso
1649 2249 1709 2304 fuit
1735 2249 1775 2303 ab

79 2335 228 2393 occultam
253 2336 285 2391 in
308 2335 467 2407 mysterio,
501 2333 606 2406 quales
636 2334 731 2390 tuisse
754 2338 900 2407 putamus
953 2337 1642 2410 aeterno.NoueniminDeocoeperuntesse,
1659 2339 1777 2409 quaein

79 2423 227 2496 quosdam
244 2423 425 2494 gentiles,ut
439 2422 565 2478 viduam
576 2422 774 2494 Sareptenam
787 2427 816 2479 et
829 2424 898 2480 Job.
954 2428 1023 2480 actu
1046 2429 1076 2482 et
1099 2428 1200 2482 ortum
1226 2427 1342 2482 habent
1362 2429 1390 2482 et
1415 2426 1663 2483 mutabilitatem.
1689 2425 1778 2491 Quod

80 2513 120 2569 Et
140 2513 184 2568 ite
208 2511 338 2568 dicimus
360 2510 514 2583 simplices
533 2510 618 2567 illius
639 2513 784 2584 temporis
807 2513 900 2568 credi·
954 2513 1037 2570 Deus
1049 2514 1164 2585 ubique
1178 2518 1208 2570 ιι
1217 2515 1250 2570 in
1266 2516 1349 2571 omni
1362 2519 1501 2570 creatura
1517 2516 1568 2584 sit,
1581 2515 1647 2586 ipse
1659 2515 1703 2569 ιιι
1724 2529 1779 2586 per

80 2602 161 2659 disse
176 2603 280 2659 omnia
290 2603 344 2674 qui
368 2618 386 2657 ι
400 2618 456 2659 nos
472 2603 634 2673 credimus,
657 2620 720 2675 qua
740 2604 902 2662 credebant
953 2603 1133 2674 prophetam
1151 2619 1157 2657 :
1172 2604 1291 2659 Caelum
1307 2610 1338 2659 ιι
1358 2610 1482 2660 terram
1498 2619 1553 2674 ego
1569 2606 1686 2672 impleo
1701 2605 1776 2674 (Jer.

81 2692 284 2748 credentibus.
304 2692 363 2748 Sed
374 2693 407 2748 in
423 2697 556 2765 tempore
570 2694 677 2765 gretia
689 2694 753 2766 jam
763 2710 825 2751 nou
839 2694 901 2750 suf·
955 2688 1057 2761 xxiii).
1073 2691 1112 2746 Et
1124 2692 1218 2746 alibi:
1243 2693 1279 2746 Si
1294 2696 1468 2748 ascendero
1496 2695 1533 2747 in
1549 2695 1665 2748 coelrcm
1682 2698 1718 2746 tu
1743 2694 1781 2746 il·

80 2780 144 2836 ticit
155 2780 254 2837 Deum
269 2796 335 2836 esse
348 2781 477 2850 credere,
499 2782 579 2838 sicut
594 2786 687 2852 tuno3
707 2784 781 2855 quia
804 2784 901 2839 inani·
956 2780 999 2835 lic
1010 2795 1042 2833 es
1057 2796 1069 2846 ,-
1082 2782 1112 2834 si
1124 2781 1317 2836 descendero
1331 2783 1374 2835 ad
1389 2781 1560 2849 infernum
1578 2784 1656 2835 ades
1673 2781 1775 2850 (Psal.

76 2868 200 2924 festatio
211 2869 352 2924 veritatis
357 2869 421 2940 jam
433 2869 515 2925 iacta
526 2873 581 2925 est.
599 2870 719 2927 Etenim
736 2870 901 2927 secundum
954 2866 1120 2936 cxxxvurl.
1137 2868 1216 2923 Item
1230 2867 1404 2940 Sapientia:
1426 2868 1499 2934 Quae
1521 2870 1693 2936 attingite
1708 2868 1775 2939 fine

2 2949 5 2954 ’
80 2959 217 3030 tempora
231 2957 385 3030 proiectus
393 2961 439 3014 est
453 2962 483 3014 et
493 2973 638 3014 mensura
647 2959 728 3029 tidei,
742 2959 902 3019 Cornelius
920 2980 943 3037 C
958 2969 1060 3024 usque
1070 2959 1114 3010 aa
1133 2957 1232 3028 finem
1245 2956 1379 3025 fortiter
1399 2956 1482 3029 (Sap.
1499 2957 1580 3026 vird,
1592 2956 1624 3011 id
1635 2961 1680 3011 est
1691 2972 1710 3010 a
1728 2957 1782 3011 mi·

81 3043 216 3100 habebat
229 3044 330 3114 fidem,
346 3046 399 3101 sed
416 3062 484 3117 quaa
499 3062 560 3103 non
583 3047 735 3103 sufficeret
758 3048 798 3103 ad
821 3048 901 3104 salu·
958 3044 1042 3098 nima
1061 3048 1200 3100 creatura
1214 3060 1312 3117 usque
1336 3045 1375 3101 ad
1397 3045 1575 3114 maximam,
1598 3044 1648 3099 vel
1663 3044 1701 3099 ab
1716 3060 1778 3099 una

80 3135 153 3200 tem,
172 3131 253 3186 uude
274 3132 467 3203 Augustinus
498 3152 503 3189 :
528 3135 666 3207 Acceptae
686 3139 768 3203 sunt,
790 3136 903 3207 inquit,

80 3219 278 3292 eleemosynae
292 3219 424 3277 Cornelii
439 3225 603 3293 antequam
616 3223 788 3279 crederetin
801 3223 903 3280 Chris·

84 3310 160 3376 tum,
176 3322 231 3363 nec
243 3311 345 3363 tamen
361 3309 426 3364 sine
440 3309 544 3380 aliqua
559 3310 617 3366 fide
637 3310 772 3367 donabat
794 3316 824 3367 et
838 3328 903 3368 ora-

82 3395 146 3451 bat.
162 3396 241 3451 Nam
257 3397 409 3468 quomodo
422 3398 586 3454 invocabat
598 3400 632 3454 ιιι
651 3415 742 3472 quem
758 3416 819 3456 non
843 3417 904 3458 cre·

84 3483 204 3540 diderat
217 3483 232 3539 i
244 3484 302 3542 Sed
316 3487 341 3542 si
356 3491 458 3558 posset
486 3488 551 3543 sine
569 3487 627 3543 fide
642 3488 756 3545 Christi
779 3505 846 3547 esse
859 3506 904 3546 sa·

84 3571 144 3644 lus,
160 3589 215 3631 nec
228 3576 267 3630 ad
282 3590 351 3631 eum
370 3577 543 3633 mitteretur
562 3576 681 3633 Petrus.
704 3578 830 3651 Exque
854 3595 905 3652 ap·

957 3133 1149 3188 extremitate
1164 3149 1260 3204 usque
1275 3133 1314 3189 ad
1329 3133 1456 3189 alteram
1471 3150 1480 3202 3
1496 3139 1526 3189 et
1549 3135 1692 3202 disponit
1719 3149 1782 3187 om·

959 3222 1018 3274 nia
1033 3223 1181 3276 suaviter
1197 3220 1310 3292 (ibid).
1327 3222 1384 3277 Sed
1399 3221 1487 3277 aliter
1512 3222 1616 3277 omnia
1639 3221 1671 3277 in
1692 3221 1756 3276 Deo
1770 3237 1779 3289 3

959 3312 988 3363 et
999 3308 1087 3364 aliter
1100 3310 1183 3364 Deus
1196 3311 1229 3364 in
1242 3311 1395 3365 omnibus.
1407 3311 1518 3366 Omnia
1526 3310 1559 3365 in
1572 3310 1636 3364 Deo
1650 3324 1711 3363 non
1727 3324 1781 3380 per

958 3397 1121 3452 essentiam
1138 3398 1240 3469 ;quia,
1256 3402 1291 3454 ut
1303 3399 1377 3453 dicit
1391 3399 1583 3468 Augustinus
1601 3414 1606 3451 :
1621 3397 1779 3468 Quidquid

959 3485 993 3541 in
1008 3485 1071 3542 Deo
1086 3490 1132 3541 est
1146 3487 1228 3541 Deus
1243 3491 1289 3542 est
1308 3502 1316 3555 3
1332 3486 1384 3542 sed
1398 3491 1433 3541 ut
1447 3486 1591 3555 diximus,
1612 3501 1666 3558 per
1679 3485 1781 3557 dispo·

961 3574 1113 3629 altionem.
1138 3573 1226 3642 Quia,
1251 3578 1286 3630 ut
1308 3575 1389 3630 idem
1407 3575 1473 3629 ait:
1494 3574 1579 3629 Sicut
1601 3589 1672 3629 arca
1700 3577 1784 3629 ante·

86 3665 172 3737 paret
188 3662 270 3735 quod
287 3663 358 3720 licet
372 3664 505 3721 crederet
523 3666 579 3722 hoc
592 3665 673 3721 idem
692 3666 773 3738 quod
787 3667 907 3738 antiqui
961 3678 1054 3733 quam
1075 3662 1129 3717 ilat
1149 3666 1195 3717 est
1218 3664 1250 3717 in
1273 3667 1374 3718 mente
1401 3662 1537 3730 artificis,
1561 3662 1605 3716 ita
1623 3663 1726 3717 omnia
1750 3662 1785 3717 iu

85 3749 238 3824 simplices
250 3767 259 3820 3
286 3755 389 3807 tamen
411 3755 534 3825 propter
560 3753 705 3825 temporis
726 3753 907 3824 qualitatem
962 3751 1026 3806 Deo
1051 3750 1089 3804 ab
1113 3753 1236 3806 aeterno.
1261 3751 1324 3806 Nec
1347 3755 1451 3806 ιιιιιιιι
1475 3749 1634 3821 sequitur:
1657 3764 1726 3820 ergo
1748 3751 1788 3806 ab

83 3839 147 3910 jam
162 3854 224 3895 non
240 3839 421 3895 sufficiebat.
438 3840 512 3896 Post
525 3856 620 3913 supra
632 3840 824 3913 dictapartes
838 3842 908 3897 fidei
963 3842 1076 3894 aeterno
1092 3838 1225 3908 luerunt,
1249 3838 1355 3894 sedin
1369 3839 1433 3894 Deo
1459 3839 1498 3893 ab
1521 3841 1634 3893 aeterno
1642 3854 1650 3905 3
1667 3839 1743 3909 quia
1758 3839 1785 3894 si

85 3941 316 3999 prosequamur.

211 4013 284 4070 Cas.
303 4013 355 4069 lV.
372 4016 414 4069 De
428 4015 547 4084 quibas
564 4021 684 4070 coastat
705 4016 785 4086 fides

962 3927 995 3981 in
1010 3927 1073 3981 Deo
1088 3927 1251 3998 caepissent
1264 3968 1272 3996 ,
1285 3928 1349 3998 jam
1364 3927 1397 3982 in
1407 3943 1442 3982 ιο
1454 3931 1533 3982 esset
1548 3927 1689 3982 mutatio.
1706 3926 1790 3982 Solet

963 4015 1144 4086 opponisic.
1160 4015 1192 4069 Si
1207 4018 1353 4070 creaturae
1367 4015 1400 4070 in
1413 4015 1487 4083 Deo,
1503 4015 1576 4086 quia
1590 4015 1729 4070 sciuntur
1750 4015 1789 4069 ab

122 4103 191 4159 Duo
213 4105 286 4158 sunt
310 4101 342 4158 in
366 4102 479 4175 quibus
499 4103 631 4159 maxime
654 4104 728 4159 fides
750 4105 907 4162 consistit:
964 4119 998 4158 eo
1028 4107 1193 4175 antequam
1220 4104 1297 4159 siant
1310 4118 1320 4173 3
1342 4119 1413 4175 erge
1441 4102 1523 4159 mala
1550 4104 1583 4158 in
1611 4103 1685 4172 Deo,
1714 4104 1789 4174 quia

88 4192 270 4264 mysterium
285 4191 457 4248 divinitatis
472 4194 502 4247 et
524 4195 749 4248 sacramentum
770 4193 910 4249 incarna-
965 4194 1105 4250 sciuntur
1120 4195 1158 4249 ab
1169 4210 1203 4249 eo
1216 4194 1475 4266 antequamtlant.
1493 4193 1561 4262 Sed,
1575 4196 1611 4248 ut
1623 4193 1696 4261 dixi,
1708 4209 1789 4248 crea·

90 4281 195 4337 tionis.
215 4281 259 4337 Ac
270 4281 404 4353 primum
419 4279 456 4335 de
470 4279 524 4335 illa
535 4284 622 4352 perte
646 4280 716 4335 fidei
738 4296 806 4352 quae
818 4283 909 4352 perti-
925 4322 952 4379 D
967 4286 1044 4337 tura
1060 4285 1131 4337 sunt
1146 4282 1179 4336 in
1193 4282 1267 4350 Deo,
1283 4283 1471 4353 quiaeorurn
1484 4282 1646 4354 dispositio
1660 4285 1790 4338 etcausa

90 4373 142 4425 net
172 4368 211 4425 ad
229 4369 378 4439 unitatem
402 4368 514 4424 divinae
539 4367 719 4423 substantiae
740 4368 909 4426 videamus.
968 4371 1000 4426 in
1016 4387 1050 4426 eo
1065 4374 1133 4440 est3
1154 4369 1305 4425 malorum
1320 4385 1472 4427 veronen
1494 4374 1540 4425 ιιι
1564 4373 1670 4426 auctor
1692 4371 1787 4426 Deus.

88 4457 267 4515 Sicutenim
290 4457 368 4512 ratio
384 4456 567 4527 approbavit
589 4456 689 4512 Deum
720 4472 795 4527 esse,
819 4459 913 4515 itaet
967 4459 1007 4514 Ut
1021 4459 1101 4513 enim
1111 4458 1310 4526 ostendimus,
1332 4461 1479 4513 creaturae
1496 4473 1557 4512 non
1573 4461 1647 4513 sunt
1668 4455 1701 4511 in
1724 4458 1789 4514 Deo

90 4561 188 4603 unum
217 4560 281 4601 ιιιι
309 4545 452 4612 affirmat,
486 4547 521 4599 ut
560 4544 745 4616 principium
775 4547 912 4602 omnium
966 4562 1019 4618 per
1029 4547 1192 4601 essentiam
1208 4563 1216 4615 3
1233 4547 1316 4602 Deus
1330 4562 1402 4602 vero
1421 4547 1454 4600 in
1482 4547 1566 4601 omni
1590 4549 1728 4601 creatura
1744 4550 1790 4602 est

90 4650 188 4692 unum
203 4633 241 4689 sit
252 4636 283 4689 et
293 4632 373 4689 finis.
389 4632 421 4687 Si
433 4631 514 4687 enim
529 4632 590 4687 duo
609 4636 720 4703 essent,
736 4634 785 4688 vel
800 4639 914 4690 utrum·
965 4649 1019 4706 por
1044 4636 1216 4690 essentiam.
1229 4634 1475 4699 Quidamtamen
1495 4634 1731 4690 calumniatores
1744 4650 1791 4689 ve-

91 4739 151 4796 que
165 4721 355 4780 insufficiens
369 4723 460 4788 esset,
479 4719 528 4775 vel
546 4720 677 4777 alterum
700 4723 887 4794 superfluum
903 4740 912 4794 3
966 4723 1067 4778 ritatis
1080 4722 1186 4778 dicunt
1200 4739 1270 4778 eum
1284 4722 1517 4794 perpotentiam
1541 4725 1571 4778 et
1593 4738 1655 4777 non
1672 4738 1725 4794 per
1746 4737 1791 4777 es-

91 4812 175 4884 quia,
191 4810 218 4866 si
238 4809 355 4882 aliquid
373 4809 490 4865 deesset
515 4810 571 4865 uui
594 4810 676 4882 quod
695 4811 819 4867 haberet
841 4813 913 4869 alte·
967 4812 1097 4866 sentiam
1117 4812 1230 4883 ubique
1244 4826 1309 4865 esse
1319 4826 1328 4878 3
1344 4811 1418 4882 quia
1439 4826 1508 4866 eum
1524 4811 1699 4881 contingere
1723 4827 1791 4884 pos·

92 4917 171 4970 rum,
186 4914 248 4955 non
261 4913 379 4954 summe
393 4899 560 4970 perfectum
581 4905 670 4957 esset.
695 4900 727 4955 Si
751 4916 822 4960 vero
837 4901 915 4957 nihil
968 4898 1434 4974 sentinquinationessordium
1460 4900 1486 4954 si
1501 4900 1616 4970 ubique
1639 4901 1718 4954 esset
1747 4915 1792 4954 es·

92 4989 148 5045 uni
162 4987 280 5043 deesset
297 4986 378 5059 quod
399 4986 524 5044 haberet
543 4987 684 5059 alterum,
708 5005 778 5046 curn
799 4991 831 5045 in
853 5005 915 5046 uno
969 4989 1147 5043 sentialiter.
1163 4986 1250 5052 Quod
1264 4988 1308 5041 ita
1322 4987 1468 5043 frivolum
1483 4990 1539 5056 est,
1556 4990 1591 5042 ut
1605 5002 1660 5042 nec
1671 5002 1793 5059 respon·

93 5076 198 5134 emnia
216 5078 328 5143 essent,
354 5074 485 5131 alterum
513 5079 720 5148 superflueret.
755 5078 811 5133 Est
844 5093 915 5149 ergo
969 5077 1054 5132 sione
1072 5075 1200 5145 dignum
1224 5075 1274 5143 sit,
1301 5091 1370 5130 cuin
1399 5076 1492 5131 etiam
1514 5075 1642 5146 spiritus
1674 5080 1796 5131 creatus

93 5180 191 5222 unum
205 5162 400 5236 principium,
422 5179 502 5221 uuus
523 5169 629 5222 auctor
649 5168 787 5223 omnium
803 5182 811 5235 3
834 5165 916 5238 quod
970 5164 1112 5220 sordibus
1126 5164 1260 5235 corporis
1276 5165 1344 5235 (etsi
1375 5163 1488 5237 leprosi
1502 5164 1551 5219 vel
1568 5168 1795 5236 quantumcun-

94 5253 141 5326 (ut
152 5254 277 5325 juvetur
288 5251 379 5322 ratio)
395 5252 500 5310 multae
510 5256 707 5312 auctoritates
719 5255 860 5328 probant.
875 5254 916 5310 Ut
969 5238 1029 5322 qu'e
1042 5251 1164 5324 polluti)
1181 5253 1338 5323 inquinari
1352 5254 1526 5325 nonpossit.
1544 5252 1703 5308 Postremo
1717 5268 1797 5323 quae·

92 5343 126 5398 in
155 5339 304 5414 propheta
329 5339 456 5411 Moyse:
483 5344 582 5414 Aradi,
606 5347 729 5400 Israel:
757 5345 914 5397 Dominus
967 5343 1054 5395 ratur
1068 5340 1107 5395 ab
1131 5341 1175 5396 eis
1199 5341 1274 5413 quid
1288 5342 1483 5414 potissimum
1510 5340 1547 5396 de
1571 5355 1606 5396 ιο
1631 5340 1795 5396 conceden-

93 5433 177 5487 De'as
190 5435 278 5500 tuas,
303 5432 387 5485 Deus
409 5439 565 5489 trauseat
587 5436 689 5505 (Daui.
706 5433 760 5503 ιι),
785 5431 824 5485 Ει
847 5430 914 5486 ideo
968 5428 1040 5483 dum
1057 5429 1106 5498 sit,
1121 5430 1170 5485 vel
1191 5430 1273 5502 quod
1296 5446 1449 5500 nusquam
1469 5445 1522 5502 per
1546 5430 1712 5485 essentiam
1742 5429 1794 5498 sit,

93 5517 912 5592 vereunusest3quiaiucommutabilis,invariabilis.
967 5516 1016 5572 vel
1061 5519 1144 5589 quod
1187 5519 1312 5591 ubique,
1350 5518 1399 5573 vel
1447 5519 1530 5590 quod
1575 5519 1700 5586 alicubi,
1751 5519 1795 5572 ita

93 5606 187 5673 Apud
207 5623 276 5673 eam
300 5625 433 5683 namque
459 5627 524 5667 aon
548 5617 597 5667 est
619 5610 683 5665 ulla
698 5608 912 5679 permutatio,
967 5606 1049 5679 quod
1090 5623 1151 5664 non
1193 5608 1317 5679 ubique.
1357 5606 1415 5662 Sed
1452 5608 1523 5679 quis
1564 5608 1675 5663 audeat
1720 5605 1797 5662 dice·

92 5704 151 5747 aec
164 5695 405 5776 ιιιιιιίιιιιιιιίι
418 5693 797 5772 adnumeratiotlacobu)
813 5694 912 5766 ;quia
965 5710 998 5752 re
1018 5694 1101 5769 quod
1134 5711 1288 5769 nusquam
1314 5694 1420 5753 divina
1450 5695 1583 5754 essentia
1611 5693 1689 5754 siti
1719 5693 1796 5763 Quis
