3742 6082
74 105 130 208 239
279 212 282 223 ,
341 147 356 165 “
374 155 553 217 HUGONis
571 159 625 218 DII
642 159 674 218 S.
693 156 867 221 waronis
881 147 967 208 OPP.
987 146 1090 207 PARS
1106 147 1148 208 11,
1168 179 1206 195 -·
1226 149 1470 210 DOGMATICA.
1719 156 1777 218 240

77 275 124 328 θεῖ
129 288 138 342 ;
154 275 301 346 quoniam
315 278 377 335 alia
389 281 506 338 factum
522 286 569 338 εεῖ
581 283 750 352 voluntate,
765 297 834 355 quaa
848 294 899 337 vo·
914 274 942 331 A
955 289 1046 329 suum
1061 272 1171 346 diligit,
1187 278 1217 331 et
1230 274 1295 333 odit
1308 280 1408 333 totum
1423 293 1484 335 non
1495 293 1596 335 suum.
1607 278 1647 336 Et
1655 280 1723 338 ideo
1733 297 1775 339 vo

76 358 191 419 luntati
206 366 272 437 ejus
287 369 386 425 amica
399 386 461 427 non
471 373 526 427 est.
539 371 653 428 Tamen
665 372 790 428 omnino
803 368 902 425 voluit
955 362 1014 419 luit
1026 363 1142 419 bonum
1156 363 1239 435 quod
1252 366 1405 436 praecepit,
1421 369 1450 422 et
1472 382 1534 422 non
1551 367 1650 424 voluit
1665 369 1783 426 malum

79 450 161 521 quod
174 452 290 510 factum
304 461 349 512 ost
365 460 510 530 quoniam
525 459 640 515 bonum
656 463 702 514 est
716 460 759 514 sic
772 473 837 513 θεεθ
857 457 901 511 fa·
956 451 1039 523 quod
1059 452 1209 525 permisit,
1225 454 1298 525 quia
1322 469 1412 509 suum
1428 455 1476 511 sui
1490 456 1605 512 bonum
1620 460 1651 513 et
1662 458 1699 514 (1ε
1713 475 1782 529 suo,

78 540 161 594 ctum
186 545 221 597 ut
234 542 350 601 facturn
378 551 436 616 cst,
459 550 489 602 et
510 547 553 603 sic
574 563 650 616 esse,
664 551 700 603 ut
724 551 779 602 θεῖ.
802 545 902 610 Quare
955 543 985 596 et
1000 541 1132 596 amicum
1146 541 1206 597 sibi
1221 545 1251 597 et
1266 541 1302 597 de
1321 558 1387 612 suo,
1403 546 1433 599 et
1456 542 1563 600 dilexit
1577 561 1668 601 suum
1684 550 1714 601 et
1729 563 1782 619 ap·

78 639 149 697 ergo
162 633 304 704 praecepit
327 637 362 689 ut
376 634 464 690 aliter
482 639 561 691 essct
575 640 605 692 et
628 635 785 708 prohibuit
800 650 837 689 ne
859 633 902 689 sic
955 629 1107 700 probant,
1119 632 1148 684 et
1162 630 1337 701 concupivit
1348 630 1387 685 ad
1401 646 1433 686 se
1448 636 1478 686 ct
1490 633 1606 687 armauit
1619 634 1652 689 in
1666 650 1698 689 εθ
1708 635 1784 690 desi·

78 718 167 785 esset,
183 733 251 773 cum
263 721 379 777 bonum
395 723 488 778 sitita
502 740 577 794 esse,
589 727 619 779 et
631 726 675 780 ita
689 724 829 779 futurum
842 722 902 777 fuit
955 717 1038 772 derio
1053 721 1175 773 aeterno.
1193 719 1232 774 Et
1245 719 1360 774 nralum
1382 720 1464 792 quod
1479 736 1570 776 suurn
1596 737 1658 777 non
1674 722 1782 778 fuitin

76 803 257 877 priusquam
272 809 331 864 fuit
344 813 373 865 et
384 811 619 884 beneplacitum,
629 814 703 885 quia
713 813 829 867 bonum
842 811 917 875 fuit,
955 822 987 861 εθ
1002 821 1064 861 non
1078 806 1195 875 dilexit,
1210 807 1361 878 nequead
1376 824 1408 863 εε
1418 809 1607 881 concupivit,
1621 810 1674 866 sed
1684 826 1784 883 repro

74 889 121 946 ita
132 907 207 963 esse,
224 899 253 950 et
267 896 355 952 aliter
367 914 428 954 non
444 915 517 956 esse,
954 894 1041 949 bavit
1055 898 1085 950 et
1100 895 1201 950 renuit
1217 896 1319 951 animo
1332 895 1520 952 dilectionis:
1536 901 1565 952 et
1576 912 1637 953 non
1648 899 1785 972 suscepit

78 993 151 1051 Cgp,
168 997 237 1055 ΧΠ,
260 1003 437 1074 Utrumque
460 1009 584 1062 durum
608 1021 726 1062 sonare
746 1008 796 1061 vel
816 1006 900 1074 quod
954 984 987 1038 in
1011 998 1042 1037 se
1065 997 1216 1039 consensu
1240 984 1409 1054 charitatis,
1433 989 1468 1041 111
1481 984 1582 1041 locum
1598 987 1625 1042 ei
1648 988 1784 1044 daretin

111 1085 196 1139 Deus
200 1091 375 1158 praeciptat
390 1108 462 1161 quae
473 1094 548 1166 fieri
564 1097 657 1163 scotti,
667 1097 715 1150 vet
728 1097 813 1164 quod
829 1107 902 1162 quoe
954 1070 1153 1143 1)θῐΙθΡῙᾶθῙῑῙῦ
1167 1072 1241 1128 suis.

98 1175 196 1229 ..notit
210 1175 285 1247 fieri
294 1183 479 1247 permittat.
955 1178 1029 1235 Cer.
1042 1178 1122 1235 XIV.
1135 1178 1225 1244 Quod
1239 1195 1365 1250 semper
1380 1182 1537 1250 impletur
1549 1185 1701 1238 voluntas
1712 1185 1784 1240 Dei.

112 1276 180 1334 Tali
193 1284 361 1352 questione
377 1292 569 1344 coarctamur
592 1293 621 1345 et
636 1289 777 1345 ducimur
790 1288 823 1344 in
838 1301 901 1341 arn·
990 1284 1049 1341 Sed
1060 1285 1136 1340 dicis
1150 1285 1227 1341 mihi
1242 1287 1341 1357 :Ergo
1356 1286 1382 1341 si
1397 1287 1513 1342 bonum
1525 1287 1623 1343 voluit
1637 1288 1699 1344 imo
1710 1289 1786 1361 quia

75 1363 265 1437 biguum,ut
279 1387 340 1428 non
354 1374 442 1431 facile
457 1378 625 1434 audeamus
643 1378 700 1434 hoc
714 1378 761 1433 vel
776 1377 833 1432 hoc
847 1374 901 1430 ali-
954 1372 1053 1430 voluit
1067 1374 1182 1429 bonum
1197 1373 1279 1446 quod
1294 1375 1486 1446 praecepium
1500 1375 1616 1430 malum
1624 1375 1707 1447 quod
1716 1390 1784 1449 per-

77 1453 152 1524 quid
165 1457 326 1531 affirmare,
339 1463 388 1519 vel
400 1466 482 1537 quod
489 1466 572 1522 Deus
585 1467 649 1523 fieri
664 1467 808 1539 praecepit
819 1463 902 1536 quod
955 1462 1041 1518 misit
1055 1477 1117 1517 non
1131 1462 1240 1532 voluit,
1255 1462 1370 1518 factum
1386 1466 1433 1518 θεῖ
1447 1463 1529 1534 quod
1544 1464 1644 1519 noluit
1658 1467 1688 1520 et
1700 1465 1785 1536 quod

77 1540 186 1613 noluit,
201 1546 343 1620 velquod
357 1566 426 1623 quae
441 1553 550 1623 noluit,
563 1554 788 1627 deripermisit.
805 1553 843 1608 Et
856 1556 900 1608 ta·
954 1550 1053 1607 voluit
1066 1551 1181 1607 factum
1197 1565 1259 1606 non
1273 1555 1334 1619 est3
1350 1552 1497 1623 quoniam
1521 1552 1637 1607 factum
1658 1556 1785 1610 nonest

76 1643 177 1687 mene
196 1633 316 1693 duobus
329 1655 425 1696 unum
446 1643 567 1698 facilius
588 1644 804 1716 approbamus,
818 1621 939 1714 quodB
955 1639 1203 1711 quodpraecepit,
1218 1639 1272 1695 sed
1295 1639 1377 1712 quod
1400 1641 1559 1712 prohibuit
1582 1641 1697 1696 factum
1724 1645 1783 1713 est,

77 1716 175 1775 voluit
190 1724 426 1801 quodpraecepit
440 1730 566 1803 bonum,
580 1748 674 1804 quam
688 1731 804 1787 malum
818 1729 902 1801 quod
955 1727 1037 1799 quod
1048 1729 1196 1801 permisit.
1204 1730 1312 1800 Itaque
1318 1729 1434 1785 factum
1443 1745 1505 1785 non
1521 1733 1567 1787 est
1577 1730 1659 1802 quod
1670 1729 1782 1801 voluit,

77 1808 227 1881 permisit,
252 1827 321 1871 oum
337 1819 440 1874 tamen
456 1822 537 1892 quod
558 1822 696 1894 praecipit
708 1821 824 1876 fastum
838 1833 900 1874 non
955 1815 1009 1871 sed
1023 1817 1106 1888 quod
1121 1816 1220 1873 noluit
1234 1818 1349 1873 factum
1365 1821 1420 1873 est.
1433 1818 1497 1873 Imo
1512 1818 1628 1873 factum
1641 1819 1783 1890 estquod

77 1893 118 1950 sit
128 1896 255 1970 bonum,
271 1904 324 1959 sed
334 1906 451 1963 malum
465 1910 548 1982 quod
560 1910 708 1983 permisit.
725 1909 805 1965 Leve
819 1908 900 1962 enim
954 1903 1053 1960 voluit
1065 1910 1094 1961 et
1109 1920 1170 1961 non
1185 1906 1301 1961 factum
1315 1909 1362 1961 θεῖ
1373 1907 1435 1961 nisi
1447 1906 1726 1978 quodvoluit,quia
1738 1907 1783 1963 sio

75 1986 123 2039 est
145 1990 175 2041 et
196 1988 261 2044 sine
285 1995 477 2053 conscientiis
501 1998 642 2071 scrupulo
666 1998 778 2053 dicitur
795 2014 800 2052 :
817 1997 901 2053 Deus
954 1991 1063 2062 voluit,
1075 1993 1152 2063 fieri,
1165 1997 1195 2049 et
1209 1994 1253 2049 sic
1265 2009 1330 2050 esse
1343 1997 1377 2049 ut
1388 1995 1504 2050 factum
1515 1998 1571 2064 θεῖ,
1579 1995 1654 2065 ¹quia
1662 1994 1782 2050 bonum

77 2070 145 2127 vult
167 2074 293 2146 bonum,
309 2084 339 2138 et
355 2098 423 2139 cum
448 2085 569 2156 dIcitur,
594 2088 670 2143 bene
689 2090 779 2144 sonat
795 2103 800 2142 :
817 2086 900 2141 Deus
954 2084 1020 2136 erat
1031 2081 1075 2136 sic
1089 2082 1154 2137 fieri
1169 2086 1199 2138 εῖ
1212 2083 1256 2138 ε1θ
1271 2098 1336 2138 esse
1345 2087 1380 2138 11ῖ
1390 2083 1569 2151 factumest,
1577 2086 1607 2139 et
1618 2098 1679 2139 non
1691 2083 1783 2139 aliter

78 2159 145 2216 vult
157 2161 283 2223 bonum.
300 2169 332 2225 Si
345 2187 418 2230 vero
433 2174 564 2231 dicitur:
582 2176 665 2232 Deus
679 2176 747 2232 11111
772 2175 898 2244 malum,
954 2170 1782 2243 esse.Etsicessebonumeratetianiineoquodbonum

78 2263 170 2318 grave
183 2257 229 2309 est
242 2258 350 2315 auditu
359 2265 458 2319 etnon
471 2264 558 2320 facile
566 2266 674 2338 recipit
682 2265 799 2337 hocpia
812 2278 900 2320 mens
953 2274 1015 2314 nou
1030 2262 1104 2315 erat.
1116 2260 1155 2315 Et
1169 2259 1271 2332 ipsum
1283 2260 1364 2332 quod
1377 2261 1493 2317 bonum
1506 2276 1568 2316 non
1579 2263 1644 2316 erat
1655 2275 1717 2315 non
1727 2274 1782 2316 vo·

77 2335 113 2391 de
126 2338 208 2398 bono
220 2346 302 2416 quod
316 2349 432 2406 malum
446 2352 522 2408 vult.
539 2353 667 2409 Videtur
682 2355 763 2409 enim
777 2352 834 2408 hoc
850 2368 899 2408 eo·
952 2348 1022 2418 luit,
1035 2348 1089 2404 sed
1111 2364 1177 2405 esse
1198 2349 1300 2421 ipsum
1322 2349 1421 2406 voluit
1439 2350 1587 2422 quoniam
1602 2349 1634 2404 id
1663 2348 1782 2405 bonum

76 2424 142 2482 lum
155 2427 216 2487 dici
230 2448 299 2490 cum
314 2436 425 2494 dicitur
440 2440 742 2512 Deambulatum,
758 2443 833 2515 quia
846 2443 898 2499 bo·
953 2439 1027 2492 erut.
1044 2437 1082 2492 Et
1097 2453 1166 2493 cnm
1180 2437 1297 2494 factum
1312 2442 1367 2507 θεῖ,
1387 2438 1419 2493 id
1431 2439 1547 2494 factum
1572 2441 1618 2493 θεῖ
1632 2437 1714 2508 quod
1726 2451 1780 2491 vo-

78 2528 138 2571 nus
152 2519 268 2577 malum
282 2523 384 2596 diligit
395 2531 425 2584 et
439 2530 589 2602 approbat
604 2532 686 2603 quod
700 2547 828 2604 pravum
842 2535 897 2601 θεῖ,
952 2522 1026 2594 luit,
1040 2526 1186 2596 quoniam
1201 2527 1317 2582 bonum
1333 2531 1409 2597 erat,
1425 2531 1455 2583 et
1467 2527 1524 2583 hoo
1538 2525 1645 2583 voluit.
1662 2525 1782 2580 Tamen

78 2606 108 2659 θῖ
129 2607 259 2666 amicam
274 2612 333 2668 sibi
359 2620 481 2688 reputat
505 2618 711 2691 iniquitatem,
736 2623 765 2675 et
788 2619 900 2693 gaudet
952 2612 1028 2669 dicis
1045 2630 1050 2668 :
1068 2614 1171 2671 minus
1186 2615 1296 2671 habuit
1309 2615 1454 2671 voluntas
1469 2615 1535 2688 ejus
1551 2619 1581 2670 et
1595 2614 1698 2670 minus
1713 2612 1782 2668 ade·

79 2695 168 2764 quasi
182 2696 218 2753 de
231 2701 382 2759 consimili
397 2708 426 2760 et
443 2705 559 2763 bonum
579 2711 668 2780 putat
689 2709 771 2780 quod
783 2702 899 2764 malum
952 2705 1006 2772 pta
1018 2704 1064 2757 θεῖ
1078 2705 1108 2757 θῖ
1121 2703 1225 2759 minus
1238 2703 1374 2776 impleta,
1387 2708 1417 2760 θῖ
1428 2704 1606 2776 imperfecta
1619 2701 1779 2770 remansit3

77 2785 136 2852 est,
153 2786 184 2840 θῖ
196 2786 265 2844 ideo
277 2791 392 2849 refutat
406 2793 463 2851 hoc
475 2810 561 2851 mens
572 2796 639 2868 pie3
654 2812 716 2852 non
732 2797 806 2869 quia
817 2797 900 2869 quod
952 2791 1026 2863 quia
1040 2792 1155 2847 factum
1169 2807 1230 2847 non
1245 2796 1291 2848 est
1303 2793 1419 2848 bonum
1432 2793 1514 2865 quod
1525 2791 1623 2848 voluit
1635 2809 1641 2846 :
1654 2795 1684 2847 et
1696 2789 1781 2863 quod

76 2868 189 2928 dicitur
202 2889 263 2932 non
277 2878 355 2937 bene
368 2882 489 2954 dicitur,
500 2885 553 2941 sed
560 2887 634 2958 quia
646 2886 728 2958 quod
742 2886 819 2943 bene
830 2886 899 2942 diei·
953 2879 1053 2935 noluit
1066 2879 1182 2935 malum
1200 2880 1315 2936 sactum
1342 2884 1397 2936 θεῖ.
1414 2881 1483 2937 Non
1509 2896 1579 2951 ergo
1605 2879 1780 2935 consideras

78 2960 129 3014 tur
142 2977 204 3018 non
218 2965 295 3024 bene
307 2970 498 3042 intelligitur.
916 2969 941 3028 G
952 2968 1035 3038 quod
1041 2969 1120 3025 sicut
1130 2968 1245 3024 malurn
1252 2970 1414 3025 nonhabet
1424 2969 1506 3041 quod
1518 2970 1686 3025 factumest
1696 2966 1780 3039 quod

955 3056 1055 3113 noluit
1059 3072 1068 3126 ;
1083 3058 1128 3112 ita
1142 3073 1240 3130 neque
1263 3058 1344 3114 bono
1370 3061 1462 3126 caret,
1480 3057 1562 3129 quod
1586 3058 1701 3113 factum
1716 3070 1781 3111 non

955 3149 1002 3201 θεῖ
1016 3147 1099 3218 quod
1112 3147 1220 3204 voluit.
1236 3147 1323 3214 Quod
1337 3147 1418 3202 enim
1433 3145 1501 3202 vult
1512 3150 1543 3202 et
1556 3146 1657 3217 diligit
1670 3144 1780 3212 babet;

955 3239 984 3291 et
997 3234 1081 3306 quod
1092 3250 1154 3290 non
1167 3235 1236 3290 vult
1249 3239 1279 3290 et
1293 3235 1358 3290 odit
1373 3250 1434 3291 non
1450 3235 1551 3290 habet.
1563 3234 1602 3288 Et
1615 3231 1698 3305 quod
1711 3231 1781 3287 vult

955 3338 1020 3380 esse
1035 3323 1216 3395 adipiscitur
1231 3324 1305 3394 quia
1317 3324 1366 3391 ut3
1392 3326 1422 3378 et
1443 3321 1524 3394 quod
1546 3321 1614 3378 vult
1629 3336 1692 3376 non
1714 3335 1782 3376 esse

955 3412 1105 3481 similiter,
1120 3413 1268 3483 quianon
1282 3412 1326 3467 fit.
1341 3412 1380 3466 Et
1395 3426 1555 3482 nunquam
1570 3424 1656 3465 cassa
1670 3412 1717 3465 est
1732 3423 1783 3465 vo·

77 3081 151 3140 Gne.
166 3085 249 3144 XIII.
265 3093 352 3152 Quod
366 3096 451 3151 Deus
467 3112 531 3153 non
544 3099 616 3153 vult
629 3100 730 3168 enata,
747 3101 899 3168 quamvis

138 3175 215 3230 velit
229 3182 267 3231 ut
281 3183 372 3236 mala
387 3184 465 3251 sint,
481 3186 561 3253 quia
577 3186 634 3241 boe
648 3188 765 3242 boscum
781 3193 838 3243 est.

112 3276 181 3334 Non
193 3281 275 3337 enirn
290 3282 347 3340 hoc
361 3287 460 3344 solum
475 3289 587 3346 dicitur
600 3291 697 3347 sedin
712 3307 747 3348 eo
762 3293 843 3365 quod
857 3293 900 3348 di-

77 3365 157 3422 citur
168 3367 285 3440 aliquid
298 3372 481 3445 intelligitur
504 3377 586 3448 quod
606 3394 667 3434 non
689 3380 811 3450 dicitur,
826 3396 900 3453 quo·

77 3453 161 3510 niam
180 3457 296 3515 malum
310 3475 376 3517 esse
390 3464 458 3520 vult
470 3468 499 3521 et
513 3465 629 3522 malum
644 3482 706 3523 non
720 3468 788 3524 vult

77 3542 102 3598 si
117 3543 175 3601 hoc
187 3545 286 3603 solum
298 3550 763 3628 intelligendumest,ineoqu0d
777 3556 899 3627 dicitur,

75 3633 143 3689 vult
157 3634 240 3691 Deus
252 3639 368 3695 malum
383 3641 544 3699 dicendum
554 3645 680 3701 omnino
691 3661 752 3701 non
767 3648 903 3718 estquo-

75 3721 159 3778 niam
170 3739 232 3782 non
243 3730 393 3800 approbas
402 3731 479 3788 illud
490 3749 627 3806 prorsus,
637 3751 735 3807 neque
746 3736 902 3791 existimat
967 3715 1040 3772 Gne.
1058 3714 1122 3771 XV.
1136 3714 1298 3781 Quomodo
1311 3715 1394 3770 enati
1406 3714 1607 3769 excusabiles
1620 3725 1686 3766 non
1699 3711 1769 3766 sint

74 3809 201 3883 bonum,
217 3817 271 3872 sed
283 3821 470 3877 contrarium
481 3823 599 3894 judicat
610 3824 669 3880 sibi
680 3825 762 3881 bono
773 3825 899 3896 malum,
1002 3807 1224 3875 quamvisper
1236 3819 1287 3860 2⁰³
1303 3796 1455 3858 ὗθῑίιηΐᾱθ
1469 3803 1526 3857 Dei
1540 3802 1729 3870 impleatur·

75 3904 105 3957 et
120 3918 138 3956 a
152 3918 207 3959 suo
221 3904 365 3975 alienum,
376 3913 406 3963 et
416 3911 719 3968 nondesideratillud
731 3915 821 3984 quasi
834 3931 902 3970 con·
989 3911 1048 3967 Sed
1058 3912 1200 3968 fortassis
1210 3911 1321 3966 iterum
1334 3907 1408 3964 mali
1415 3905 1604 3963 excusabiles
1614 3905 1781 3961 videantur

74 3991 212 4061 veniens,
225 3996 256 4048 θῖ
270 3995 461 4052 concordiam
476 3999 594 4055 habens
606 4016 676 4056 cum
691 4016 725 4056 eo
739 4002 820 4074 quod
835 4004 901 4074 ipse
953 4015 1023 4056 cum
1037 3999 1260 4067 malefaciunt,
1276 3999 1421 4070 quoniam
1437 3996 1580 4052 voluntas
1604 3993 1660 4050 Dei
1674 3991 1782 4065 imple·

75 4081 131 4148 est,
148 4083 261 4136 etcum
277 4097 312 4138 eo
325 4084 409 4155 quod
421 4085 460 4141 ab
474 4086 541 4159 ipso
565 4092 622 4158 est,
638 4092 752 4145 etcum
769 4092 901 4162 eoquod
954 4092 1005 4144 tur
1019 4088 1111 4143 etiam
1130 4088 1163 4143 in
1188 4087 1278 4143 malis
1304 4102 1373 4158 quae
1398 4085 1525 4141 faciunt.
1541 4083 1599 4140 Sed
1620 4080 1782 4137 voluntate

76 4166 176 4224 simile
188 4168 247 4225 sibi
262 4172 322 4241 est,
336 4171 390 4227 sed
403 4177 583 4231 extraneum
604 4180 634 4232 et
647 4176 850 4250 longinquum
871 4183 902 4235 θῖ
954 4191 1011 4231 sua
1020 4175 1093 4231 mali
1105 4176 1294 4248 judicantur,
1310 4176 1385 4246 quia
1397 4175 1454 4230 Dei
1468 4173 1620 4230 voluntati
1636 4170 1782 4226 contrarii

73 4255 206 4314 inomni
230 4257 480 4320 dissimilitudine
503 4265 715 4321 constitutum.
732 4266 771 4322 Εῖ
796 4270 899 4322 tamen
913 4305 942 4363 D
956 4269 1036 4320 sunt.
1053 4265 1123 4320 Non
1141 4264 1264 4337 quidem
1287 4264 1440 4320 voluntati
1465 4264 1531 4335 ejus
1555 4259 1725 4317 resistendo
1747 4261 1783 4315 ut

74 4346 142 4402 vult
155 4362 222 4404 esse
234 4349 360 4420 malum,
374 4355 404 4406 et
424 4352 457 4408 in
471 4368 506 4409 eo
520 4369 581 4410 non
606 4355 666 4411 nisi
679 4355 806 4428 bonum
822 4355 900 4427 vult,
954 4353 1009 4409 siat
1022 4353 1105 4425 quod
1119 4369 1181 4409 non
1196 4353 1263 4409 vult
1271 4354 1345 4425 quia
1354 4340 1564 4424 nonpossunt3
1578 4350 1631 4407 sed
1640 4349 1782 4404 resistere

791 3511 797 3523 ·
814 3468 901 3534 Qu⁰d
954 3502 1058 3557 luntas
1072 3501 1137 3572 ejus
1152 3503 1261 3555 utnon
1276 3501 1329 3554 frat
1344 3500 1427 3572 quod
1450 3499 1527 3569 vult,
1544 3514 1642 3571 neque
1655 3498 1782 3553 infirma

955 3587 1120 3661 aliquando
1134 3592 1169 3671 ut
1180 3588 1235 3644 fiat
1247 3589 1328 3660 quod
1344 3603 1404 3643 non
1419 3586 1496 3643 vult.

75 4434 279 4505 quiabonum
293 4441 339 4493 est
357 4439 473 4496 malum
488 4457 568 4510 esse3
582 4447 612 4498 et
635 4457 697 4498 non
711 4443 779 4499 vult
798 4442 901 4515 ipsum
954 4441 1083 4497 volendo
1098 4443 1172 4513 quia
1195 4441 1268 4496 mali
1284 4444 1366 4496 sunt.
1381 4441 1420 4495 Et
1440 4441 1509 4512 ipsa
1532 4438 1613 4493 mala
1635 4436 1782 4493 voluntas

73 4521 200 4593 malum,
215 4525 296 4595 quia*
302 4525 418 4582 bonum
440 4543 503 4584 non
517 4532 563 4584 est
576 4531 679 4602 ipsum
702 4530 829 4586 malum.
843 4530 901 4586 Sed
955 4529 1044 4601 culpa
1057 4532 1104 4583 est
1118 4544 1179 4600 qua
1192 4529 1277 4585 aliud
1290 4530 1400 4585 volunt
1408 4545 1416 4598 3
1433 4528 1565 4584 facultas
1580 4529 1683 4583 autem
1695 4525 1788 4597 justa.

74 4608 142 4666 vult
154 4610 270 4667 bonurn
283 4615 416 4684 tantum,
432 4620 462 4672 et
473 4616 575 4688 diligit
588 4620 618 4673 et
627 4617 795 4674 delectatur
809 4620 900 4689 ineo,
955 4633 1017 4689 qua
1030 4616 1115 4671 aliud
1129 4632 1192 4673 nou
1206 4618 1393 4690 possuntEt
1406 4632 1476 4673 oum
1483 4616 1591 4672 volunt
1605 4613 1689 4687 quod
1696 4613 1781 4668 Deus

76 4697 166 4769 quasi
186 4699 220 4754 in
239 4715 295 4756 suo
318 4707 448 4773 cognato
469 4708 499 4761 et
525 4705 622 4761 amico
646 4709 676 4761 θῖ
698 4707 848 4779 proximo.
863 4708 902 4763 llt
954 4704 1033 4774 vult,
1049 4720 1110 4761 non
1122 4705 1190 4761 ideo
1204 4707 1277 4762 boni
1302 4706 1475 4776 suntquis
1496 4720 1558 4761 non
1578 4704 1704 4775 propter
1724 4701 1782 4757 boo

75 4789 200 4858 propter
213 4787 270 4844 hoc
284 4789 360 4847 bene
376 4796 466 4849 sonat
480 4796 510 4849 et
520 4792 651 4850 libenter
669 4795 818 4868 accipitur
832 4811 901 4852 cum
955 4795 1064 4850 volunt
1078 4795 1152 4867 quia
1176 4796 1260 4851 Deus
1281 4793 1358 4850 vult.
1381 4793 1420 4849 Et
1443 4793 1527 4866 quod
1549 4791 1657 4849 volunt
1677 4791 1782 4862 ipsum

75 4874 189 4933 dicitur
200 4874 285 4933 Deus
298 4879 366 4936 vult
378 4881 505 4953 bonum,
522 4883 686 4957 quiaillud
702 4888 825 4941 tantum
839 4883 903 4939 dili·
956 4884 1040 4940 Deue
1053 4900 1114 4940 non
1129 4883 1206 4952 vult,
1223 4883 1369 4956 quoniam
1380 4881 1497 4938 malum
1504 4880 1613 4937 volunt
1622 4883 1652 4935 et
1664 4879 1782 4936 malum

77 4964 122 5036 git
137 4967 167 5020 et
181 4980 243 5027 non
253 4967 370 5024 malum
385 4985 455 5027 cum
463 4988 525 5044 quo
538 4973 598 5029 sihi
611 4973 807 5046 participatio
817 4972 904 5029 nulla
956 4972 1040 5027 Deus
1053 4988 1115 5027 non
1129 4971 1205 5026 vult.
1221 4970 1402 5043 Approbant
1416 4970 1498 5025 enim
1512 4973 1543 5025 θ1
1553 4967 1687 5039 diligunt
1699 4965 1784 5039 quod

75 5056 132 5125 est,
148 5069 247 5128 neque
259 5055 440 5129 similitudo,
457 5061 523 5116 sine
538 5061 587 5117 his
602 5077 671 5133 quse
687 5067 760 5119 sunt
783 5062 903 5133 abipso
957 5060 1041 5115 Deus
1054 5059 1118 5116 odit
1123 5075 1132 5127 3
1149 5075 1183 5114 ac
1197 5073 1250 5131 per
1263 5058 1320 5115 hoe
1330 5059 1394 5114 Deo
1409 5057 1554 5114 contrarii
1568 5057 1683 5112 suntet
1696 5054 1783 5123 mali,

74 5144 105 5198 et
121 5158 190 5217 quae
216 5144 331 5200 habent
355 5147 588 5206 similitudinem
610 5166 681 5207 cum
702 5152 778 5223 ipso.
795 5151 905 5223 ltaque
957 5151 987 5204 et
998 5151 1181 5219 peccatores,
1197 5151 1227 5203 et
1241 5147 1293 5203 rei.
1310 5147 1380 5203 Non
1395 5146 1520 5219 quidem
1544 5143 1684 5200 faciendo
1699 5141 1785 5215 quod

80 5231 150 5288 vult
161 5232 245 5290 Deus
266 5233 393 5305 bonurn,
409 5239 439 5292 et
459 5252 520 5292 non
539 5238 607 5294 vult
621 5239 706 5295 Deus
723 5238 854 5308 malum,
874 5242 905 5294 et
958 5237 1041 5292 Deus
1052 5237 1135 5308 juste
1147 5236 1212 5292 fieri
1227 5234 1536 5306 noluit,sedamando
1548 5230 1786 5304 etapprobando

82 5320 150 5378 vult
164 5322 391 5393 omnebonum,
407 5327 537 5382 etomne
551 5328 667 5383 malum
694 5342 754 5382 non
774 5326 850 5381 vult.
867 5327 906 5382 llt
959 5324 1042 5397 quod
1055 5323 1137 5380 Deus
1152 5339 1214 5380 non
1227 5323 1337 5395 diligit.
1351 5324 1420 5381 Non
1440 5323 1536 5394 igitur
1549 5322 1582 5376 in
1605 5335 1640 5376 eo
1661 5318 1736 5392 quia
1749 5318 1788 5375 fit

83 5409 140 5467 hoc
155 5414 253 5468 totum
266 5414 451 5487 suscipimus
458 5419 488 5472 et
497 5418 702 5491 approbamus
712 5419 742 5471 et
752 5415 882 5471 dicimus
897 5432 903 5471 :
959 5412 1041 5485 quod
1055 5412 1091 5468 fit
1104 5411 1293 5468 voluntatem
1314 5413 1370 5468 Dei
1394 5411 1566 5484 impediunt
1572 5425 1581 5479 3
1596 5408 1649 5464 sed
1669 5408 1787 5478 inipso

83 5500 166 5571 quod
179 5518 285 5559 verum
300 5507 347 5560 θεῖ
358 5505 415 5562 hoc
428 5509 537 5577 totum,
553 5506 699 5579 quoniam
712 5505 812 5576 diligit
823 5503 906 5577 quod
960 5501 1043 5574 quod
1055 5501 1091 5557 fit
1105 5517 1124 5556 a
1138 5501 1298 5558 dilectione
1310 5501 1367 5557 Dei
1392 5500 1546 5556 recedunt.
1563 5498 1602 5553 Et
1620 5494 1695 5552 mali
1712 5498 1788 5551 sunt

85 5594 414 5651 suumesttotum1et
433 5611 496 5652 non
518 5594 618 5666 diligit
636 5594 697 5650 nisi
718 5593 800 5667 quod
814 5609 905 5649 suum
960 5606 1022 5647 non
1045 5590 1200 5647 efficiendo
1222 5591 1409 5648 contrarium
1428 5590 1528 5661 ipsius
1551 5585 1717 5655 voluntati,
1732 5582 1788 5640 sed

84 5679 144 5748 0⁸2,
156 5692 255 5751 neque
268 5679 334 5741 odit
346 5684 408 5743 nisi
420 5684 503 5758 guod
516 5699 608 5748 suum
622 5685 752 5756 nonest,
766 5685 796 5742 et
807 5684 907 5743 totum
961 5679 1093 5739 amando
1107 5682 1295 5738 consanum
1314 5679 1414 5752 ipsius
1427 5677 1592 5737 dilectioni.
1608 5673 1787 5748 111ῖεὶ111111-
