3742 6082
61 212 116 268 865

682 213 728 267 DE
751 213 780 267 B.
801 212 919 268 MARlAE
938 215 1167 278 VIRGINITATE.

1725 228 1777 283 866

59 332 206 400 docentia,
222 332 305 405 quod
318 333 381 389 sine
392 334 557 393 dilectionis
574 337 686 394 toedere
700 352 788 393 cassa
803 336 849 405 sit,
866 340 894 393 et
910 336 1143 411 Acognoseeret
1155 343 1297 418 deinceps
1311 362 1373 403 non
1395 350 1602 422 proposuerat.
1632 351 1695 405 Non
1723 350 1777 407 uti-

59 423 165 480 virtute
180 437 295 488 carens,
312 422 428 478 etiamsi
443 430 619 497 permaneat
634 426 759 483 societas
782 425 891 482 carnis.

59 517 125 571 Non
153 528 225 582 ergo
249 511 342 568 virtus
371 515 551 571 sacramenti
575 515 742 587 conjugalis
758 516 893 572 incarne

59 608 114 672 cst,
129 603 227 660 sedin
241 607 351 674 mente,
364 620 419 660 nec
434 604 482 661 ille
497 622 663 663 consensus
690 606 729 662 ad
751 606 892 662 sanctita-

59 699 120 751 tem
134 692 349 766 perficiendam
364 694 533 767 requiritur,
548 696 642 769 quiet
657 700 725 751 ante
734 699 891 768 peceatum

60 782 230 855 conjugatis
243 778 432 839 indicebatur
446 784 485 840 ad
500 783 643 841 officium.
657 788 725 841 Post
734 789 891 857 peecatum

59 890 132 930 vcro
146 889 182 929 eo
197 888 295 946 usque
308 872 471 941 descendit,
485 878 516 928 ut
527 875 593 945 jam
606 890 687 930 nunc
711 875 893 931 concedatur

59 963 98 1021 ad
112 962 290 1020 remedium.
306 966 503 1036 Nequaquam
514 980 585 1034 crgo
598 980 635 1020 ex
649 980 684 1020 eo
699 963 891 1036 pensandum

59 1057 104 1110 est
131 1051 263 1123 conjugii
286 1056 519 1120 sacramentum,
544 1053 574 1110 in
598 1070 660 1127 quo
675 1056 745 1110 tunc
765 1053 893 1110 sanctiti-

59 1146 189 1211 caretur‚
216 1141 269 1197 sed
293 1146 479 1197 exerceretur
502 1142 671 1214 conjugalis
700 1143 836 1209 castitas;
864 1146 892 1199 et

58 1248 141 1288 nunc
162 1230 398 1288 sanctificaretur
435 1231 628 1303 conjugium,
665 1232 719 1287 sed
747 1231 892 1303 excipitur

58 1321 292 1392 conjugatorum
306 1319 474 1376 iufirmitas.
492 1323 650 1394 Propterea
664 1321 746 1388 olim,
766 1320 890 1392 quando

57 1409 135 1466 fides
150 1413 214 1466 erat
225 1409 256 1464 in
272 1409 386 1482 populo
403 1425 472 1477 uno,
498 1414 527 1466 et
554 1414 672 1482 tempus
696 1409 735 1465 ad
750 1408 892 1482 multipli-

58 1499 193 1556 candum
207 1514 368 1554 numerum
381 1497 516 1554 fidelium
531 1515 622 1572 opera
637 1498 726 1554 officii
748 1498 891 1569 conjuga-

56 1589 94 1645 lis
110 1585 245 1657 indiguit,
260 1586 381 1642 cernam
395 1588 608 1643 commercium
625 1587 664 1643 ab
679 1603 741 1643 uno
755 1587 787 1643 in
801 1587 891 1661 pluri-

948 444 1008 501 que
1022 431 1095 489 dixit
1110 450 1116 489 :
1132 433 1232 490 Virum
1244 450 1306 492 non
1316 435 1452 506 cognovi,
1469 435 1522 492 sed
1538 437 1638 491 Virum
1653 451 1715 491 non
1729 451 1777 492 eo·

948 534 1071 589 gnoseo.
1102 523 1269 592 Quomodo,
1298 524 1404 597 inquit,
1420 525 1471 581 fiet
1484 526 1584 581 istud?
1599 524 1698 583 virum
1714 540 1776 583 non

948 624 1108 692 cognosco,
1125 611 1243 668 etdicor
1261 612 1357 669 filium
1373 613 1521 686 paritura,
1534 613 1689 687 quomodo
1703 628 1776 684 ergo

947 698 998 752 fiet
1012 698 1101 769 istud,
1126 705 1158 755 ut
1170 699 1267 757 tilium
1282 702 1409 773 pariam,
1434 706 1463 758 et
1475 702 1574 757 virum
1589 717 1652 757 non
1665 717 1787 773 cogno

947 801 1030 841 scam
1048 805 1054 842 :
1071 788 1147 852 Quia
1161 788 1259 845 virum
1274 805 1336 846 non
1357 806 1517 861 cognosco.
1547 790 1625 856 Quid
1651 794 1705 859 est,
1733 790 1777 848 vi-

946 889 1014 929 rum
1028 889 1091 930 non
1105 878 1277 945 cognosco?
1292 878 1477 949 Propositum
1492 879 1591 934 habeo
1600 878 1696 934 virum
1713 893 1775 936 non

947 978 1126 1033 cognoscere
1140 983 1147 1033 ;
1163 965 1354 1038 propositum
1367 966 1464 1023 habeo
1484 967 1661 1037 virginitatis
1682 967 1775 1024 decus

947 1054 1086 1125 usquein
1101 1054 1193 1112 finem
1206 1054 1383 1112 inviolatum
1407 1072 1592 1113 conservare.
1616 1056 1774 1123 Quomodo

946 1141 971 1196 si
996 1142 1102 1199 dixerit
1125 1144 1193 1218 quis
1208 1162 1215 1200 :
1231 1144 1339 1201 Vinum
1366 1160 1428 1200 non
1456 1145 1536 1217 bibo,
1561 1161 1622 1201 non
1648 1162 1774 1218 possum

945 1235 1026 1288 bunc
1041 1233 1164 1290 calicem
1179 1239 1317 1306 gustare;
1333 1235 1390 1292 hoc
1406 1240 1448 1291 est
1461 1235 1533 1308 quia
1547 1235 1577 1290 in
1592 1239 1662 1291 voto
1676 1236 1773 1291 habeo

944 1320 1050 1378 vinum
1065 1339 1126 1379 non
1150 1325 1262 1393 bibere,
1287 1341 1348 1381 non
1373 1342 1497 1399 possum
1512 1329 1631 1397 gustare
1651 1323 1773 1381 calicem

944 1408 1085 1468 istum.Et
1096 1412 1173 1469 sicut
1184 1413 1299 1471 dictum
1311 1419 1368 1471 est:
1383 1414 1513 1471 Nazaroei
1525 1431 1645 1471 comam
1655 1429 1718 1470 non
1731 1413 1784 1471 in·-

944 1499 1048 1557 cidunt
1060 1502 1159 1573 (Dent.
1174 1519 1267 1558 xxxin
1280 1521 1287 1572 3
1302 1504 1419 1560 dediti.
1436 1508 1578 1575 xrir,xv1),
1596 1503 1653 1560 hoe
1665 1507 1774 1572 estro-

944 1590 1008 1645 tum
1036 1591 1149 1647 habent
1171 1607 1292 1648 comam
1319 1609 1382 1648 non
1409 1592 1580 1661 incidendi;
1603 1593 1645 1649 sic
1659 1591 1774 1649 dictum

57 1678 117 1734 bus
131 1675 335 1742 exercebatur,
351 1676 424 1732 etin
441 1675 520 1733 unici
540 1677 651 1733 amoris
673 1677 822 1747 singulare
845 1692 891 1732 sa·
909 1702 929 1756 Β
944 1682 1009 1734 est:
1031 1679 1132 1737 Virum
1155 1697 1216 1736 non
1232 1697 1392 1752 cognosco.
1418 1681 1576 1748 Quomodo
1602 1682 1703 1755 itaque
1724 1679 1775 1737 fiet

59 1769 249 1823 crementum
264 1780 326 1820 non
337 1764 510 1821 laedebatur.
524 1769 607 1822 Nune
619 1782 690 1822 vero
703 1765 827 1840 quando
839 1781 890 1838 po-

58 1855 150 1929 pulus
165 1853 216 1910 liei
240 1852 384 1925 spirituali
406 1854 505 1926 potius
532 1855 722 1925 generatione
750 1853 890 1927 multipli-

944 1766 1035 1836 istud,
1051 1770 1196 1842 quoniam
1210 1770 1308 1827 virum
1323 1787 1386 1827 non
1401 1786 1552 1841 cognosco
1566 1772 1580 1827 ‘t

979 1859 1020 1913 Et
1034 1860 1078 1914 ait
1089 1860 1215 1930 perpetus
1238 1861 1265 1916 ei
1278 1875 1290 1916 .·
1303 1860 1435 1930 Spiritus
1450 1867 1575 1931 sanctos
1586 1861 1774 1930 superveniet

58 1944 177 2001 candus
192 1948 238 2000 est
262 1943 301 1999 ad
322 1945 597 2002 commendandam
620 1944 778 2014 singularis
792 1960 890 2001 sacra·
944 1948 975 2001 in
992 1953 1029 2018 te,
1045 1953 1072 2003 et
1086 1950 1182 2003 virtus
1195 1949 1334 2005 citissimi
1352 1949 1538 2005 charadrebit
1560 1949 1614 2004 tibi
1634 1949 1717 2020 (Luc.
1740 1949 1772 2020 1).

59 2032 154 2089 menti
166 2032 323 2103 unitatem,
339 2034 422 2106 quod
435 2038 479 2090 est
492 2034 523 2089 in
541 2034 655 2106 spiritu,
672 2050 735 2089 non
758 2033 816 2089 nisi
829 2050 891 2091 una
944 2037 1018 2107 Noli,
1043 2037 1149 2110 inquit,
1176 2042 1298 2111 propter
1320 2038 1508 2111 propositum
1536 2036 1709 2108 virginitatis
1735 2037 1773 2092 de

58 2123 112 2179 uui
126 2123 156 2178 iu
172 2138 261 2179 carne
275 2138 338 2179 una
351 2122 522 2179 loederatur.
538 2127 618 2179 Tunc
632 2128 753 2197 propter
764 2123 890 2180 necessi·
944 2125 1145 2198 promissione
1156 2125 1249 2199 prolis
1263 2124 1408 2181 diffidere.
1432 2125 1555 2198 Spiritus
1582 2128 1703 2181 sanctus
1722 2140 1773 2180 su-

59 2217 152 2269 tatem
166 2211 284 2268 lieentia
297 2212 395 2269 carnis
410 2212 481 2267 loris
507 2213 537 2267 in
556 2228 646 2286 opere
662 2212 840 2281 laxabatur3
861 2217 891 2270 et
944 2213 1139 2286 pervenietiu
1155 2219 1192 2270 te.
1205 2214 1360 2287 concipies
1385 2214 1480 2269 tilium
1502 2230 1563 2270 non
1586 2229 1602 2268 e
1626 2213 1702 2282 viro,
1718 2213 1773 2269 sed

59 2307 162 2358 tamen
176 2301 317 2358 sanctitas
331 2301 411 2357 intus
432 2300 463 2355 in
483 2301 590 2357 virtute
613 2301 793 2357 sacramenti
818 2301 891 2358 inte-

59 2408 115 2463 gra
131 2391 324 2458 servabatur;
339 2407 420 2447 nunc
434 2395 555 2466 propter
567 2391 779 2465 perfectionem
798 2392 889 2448 etiam

59 2498 153 2556 opera
167 2481 264 2538 carnis
280 2480 352 2536 loris
365 2480 405 2537 ad
420 2481 564 2537 unitatem
580 2480 732 2552 stringitur
746 2501 753 2549 ;
769 2481 838 2537 etin
853 2497 889 2537 eo

58 2575 162 2628 tamen
175 2570 272 2627 unitas
287 2570 447 2642 singularis
470 2571 650 2626 sacramenti
671 2586 732 2626 non
752 2569 888 2637 efficitur,

59 2661 113 2717 sed
132 2659 370 2716 commendatur.
399 2663 464 2717 llaec
488 2659 567 2716 dieta
594 2665 663 2715 sunt
687 2675 741 2732 pro
756 2658 890 2732 eoquod

58 2748 247 2825 propositum
263 2753 326 2805 erat
338 2748 556 2816 demonstrare,
566 2748 650 2821 quod
664 2748 726 2803 siue
740 2763 890 2804 consensu

59 2838 189 2896 carnalis
201 2838 373 2895 commercii
388 2839 564 2909 conjugium
580 2842 718 2894 sanctum
741 2842 771 2894 et
783 2853 889 2893 verum

39 2923 126 2984 'esse
138 2927 233 3002 possit
247 2945 253 2994 ;
270 2943 368 3000 neque
380 2927 412 2983 in
431 2943 558 2983 assensn
572 2927 666 2983 coitus
688 2927 795 2995 curun,
823 2942 891 2983 san-

60 3017 145 3074 ctitas
161 3016 341 3073 sacramenti
355 3017 524 3088 conjugalis
540 3016 692 3073 consistat.

95 3109 165 3162 Post
177 3106 242 3162 haee
256 3122 337 3162 nunc
346 3110 492 3179 superest,
506 3110 540 3162 ut
549 3106 586 3161 de
599 3110 693 3162 matre
705 3105 819 3176 virgine
831 3121 890 3161 scr-

59 3212 183 3253 monem
211 3196 242 3251 in
267 3196 403 3252 medium
425 3211 632 3269 proponamus
656 3199 685 3252 et
700 3195 888 3268 inquiramus

58 3302 121 3359 qua
133 3285 247 3342 ratione
261 3285 310 3341 vel
320 3285 493 3341 auctoritate
512 3284 635 3358 probari
656 3285 761 3358 possit,
790 3284 890 3357 ipsam

59 3378 88 3430 et
112 3390 217 3431 veram
240 3374 332 3430 luisse
355 3374 526 3445 conjugem,
552 3377 581 3430 et
601 3373 630 3429 iu
646 3390 775 3430 assensu
790 3378 889 3430 tamen

58 3464 225 3535 conjugalis
240 3462 417 3535 virginitatis
431 3463 620 3536 propositum
644 3480 706 3520 non
732 3472 864 3520 mutasse
881 3481 888 3519 :

57 3555 166 3610 Missas
188 3559 229 3611 cst
246 3555 372 3624 angelus
383 3554 506 3610 Gobriet
517 3569 536 3609 α
548 3554 609 3610 Deo
621 3554 654 3609 in
665 3555 815 3610 civitatem
829 3555 889 3610 Nn·

56 3647 173 3714 zareth,
187 3648 227 3703 ad
241 3648 387 3717 virginem
403 3645 612 3715 desponsatam
628 3647 703 3713 viro,
721 3647 771 3701 cni
783 3660 889 3700 nomen

57 3740 122 3792 erat
135 3736 245 3806 Josepls
255 3736 292 3792 de
304 3735 390 3790 domo
402 3734 511 3805 David,
525 3740 553 3789 ct
567 3749 675 3790 nomen
689 3734 816 3803 virginis
826 3734 891 3788 Μα-

57 3829 105 3883 rta
135 3827 217 3897 (Lac.
241 3827 272 3899 r).
302 3828 378 3896 Ergo
406 3826 589 3898 desponsata
613 3826 678 3895 jam
703 3828 767 3879 erat
790 3823 889 3892 llario,

57 3916 184 3989 quando
195 3914 234 3970 ad
246 3915 328 3971 illam
337 3915 446 3971 missus
462 3918 508 3970 est
521 3914 646 3983 angelus
661 3910 804 3969 Gabriele
817 3913 888 3967 lieo.

56 4005 220 4062 videamus
236 4005 318 4079 quod
331 4005 464 4079 sequitur
477 4022 483 4060 :
497 4005 536 4060 Et
550 4005 699 4075 inpressos
713 4004 838 4074 onpetus
850 4002 891 4058 ort

57 4111 122 4152 earn
138 4096 216 4152 discit
234 4112 240 4150 :
256 4096 329 4163 Aee,
357 4096 459 4166 pratia
485 4095 587 4166 piene,
611 4094 756 4149 Dominus
769 4097 889 4165 tecum:

59 4186 212 4243 benedicto
233 4191 265 4241 tn
280 4187 359 4242 inter
380 4186 528 4242 mutieres.
560 4184 630 4251 Qua
657 4199 725 4240 cnm
747 4183 889 4251 cuciisset,

57 4275 182 4331 turbato
196 4281 236 4331 cst
251 4276 283 4331 in
308 4289 442 4331 emmone
456 4276 537 4345 ejns,·
560 4280 587 4331 ct
603 4274 765 4344 cogitabat,
789 4271 889 4342 quotis

944 2305 981 2360 de
999 2304 1108 2377 Spiritu
1123 2308 1237 2360 sancto.
1254 2303 1414 2360 Promissio
1433 2303 1556 2378 quidem
1582 2319 1651 2360 mea
1678 2302 1774 2376 imple

945 2392 1040 2461 bitur,
1054 2393 1109 2449 sed
1116 2398 1216 2449 tamen
1230 2391 1419 2466 propositum
1431 2396 1515 2448 tuum
1528 2407 1590 2448 non
1601 2391 1773 2449 violabitur.

944 2486 987 2538 Tu
1000 2482 1107 2538 vovisti
1121 2482 1218 2538 virum
1238 2487 1267 2538 te
1280 2497 1344 2538 non
1358 2481 1546 2552 cognituram
1559 2500 1565 2549 ;
1587 2485 1617 2538 ct
1630 2497 1686 2552 ego
1700 2495 1778 2554 prn-

945 2570 1013 2627 dico
1027 2571 1123 2627 filium
1138 2577 1165 2628 te
1179 2571 1368 2645 parituram
1398 2575 1426 2627 et
1450 2570 1562 2627 ideireo
1588 2570 1715 2641 miraris,
1737 2585 1776 2626 no

945 2660 1019 2717 torte
1033 2660 1080 2717 vel
1095 2661 1254 2733 promissio
1270 2677 1356 2718 cassa
1368 2661 1405 2716 sit
1417 2664 1610 2733 permanente
1621 2659 1775 2732 proposito

945 2750 992 2805 vel
1007 2749 1195 2822 propositum
1208 2749 1344 2820 violetur,
1374 2749 1398 2804 si
1421 2748 1580 2821 impleatur
1603 2746 1774 2820 promissio·

945 2842 1009 2895 Non
1022 2839 1103 2894 enim
1116 2838 1298 2913 possibilitas
1313 2842 1427 2895 naturae
1439 2837 1487 2893 bic
1501 2836 1619 2904 suffieit,
1634 2840 1687 2893 aut
1698 2834 1774 2893 ratio

944 2929 1079 2985 bumana
1093 2928 1124 2984 id
1134 2928 1370 3002 comprehcndit,
1388 2930 1420 2983 ut
1434 2927 1530 3000 pariat
1544 2926 1640 2997 virgo,
1663 2926 1777 2984 intaeta

944 3017 1040 3073 tilium
1056 3021 1185 3089 generet,
1201 3022 1230 3073 et
1243 3016 1306 3072 sine
1326 3031 1418 3089 opera
1433 3015 1530 3072 earnis
1546 3031 1616 3071 caro
1631 3014 1776 3088 procedat

944 3123 980 3162 ex
1007 3122 1105 3165 earne.
1135 3106 1247 3163 ldcirco
1272 3105 1390 3162 miraris
1416 3105 1571 3179 quomodo
1611 3103 1662 3161 fiet
1684 3102 1774 3173 istud,

944 3197 1016 3270 quia
1039 3197 1137 3254 virum
1161 3213 1222 3252 non
1245 3195 1413 3266 cognoscis.
1440 3199 1515 3252 Nam
1532 3194 1661 3266 interim,
1676 3209 1774 3269 quau-

943 3290 1007 3340 tum
1022 3284 1053 3341 in
1069 3290 1096 3340 te
1109 3288 1165 3355 est,
1179 3283 1254 3340 nihil
1267 3283 1401 3341 invenire
1415 3287 1510 3357 potes,
1527 3299 1581 3338 eur
1594 3282 1632 3339 de
1645 3286 1697 3338 tua
1709 3296 1776 3355 per·

944 3375 1111 3432 severantia
1135 3373 1247 3431 debeas
1273 3373 1429 3442 dubitare;
1459 3375 1488 3429 et
1512 3371 1552 3428 oh
1572 3372 1629 3429 hoe
1653 3370 1774 3445 quaeris,

943 3465 1098 3538 quomodo
1124 3464 1162 3521 de
1191 3479 1259 3520 meu
1281 3463 1378 3537 possis
1400 3462 1598 3536 promissione
1611 3460 1773 3518 confidere.

944 3553 1102 3618 Quomodo
1117 3553 1167 3609 tict
1190 3551 1280 3621 istud,
1307 3551 1380 3624 quia
1405 3550 1502 3607 virum
1517 3566 1580 3606 non
1594 3549 1774 3617 cognosco?

945 3643 1069 3716 Spiritus
1082 3647 1203 3699 sanetus
1219 3641 1407 3715 superveniet
1420 3640 1451 3695 in
1468 3646 1504 3710 te,
1521 3645 1549 3696 ct
1560 3638 1654 3694 virtus
1663 3637 1775 3693 llltissi·

943 3733 985 3787 mi
999 3731 1194 3788 obumbrabit
1208 3731 1270 3786 tibi.
1296 3729 1361 3785 Noli
1385 3733 1507 3802 propter
1527 3725 1715 3800 propositum
1734 3725 1771 3781 de

943 3821 1141 3894 promissione
1156 3818 1301 3891 diffidere,
1311 3818 1385 3892 quia
1397 3817 1521 3891 Spiritus
1535 3819 1656 3872 sanctus
1670 3829 1773 3888 super-

943 3910 1041 3966 veniet
1052 3909 1084 3965 in
1098 3915 1135 3967 te.
1153 3909 1216 3966 Noli
1229 3913 1351 3982 propter
1365 3906 1598 3981 promissionem
1610 3905 1648 3961 de
1662 3919 1773 3978 propo·

943 4000 999 4055 sito
1014 3999 1186 4070 formidare,
1200 3997 1272 4072 quia
1294 3996 1388 4053 virtus
1409 3996 1551 4052 ditissimi
1578 3993 1773 4052 obumbrabit

944 4088 1006 4145 tibi.
1023 4089 1148 4162 Spiritus
1163 4093 1283 4145 sanctus
1299 4086 1488 4162 superveniet
1502 4087 1534 4142 in
1548 4089 1585 4156 te,
1600 4101 1639 4142 ue
1653 4083 1773 4158 percei-

944 4182 1008 4236 tum
1021 4184 1230 4254 corrumpatur
1243 4176 1505 4249 integritasltirtus
1515 4175 1656 4232 ditissimi
1665 4174 1772 4231 obum-

942 4268 1042 4325 brabit
1055 4269 1118 4337 tibi,
1133 4285 1171 4325 ne
1185 4284 1239 4342 per
1249 4267 1403 4324 libidinem
1413 4266 1564 4340 polluatur
1578 4263 1697 4320 castitas
1706 4266 1769 4319 tua.

58 4370 131 4421 essct
142 4367 200 4421 ista
211 4365 365 4421 sauciatio.
381 4365 419 4420 Et
435 4365 479 4421 ait
493 4365 620 4434 capetus
635 4363 675 4419 od
688 4377 752 4418 eam
769 4362 834 4418 :Ne
850 4361 887 4415 ti·
944 4358 1069 4431 Spiritus
1086 4362 1206 4415 sanctus
1222 4355 1449 4431 supervenietin
1465 4360 1503 4426 te,
1515 4358 1543 4410 et
1555 4353 1647 4409 virtus
1659 4350 1771 4409 Alassi-

56 4471 148 4524 mens,
163 4455 274 4519 Morio,
289 4455 429 4510 invenisti
443 4454 521 4508 enim
538 4454 668 4523 pretione
685 4451 768 4521 opud
783 4451 887 4506 Derim.
905 4423 927 4477 Β
942 4448 985 4504 mi
1005 4449 1200 4505 obumbrabit
1220 4447 1282 4504 tibi.
1311 4445 1488 4504 Ministrabis
1514 4441 1725 4512 substantiam,
1742 4445 1771 4500 et

56 4545 134 4601 Ecce
146 4546 292 4614 concipies
306 4545 336 4599 in
348 4550 443 4612 utero,
458 4548 484 4598 et
491 4543 591 4611 peries
604 4543 714 4610 filiurn,
728 4544 782 4595 etc.
798 4541 834 4594 Et
845 4541 888 4595 ott
942 4555 1004 4595 non
1020 4540 1129 4596 senties
1141 4537 1494 4613 concupiscentiamNon
1509 4534 1652 4608 suscipies
1666 4548 1770 4590 semen

56 4634 157 4690 llario
169 4649 181 4690 :
197 4633 347 4701 Quomodo
358 4633 408 4700 fiet
423 4631 505 4686 istud
520 4646 531 4686 .·
546 4631 686 4702 quon-iani
712 4629 811 4683 viram
826 4644 887 4683 non

57 4727 223 4794 copriosco?
239 4722 349 4789 (ibid).
369 4722 430 4776 Hoc
444 4724 488 4776 est
503 4719 585 4792 quod
601 4716 811 4790 quaerebamus
824 4733 889 4772 ver-

54 4811 130 4868 bum
142 4811 276 4882 virginis,
293 4811 323 4867 iu
339 4827 400 4884 quo
417 4811 482 4884 ipsa
496 4808 663 4864 confutaret
687 4805 810 4861 vernulos
826 4822 888 4861 suae

55 4899 243 4972 virginitatis.
262 4901 424 4957 sumamus
437 4884 526 4967 igitur
538 4896 575 4952 de
592 4896 658 4968 ipsa
683 4893 887 4950 testimonium

54 5006 108 5063 per
120 4990 229 5063 ipsam.
247 4989 405 5056 Quomodo
421 4987 510 5057 igitur
523 4985 573 5040 liet
586 4984 690 5040 istud?
711 4987 770 5040 lloc
786 4987 839 5050 est,
854 4987 887 5040 ut

54 5076 150 5132 lilium
163 5078 289 5149 pariam,
307 5076 464 5149 quomodo
479 5075 539 5143 liet,
553 5074 625 5147 quia
639 5073 736 5128 virum
752 5085 812 5127 nou
836 5086 885 5125 eo-

54 5166 194 5237 gnoseo‘l
210 5170 274 5223 Non
289 5166 339 5233 ait,
368 5166 467 5221 virum
481 5179 543 5219 non
556 5161 693 5233 cognovi.
721 5163 781 5217 lloc
805 5157 887 5214 enim

53 5255 128 5312 nihil
142 5256 301 5330 impediret
314 5255 464 5326 virginem
478 5253 707 5325 desponsatam,
738 5254 767 5307 et
786 5249 886 5305 virum

53 5345 244 5417 cognituram
272 5346 430 5419 filiumque
457 5343 634 5417 parituram,
664 5339 716 5397 sed
739 5339 886 5411 virginem

52 5451 114 5491 non
128 5452 371 5508 permansuram.
389 5439 453 5491 Non
468 5449 538 5504 ergo
554 5432 594 5488 ait
612 5433 686 5498 brec,
702 5431 799 5486 virum
823 5446 885 5486 non

53 5526 183 5597 cognovi
198 5544 204 5593 ;
221 5525 364 5598 quiahoc
380 5542 434 5581 nec
448 5523 602 5597 preteritae
618 5521 723 5577 luisset
736 5519 886 5590 virginita-

54 5614 90 5671 tis
104 5615 297 5684 miraculum,
313 5631 368 5671 nec
385 5613 475 5670 futuri
494 5618 597 5687 partus
624 5609 884 5684 impedimentum,

54 5702 191 5762 siricum
204 5704 305 5763 adhue
323 5719 386 5762 non
400 5702 583 5776 cognoverit,
612 5706 641 5759 et
664 5701 763 5759 virum
778 5704 886 5758 utnon

942 4643 977 4684 ex
987 4628 1063 4697 viro,
1077 4633 1106 4684 et
1120 4628 1249 4685 fecunda
1262 4628 1393 4684 lructum
1405 4625 1517 4682 ventris
1533 4621 1715 4694 germinabis
1738 4621 1770 4677 in

941 4716 1012 4772 lilio.
1027 4716 1090 4773 Noli
1105 4732 1175 4787 ergo
1188 4716 1286 4771 dicere
1301 4733 1307 4769 :
1322 4712 1481 4780 Quomodo
1509 4713 1559 4767 liet
1581 4710 1670 4780 istud,
1697 4709 1771 4783 quia

941 4806 1039 4861 virum
1051 4821 1112 4861 non
1128 4819 1299 4874 cognosco;
1329 4801 1400 4874 quia
1427 4800 1485 4855 hoc
1508 4814 1561 4871 per
1587 4797 1685 4854 virum
1705 4814 1769 4856 non

940 4893 999 4961 fiet,
1029 4893 1082 4949 sed
1107 4908 1161 4967 per
1190 4891 1330 4964 Spiritum
1357 4893 1505 4957 sanctum,
1537 4887 1660 4961 Spiritus
1686 4887 1768 4945 cuim

940 4989 1060 5039 sanctus
1074 4970 1261 5056 superveniet
1273 4982 1303 5037 iu
1317 4984 1355 5050 te,
1367 4984 1394 5036 et
1408 4979 1648 5036 virtusdltissimi
1658 4979 1768 5036 obum-

939 5073 1038 5130 brabit
1053 5073 1114 5129 tibi.
1130 5075 1203 5129 Eece
1215 5072 1280 5143 jam
1294 5071 1443 5127 habemus
1455 5069 1576 5128 llariaru
1601 5070 1767 5143 desponsa·
1826 5100 1831 5107 ,

941 5168 1002 5219 tam
1018 5162 1174 5234 virginem,
1188 5161 1325 5218 etadbuc
1339 5166 1439 5218 tamen
1454 5161 1486 5218 in
1505 5159 1681 5231 virginitatis
1696 5172 1766 5230 pro-

939 5252 1036 5326 posito
1050 5257 1287 5326 permanentem.
1308 5251 1453 5308 veraciter
1467 5250 1683 5323 desponsatam
1706 5243 1765 5300 vir·

939 5342 1049 5413 ginem,
1065 5359 1121 5400 nee
1135 5343 1236 5398 minus
1249 5341 1393 5399 veraciter
1406 5340 1438 5398 in
1456 5337 1631 5409 virginitatis
1655 5348 1766 5407 propo-

939 5431 994 5488 sito
1006 5437 1233 5508 permanentem
1247 5449 1254 5487 :
1269 5430 1344 5505 quid
1358 5430 1489 5503 amplius
1502 5425 1611 5499 quietis
1624 5425 1638 5479 ⁶?
1653 5427 1698 5479 An
1712 5420 1765 5478 ad·

938 5516 997 5575 buc
1010 5517 1251 5592 desponsationis
1260 5531 1371 5572 nomen
1379 5511 1491 5574 alicuid
1503 5504 1764 5579 tibiambiguitatis

939 5605 1101 5677 relinquit?
1115 5600 1352 5660 Audierasenim
1374 5598 1413 5654 ad
1437 5596 1651 5668 desponsatam
1673 5589 1764 5662 virgi·

940 5711 1012 5755 nem
1025 5693 1152 5753 missum
1166 5692 1258 5749 luisse
1272 5687 1433 5759 angelum3
1449 5683 1502 5742 sed
1516 5682 1555 5740 ad
1570 5682 1764 5754 conjugatam
