3742 6082
102 217 104 220 ·
123 184 176 245 171
428 180 608 242 HUGONIS
626 181 680 241 DE
696 182 727 241 S.
749 181 920 243 vloroan
938 178 1024 238 OPP.
1045 179 1146 240 PARS
1164 181 1203 239 11.
1223 210 1260 223 -
1282 173 1526 236 DOGMATICA.
1778 167 1834 226 172

122 312 174 367 tur
188 307 264 366 Volo
278 311 376 365 mater
391 323 466 378 esse,
481 311 610 381 uterque
625 309 755 382 septima
764 325 858 365 manu
870 309 951 366 dicat
964 306 991 363 Α
1006 321 1099 363 cansa
1111 304 1324 363 fornicationis
1340 301 1446 374 libid.)
1462 300 1501 355 Et
1516 298 1608 354 etiam
1632 294 1832 351 Innocentius

123 401 160 456 ιιι
183 414 325 472 uunqum
339 414 393 470 per
412 399 654 455 commistionem
678 399 779 454 carnis
799 400 952 471 conjoncti
1006 399 1037 451 et
1051 396 1103 452 alii
1118 399 1257 451 auctores
1273 408 1351 465 quos
1364 393 1430 464 ipse
1453 387 1577 444 induxit
1603 385 1643 442 ad
1664 401 1753 440 suam
1769 399 1833 440 sen·

124 503 188 544 nna
210 503 280 544 caro
304 487 402 543 etlecli
426 487 567 556 luissent,
594 490 668 542 tuac
694 486 816 542 videtur
842 488 952 544 muller
990 485 1134 540 tentiam
1150 480 1406 540 corroborandam
1420 479 1457 534 de
1470 477 1532 533 illis
1547 479 1669 532 tantum
1684 489 1773 545 agere
1787 473 1831 529 vi-

120 590 210 650 posse
225 576 374 632 secundas
386 575 564 631 contrahere
575 574 800 647 nuptias.Quod
813 577 840 632 si
854 580 884 633 et
899 578 951 634 ille
1005 575 1117 632 dentur
1131 574 1185 647 qui
1199 576 1271 629 ante
1283 572 1455 643 compatres
1470 571 1499 623 et
1511 568 1694 622 commatres
1705 563 1832 618 fuerunt

124 665 216 720 aliam
232 663 373 736 copulam
393 662 550 734 acceperit,
566 664 640 719 tuuc
666 668 790 737 peracta
804 667 952 738 poeniten·
1005 680 1099 737 quam
1114 665 1260 736 conjuges
1272 662 1464 730 essent,quos
1476 656 1545 727 jure
1557 653 1784 726 prohibuerunt
1795 667 1833 707 ne

124 752 169 808 tIa
182 753 285 825 priora
299 756 449 822 cogantur
463 752 593 823 recipere
609 753 772 809 connubia.
798 754 872 811 Haec
885 772 951 812 auc-
1006 770 1037 811 se
1051 755 1193 827 conjugio
1209 751 1386 824 reciperent.
1402 747 1487 803 Sicut
1501 744 1642 816 superius
1655 741 1774 797 dictum
1788 744 1834 796 est

122 842 231 897 toritas
253 840 359 910 Magni
378 839 515 911 Gregorii
531 843 633 913 aperte
657 842 800 914 prohibet
814 847 949 917 separari
1004 843 1239 900 fornicationem
1254 841 1317 896 sive
1346 835 1532 909 corporalem
1561 834 1625 888 sive
1639 831 1832 903 spirituaicm

125 930 270 1001 conjuges
279 929 659 1003 legitimeconjunctosqui
666 936 797 1003 possunt
805 934 950 992 cumaliis
1005 934 1140 989 sufficere
1156 932 1194 987 ad
1209 928 1433 1002 separationem
1449 922 1595 996 conjugii,
1608 922 1653 976 lta
1664 935 1773 976 verum
1786 923 1832 974 est

122 1018 607 1090 coire,quamvisnequeantinler
617 1036 649 1076 se
659 1022 856 1078 commisceri.
871 1024 949 1082 Elin
1005 1038 1110 1080 omnes
1132 1036 1240 1078 causas
1255 1033 1333 1091 quas
1363 1015 1503 1087 superius
1526 1011 1661 1067 diximus
1683 1009 1831 1081 impedite

123 1106 182 1165 hoo
196 1107 360 1164 concordat
374 1108 506 1165 Domino
516 1108 691 1181 prohibenti
703 1125 739 1165 ne
752 1111 800 1166 vir
814 1111 951 1172 dimiltat
1003 1126 1149 1185 personas
1169 1110 1289 1181 aliquas
1312 1121 1351 1162 ne
1377 1103 1498 1178 possint
1521 1101 1619 1156 lacere
1640 1098 1829 1171 conjugium,

123 1211 249 1255 ”mrem
264 1197 325 1252 ⁰1⁸1
340 1212 434 1253 causa
447 1197 660 1255 s0ffli⁰aii⁰111⁸
679 1202 806 1267 (Marte.
824 1204 900 1275 x1x).
918 1205 950 1263 Si
1002 1201 1110 1276 procul
1123 1201 1216 1257 dubio
1231 1197 1366 1254 sufficere
1381 1194 1419 1249 ad
1435 1191 1611 1248 earumdem
1626 1203 1828 1262 personarum

121 1283 949 1364 veropostlegitimamconjunctionemexallqnacansa
1002 1292 1227 1366 separationem
1248 1288 1274 1344 si
1295 1287 1374 1343 forte
1394 1283 1471 1340 tales
1493 1295 1630 1355 personae
1657 1279 1828 1350 conjunctae

120 1371 179 1428 hoc
192 1373 354 1429 incurrerit
366 1376 401 1430 ut
416 1375 465 1431 vir
471 1375 569 1431 lilium
580 1377 685 1433 uxoris
699 1394 762 1435 suae
775 1380 824 1435 vel
839 1382 950 1439 mulier
1003 1383 1075 1439 sint.
1089 1379 1260 1437 eumenen
1274 1379 1382 1433 votum
1396 1371 1592 1430 continentiae
1606 1372 1677 1425 ante
1689 1368 1829 1440 conjunc

122 1461 221 1518 filium
233 1463 292 1519 viri
303 1463 351 1518 sui
363 1463 400 1519 de
412 1479 498 1519 sacro
508 1465 757 1539 Iontelevaverit‚
772 1470 822 1525 vel
833 1471 866 1526 in
874 1476 950 1529 onte
1002 1473 1117 1528 tionem
1128 1464 1471 1536 contractumimpediat
1486 1460 1671 1518 monachum
1683 1461 1714 1514 et
1728 1471 1830 1512 mona-

123 1550 294 1608 chizatione
304 1553 407 1608 sivein
417 1553 646 1612 confirmatione
658 1559 791 1614 tennerit
802 1575 810 1628 3
826 1564 950 1633 propter
1002 1561 1091 1616 oham
1115 1576 1154 1615 ne
1180 1557 1299 1630 possint
1323 1556 1421 1610 Iacere
1439 1550 1682 1619 matrimonium,
1706 1551 1831 1620 propter

121 1639 202 1695 hanc
212 1656 337 1697 cansam
347 1657 409 1697 non
424 1642 536 1699 debent
546 1646 691 1717 separari.
704 1647 791 1705 Unde
803 1644 948 1709 Nicolasss
964 1663 990 1720 Β
1004 1651 1086 1708 idem
1101 1648 1236 1721 separari
1249 1646 1360 1702 debent
1373 1645 1399 1700 si
1414 1643 1492 1699 forte
1505 1644 1574 1714 post
1586 1638 1662 1695 illud
1675 1636 1831 1708 conjuncti

22 1778 24 1785 ,
120 1727 277 1785 Salomoni
292 1730 432 1802 episcopo
446 1732 582 1788 scribens
597 1735 659 1789 alt:
685 1735 782 1793 Nosse
796 1738 950 1798 desideras
1004 1743 1087 1796 sunt.
1103 1737 1251 1795 Similiter
1264 1735 1300 1790 de
1313 1732 1495 1805 cognatione
1509 1729 1589 1786 etde
1604 1728 1673 1783 aliis
1685 1726 1829 1799 judIcau·

120 1820 225 1873 utrum
242 1818 554 1891 mulierquaavhisui
566 1822 947 1886 filiumdesacroiontele-
1004 1831 1077 1886 dum
1093 1832 1138 1884 est
1157 1832 1193 1883 nt
1205 1839 1396 1899 quaecunque
1424 1836 1523 1878 causan
1549 1819 1706 1874 obsistunt
1725 1814 1832 1887 aliqui·

113 1901 495 1980 'vavitpossItcumeodem
506 1912 572 1967 vlro
581 1914 727 1985 copulari.
741 1916 946 1991 Quossicpos·
1002 1921 1062 1976 bns
1082 1917 1221 1990 personis
1232 1930 1270 1970 ne
1283 1914 1428 1985 conjuges
1439 1910 1503 1966 fieri
1519 1907 1642 1987 valeant
1658 1904 1772 1960 easdem
1788 1902 1826 1957 ad

120 1996 516 2068 seconjuugidecernimus;
530 2001 779 2071 quiasecundum
792 2022 947 2064 sacrosca-
1002 2008 1225 2082 separationem
1240 2018 1345 2060 aarum
1362 2003 1388 2057 si
1403 2002 1481 2056 forte
1502 1997 1672 2068 conjunctae
1697 1995 1761 2049 sint
1776 2009 1827 2047 va-

119 2085 282 2140 nonesnisi
289 2086 449 2142 amborum
456 2092 948 2167 consensunulliusreligionisob·
1001 2098 1093 2154 leant.
1108 2097 1152 2153 De
1167 2094 1347 2165 cognatione
1363 2095 1465 2146 tamen
1480 2091 1526 2142 est
1539 2086 1597 2141 hcc
1606 2082 1826 2140 attendendum

118 2172 206 2227 teum
221 2172 310 2228 debet
322 2175 434 2247 ⁰0¹1l'11x
448 2176 777 2253 dimiitereconjugem‚
794 2200 946 2260 cumprae-
1001 2186 1027 2242 si
1059 2187 1139 2242 inter
1182 2184 1284 2239 virum
1315 2184 1344 2236 et
1389 2192 1515 2233 uxorem
1548 2173 1703 2247 propriam
1743 2185 1824 2242 repe·

119 2260 213 2332 cipiet
223 2263 407 2334 Apostolus:
422 2267 540 2336 Nolite,
552 2267 706 2340 inquiens,
722 2271 887 2340 fraudare
901 2280 947 2333 iu·
1000 2277 1079 2332 ritur
1091 2275 1124 2330 in
1139 2272 1285 2345 gradibus
1300 2267 1526 2334 remotioribus,
1543 2266 1644 2337 potest
1658 2262 1702 2316 eis
1724 2258 1823 2315 indul·

118 2350 220 2405 vicem
253 2353 321 2407 uisi
341 2368 382 2408 eac
410 2368 568 2411 consensu
597 2363 635 2413 ut
661 2363 782 2416 vacetis
800 2369 946 2423 orationi
1001 2364 1103 2435 gentia
1129 2362 1195 2418 ficri
1208 2378 1216 2431 3
1247 2358 1329 2432 quod
1354 2357 1380 2411 si
1402 2371 1463 2411 non
1483 2355 1537 2409 fiat
1552 2351 1664 2407 debent
1678 2348 1820 2422 separari.

118 2437 144 2508 (1
159 2439 226 2495 Cor.
242 2439 311 2512 vn).
327 2441 373 2496 De
391 2442 496 2498 eadem
512 2461 543 2500 re
557 2445 691 2503 loannes
705 2464 785 2522 papa
800 2453 944 2512 Anselmo
1000 2453 1158 2526 Separatio
1171 2455 1274 2506 autem
1289 2449 1488 2518 cognatorum
1505 2443 1547 2497 sic
1573 2439 1638 2496 fieri
1661 2438 1761 2506 debet,
1789 2440 1823 2491 ut

116 2524 317 2601 Leguniginae
333 2531 474 2604 epIscopo
489 2532 631 2592 Ecclesiae
643 2536 703 2593 isto
718 2539 808 2595 modo
820 2543 941 2600 scribit:
1000 2544 1060 2600 duo
1079 2542 1128 2598 vel
1150 2545 1211 2596 tres
1237 2539 1273 2594 de
1285 2533 1442 2609 parentela
1461 2533 1565 2605 jurent
1590 2529 1821 2600 cognationem

50 2623 51 2626 ¹
117 2614 165 2670 Ad
178 2615 287 2673 limina
298 2618 515 2691 Apostolorum
527 2625 945 2702 praesenshomoSlephauus
999 2635 1054 2688 aut
1069 2632 1095 2688 si
1114 2644 1219 2686 eorum
1234 2623 1392 2700 parentela
1407 2626 1472 2681 tota
1485 2619 1638 2687 defecerit,
1655 2621 1729 2672 tunc
1749 2615 1822 2671 ari-

118 2706 242 2762 nomine
265 2709 392 2765 veniens
418 2713 523 2766 nostro
546 2712 688 2784 praelatui
702 2715 839 2775 innotuIt
862 2723 944 2792 quod
999 2722 1077 2779 ciuis
1092 2715 1319 2791 antiquioribus
1334 2717 1364 2769 et
1382 2709 1588 2768 veracioribus
1601 2707 1655 2762 fiat
1670 2703 1821 2778 probatio-

117 2791 217 2850 fllium
238 2811 330 2852 suum
355 2797 388 2853 in
404 2802 540 2859 extreme
560 2801 633 2858 vitae
656 2805 792 2875 poeltum
814 2809 943 2868 necdum
998 2812 1048 2867 nis
1060 2809 1279 2882 juramentum.

118 2881 265 2956 baptismi
281 2885 473 2944 undalotum
490 2891 670 2947 necessitate
696 2898 822 2965 cogente
843 2898 942 2972 bapti·
1121 2898 1195 2954 Can.
1219 2894 1301 2950 XXI.
1326 2895 1369 2949 De
1391 2890 1549 2947 Secundis
1571 2885 1698 2954 nuptiis

117 2975 225 3042 sasset,
237 2989 368 3047 eumque
381 2978 515 3049 propriis
527 2981 672 3036 manibus
687 2986 871 3057 suscepisset
878 3005 888 3058 3
902 2994 943 3045 at·
961 3013 984 3072 0
1034 2987 1248 3061 Superioribus
1263 2982 1492 3057 adjungendum
1506 2975 1648 3049 estquod
1662 2975 1699 3030 de
1712 2973 1779 3028 vlro
1793 2973 1822 3026 et

118 3074 177 3131 que
192 3060 285 3133 hujus
295 3065 338 3118 rei
351 3067 473 3136 negotio
486 3068 604 3125 notitiae
620 3072 680 3127 tuae
690 3074 843 3144 patefacto
859 3092 942 3135 reve·
999 3079 1035 3135 de
1050 3077 1176 3134 muliere
1191 3074 1341 3147 copulatis
1356 3071 1501 3143 legitime,
1519 3069 1544 3123 si
1560 3066 1636 3121 alter
1647 3063 1778 3118 moritur
1792 3065 1821 3116 et

116 3149 216 3204 rentia
231 3152 283 3226 tua
296 3151 359 3208 zelo
372 3153 429 3209 Dei
438 3155 572 3226 flagrans
582 3160 746 3231 praefatum
757 3163 912 3224 hominem
924 3184 943 3224 a
997 3167 1074 3223 alter
1089 3163 1259 3238 supervivit
1272 3161 1342 3218 licet
1357 3158 1515 3231 superstiti
1526 3157 1590 3213 elne
1605 3151 1770 3209 offensione
1781 3164 1821 3204 se

118 3250 175 3292 ⁸¹¹³
185 3237 370 3309 judicaverit
384 3244 513 3317 conjuge
536 3261 602 3302 esse
616 3251 831 3320 separandum.
854 3255 942 3321 Quod
995 3255 1111 3312 eundae
1122 3254 1201 3309 inire
1213 3252 1349 3324 nuptias,
1360 3250 1451 3322 juxta
1458 3243 1639 3319 Apostolum
1651 3241 1814 3295 dicentem:

114 3322 940 3407 flerinullatenusdehetscripturadicentfflquod'peu,
993 3345 1116 3399 Mulier
1141 3344 1284 3410 alligate
1297 3344 1345 3396 est
1360 3340 1429 3393 viro
1445 3339 1567 3405 quauta
1580 3336 1722 3400 tempore
1737 3327 1820 3381 crivit

115 3420 290 3486 conjurarit
304 3422 397 3478 bomo
409 3438 473 3479 uon
488 3432 625 3494 separet,
645 3427 772 3498 (Mettis.
787 3432 868 3504 xrx).
895 3435 940 3492 De
994 3435 1047 3488 eir
1069 3435 1162 3500 ejus;
1186 3432 1271 3500 quoel
1286 3431 1316 3483 st
1337 3427 1512 3482 dorrnierit
1527 3423 1578 3477 vir
1592 3423 1663 3488 ejus
1680 3418 1818 3473 liberate

115 3505 219 3563 eodem
230 3508 263 3563 in
278 3510 405 3567 concillo
415 3512 630 3571 cabilonensi:
647 3519 776 3574 Dictum
787 3526 939 3592 estquas·
993 3527 1041 3578 est
1055 3537 1076 3576 a
1100 3523 1166 3590 lege
1182 3520 1259 3587 viri,
1276 3519 1330 3573 cui
1351 3518 1423 3571 vult
1437 3515 1539 3569 arabat
1558 3515 1689 3566 lantum
1716 3509 1751 3560 ia
1768 3506 1819 3559 Do

113 3595 191 3650 dam
217 3595 364 3666 feminas
382 3600 619 3670 fraudulenter
640 3611 678 3662 ut
705 3622 726 3662 o
759 3610 842 3665 viris
867 3615 938 3668 suis
994 3613 1085 3666 mino
1106 3611 1135 3680 (I
1146 3609 1212 3663 Cor.
1230 3606 1298 3677 vu).
1313 3605 1376 3661 Nec
1391 3603 1462 3659 solae
1481 3602 1587 3674 prImae
1602 3598 1650 3654 vel
1679 3593 1817 3651 secundae

113 3692 352 3753 separarentur
363 3693 514 3760 proprior
541 3707 651 3772 coram
677 3698 831 3767 episeopis
851 3701 938 3772 filice
993 3700 1109 3772 nuptiae
1126 3701 1199 3754 sunt
1212 3695 1304 3752 licitae
1317 3711 1326 3763 3
1341 3692 1394 3748 sed
1413 3692 1506 3748 etiam
1528 3688 1625 3745 tertia
1649 3689 1680 3742 et
1699 3687 1817 3757 quartae

114 3775 258 3830 tenuisse
270 3780 314 3832 od
328 3780 605 3851 confirmandum.
625 3785 782 3843 Undenas
798 3791 937 3859 dignum
992 3794 1021 3846 et
1039 3787 1118 3856 aliae,
1143 3786 1234 3857 juxta
1246 3783 1455 3854 Augustinum
1471 3780 1524 3852 qui
1540 3777 1631 3834 elicit:
1651 3775 1696 3831 De
1718 3772 1817 3828 tertiis

112 3863 272 3919 eluerimus
286 3871 324 3920 ut
333 3869 364 3920 si
379 3884 444 3937 qua
455 3873 577 3926 mulier
589 3873 701 3944 filium
716 3890 814 3930 suurn
826 3892 936 3935 eoram
992 3882 1022 3933 et
1036 3875 1157 3949 quartis
1171 3876 1201 3928 et
1216 3872 1300 3929 ultra
1314 3871 1350 3926 de
1364 3869 1507 3943 plurimis
1523 3865 1641 3938 nuptiis
1655 3861 1753 3918 solent
1768 3860 1818 3916 ho

113 3952 256 4021 episcopo
273 3956 419 4011 tenuerit
433 3960 477 4011 ad
501 3959 768 4027 eOtlllrmeuclunl
784 3970 937 4032 quandiu
991 3966 1090 4022 mines
1108 3977 1229 4018 movere
1251 3961 1462 4034 quaestionem.
1490 3956 1577 4013 Unde
1597 3953 1731 4009 breviter
1756 3965 1816 4005 res-

112 4040 203 4095 vivat
220 4044 458 4109 penitentiam
478 4051 576 4115 agot3
602 4062 623 4102 a
650 4050 721 4103 viro
742 4056 853 4107 tomen
878 4070 936 4112 ruo
990 4054 1120 4128 pendeo,
1143 4069 1197 4109 nec
1219 4069 1267 4110 me
1288 4052 1379 4128 ullas*
1391 4050 1516 4123 nuptias
1539 4046 1650 4102 audere
1671 4042 1818 4097 damnare

113 4136 373 4198 accrementum
399 4132 458 4188 His
479 4136 715 4192 auctorilatibus
739 4141 938 4200 confirmatur
990 4158 1046 4199 nec
1067 4142 1283 4199 verecundiam
1312 4137 1544 4210 numerositatis
1572 4134 1700 4189 auferre.
1733 4128 1817 4184 Idem

112 4216 194 4289 quod
205 4219 349 4291 conjuges
360 4222 494 4293 separari
507 4238 568 4279 non
579 4223 710 4281 debeant
722 4227 758 4298 si,
771 4232 936 4304 postquam
990 4236 1122 4290 testatur
1148 4233 1359 4304 Hieronymus
1373 4231 1497 4286 dicens:
1523 4226 1587 4297 Ego
1612 4237 1696 4280 nunc
1720 4219 1818 4275 libera

110 4303 246 4377 l⁰ssitim⁰
271 4309 426 4380 fflssjunssti
442 4314 525 4380 suni,
543 4311 620 4368 aller
641 4313 725 4370 levat
748 4316 846 4374 filium
863 4320 935 4377 alte·
989 4339 1062 4380 voce
1077 4323 1213 4379 exclamo
1223 4338 1286 4378 non
1300 4319 1442 4377 damnari
1456 4320 1489 4373 in
1502 4314 1637 4373 Ecclesia
1648 4309 1817 4382 bigamiam

110 4393 176 4449 rius
193 4394 230 4449 de
251 4411 337 4452 sacro
361 4397 445 4454 sonte
460 4399 509 4455 vel
523 4403 606 4457 tenet
620 4403 658 4458 ad
680 4406 933 4468 confirmandum.
989 4413 1051 4470 imo
1066 4427 1121 4469 neo
1135 4412 1311 4483 trigamiam
1324 4427 1332 4479 3
1347 4412 1377 4464 et
1391 4409 1434 4464 ila
1446 4407 1536 4462 licere
1551 4404 1660 4476 quinto
1675 4403 1705 4456 et
1719 4399 1817 4464 sexto,

110 4480 169 4539 Sed
183 4483 351 4542 DeuadedIt
360 4503 441 4561 papa
452 4489 575 4546 videtur
584 4495 772 4552 contrarium
785 4498 936 4558 affirmare
990 4502 1138 4575 quoniam
1150 4506 1180 4558 et
1193 4499 1325 4557 secundo
1340 4497 1452 4554 marito
1463 4495 1588 4551 nubere.
1604 4493 1714 4563 ltaque
1729 4505 1818 4563 appa-

109 4571 154 4628 sic
169 4572 291 4631 diceus:
318 4574 461 4634 Pervenit
472 4579 513 4635 ad
527 4595 583 4637 nos
599 4582 746 4640 diaconus
762 4590 935 4646 sanctitatis
988 4595 1036 4646 ret
1050 4607 1087 4646 ex
1102 4589 1286 4663 supradictis
1301 4585 1539 4644 auctoritatibus
1548 4581 1632 4655 quod
1643 4580 1734 4637 lireat
1748 4584 1817 4652 post

107 4662 549 4735 vestraeepistolamdeierens
572 4672 799 4745 quodquidam
826 4678 936 4735 viriet
988 4683 1118 4736 mortem
1143 4679 1308 4751 conjugum
1332 4675 1457 4748 nuptias
1481 4671 1638 4728 multoties
1652 4668 1814 4725 celebrare.

108 4750 253 4807 muneres
274 4755 427 4825 Praeterito
442 4756 576 4816 sabbam
601 4776 657 4833 1)Γο
672 4778 784 4834 magno
808 4767 933 4840 populo·
989 4767 1211 4824 Potesttamen
1226 4765 1382 4837 aliquibus
1396 4763 1493 4820 videri
1508 4761 1589 4834 quod
1602 4762 1761 4833 peccatum
1777 4758 1817 4813 sit

109 4853 180 4896 rum
194 4840 320 4898 incursu
339 4844 509 4903 nescientes
523 4847 602 4905 filios
617 4865 689 4908 suos
713 4855 881 4926 sumpsisse
896 4857 933 4913 de
986 4857 1125 4928 bigamia
1139 4871 1208 4912 cnm
1226 4853 1393 4927 apostolus
1408 4851 1582 4907 describens
1596 4849 1755 4906 hominem
1768 4847 1818 4902 ho

108 4927 348 4988 lavacrosancto
359 4949 368 5003 3
384 4934 544 4994 sedbeatae
554 4942 935 5002 memoriaesanctiPatres
989 4961 1062 5001 nore
1087 4943 1252 5018 episcopali
1271 4943 1398 5014 dignum
1423 4943 1504 4999 dicat
1519 4957 1589 4998 eum
1613 4955 1681 4996 erae
1705 4941 1815 4992 ciream

109 5015 308 5076 Innocentius
322 5025 352 5078 et
366 5021 550 5082 Coelestinus
572 5030 780 5102 coepiscorum
791 5033 936 5105 plurimo·
989 5036 1092 5089 uulua
1111 5034 1226 5088 uacoris
1248 5033 1278 5103 (I
1292 5033 1373 5086 Tim.
1400 5030 1458 5103 111),
1482 5032 1521 5086 ab
1541 5030 1655 5085 honore
1676 5027 1816 5097 bigamos

109 5121 179 5163 rum
194 5123 345 5166 consensu
364 5112 397 5168 in
412 5117 619 5186 apostolorum
635 5121 784 5194 principis
799 5121 934 5179 Ecclesia
988 5122 1152 5179 excludens
1162 5120 1251 5193 quasi
1263 5124 1512 5193 transgressores.
1524 5119 1583 5176 Sed
1597 5116 1756 5175 sciendum
1772 5117 1817 5169 est

108 5195 306 5269 prohibentes
324 5199 399 5256 talia
422 5204 610 5277 scripserunt
633 5211 662 5262 et
677 5209 934 5268 confirmaverunt
987 5209 1066 5267 illud
1081 5211 1147 5266 fieri
1158 5225 1221 5266 non
1236 5209 1327 5283 culpa
1340 5210 1552 5283 bigamiae,sed
1561 5224 1616 5282 pro
1631 5203 1816 5262 sacramenti

107 5287 144 5340 ut
157 5285 333 5344 nullomodo
352 5306 384 5346 se
397 5291 430 5347 in
449 5295 592 5366 conjugio
607 5296 775 5368 reprerent
788 5300 931 5356 mulieres
987 5300 1158 5356 honestate.
1180 5299 1349 5357 Honestius
1372 5301 1453 5357 enim
1477 5301 1574 5356 sicem
1597 5296 1713 5354 Christi
1738 5293 1816 5366 gerit

108 5378 138 5430 et
149 5376 209 5432 viri
222 5377 276 5449 qui
290 5393 474 5451 quacunque
488 5383 607 5438 ratione
623 5386 812 5456 susceperim
824 5391 932 5460 natos;
988 5391 1147 5464 episcopus
1162 5392 1216 5463 qui
1229 5392 1355 5463 junctus
1376 5395 1420 5448 est
1434 5389 1490 5446 soli
1505 5387 1637 5457 mulieri,
1654 5386 1735 5441 sicut
1761 5382 1816 5438 uni

110 5465 163 5519 sed
178 5471 355 5538 separarent
374 5483 415 5535 se,
433 5484 470 5523 ne
491 5470 638 5527 suadente
658 5473 790 5544 diabolo,
814 5475 873 5531 tale
888 5479 931 5534 vi·
988 5480 1128 5537 Ecclesia
1153 5481 1279 5552 junctus
1303 5485 1349 5537 est
1375 5479 1526 5535 Christus.
1557 5476 1685 5532 Videtur
1711 5477 1814 5528 tamen

110 5551 188 5608 tium
203 5555 350 5612 inolescat
362 5573 416 5629 per
430 5559 590 5616 mundum.
606 5560 680 5617 Herc
691 5578 772 5634 papa
797 5564 930 5625 Deuade·
987 5571 1137 5626 affirmare
1149 5570 1232 5643 quod
1243 5570 1379 5641 bigamia
1394 5569 1434 5623 sit
1448 5571 1606 5640 peccalum
1621 5564 1699 5621 illud
1714 5564 1812 5620 Casa-

110 5638 173 5740 dlt:
191 5641 249 5698 Sed
264 5649 385 5702 nonest
400 5647 471 5703 eiin
486 5647 543 5704 hoc
558 5649 770 5724 accedendum,
788 5668 933 5729 cumpro
986 5660 1097 5716 riensis
1123 5656 1277 5716 decretum
1304 5658 1432 5714 concilii
1460 5658 1677 5730 Presbyterum
1694 5653 1813 5725 nuptiis

109 5726 215 5786 lubeat
238 5730 391 5792 Dominus
414 5737 515 5799 virum
541 5737 695 5800 dimittere
718 5757 845 5807 uxorem
871 5747 932 5810 nisi
986 5749 1103 5825 bigami
1117 5749 1266 5824 prandere
1279 5764 1341 5806 non
1357 5749 1518 5822 manauit,
1531 5747 1606 5822 quia
1623 5761 1692 5802 cum
1718 5739 1812 5817 poeni·
