3742 6082
116 158 182 227 llil
589 160 763 220 APPENDIX
781 160 829 218 AD
847 153 1002 217 auectus
1019 151 1141 211 OPERA
1158 154 1371 215 coamatori.
1775 167 1832 223 rra

116 288 175 349 bus
189 289 359 348 desideriis.
377 288 485 347 Similis
496 292 539 345 est
553 291 721 359 autummo,
742 291 825 343 terras
849 287 879 341 ot
903 298 948 340 se·
962 283 987 338 Α
999 277 1046 336 tas
1056 295 1127 338 auca
1149 281 1181 338 in
1192 280 1344 352 pharetra
1361 280 1466 354 (aaa).
1482 282 1610 354 sagittas
1622 287 1744 358 parant,
1772 288 1834 361 quir

114 382 237 451 nectuti,
252 385 286 438 ut
295 381 426 437 imitetur
440 380 470 435 in
488 384 565 436 terra
579 382 663 434 terrae
678 377 881 446 stabilitatem,
902 390 948 430 se·
1007 370 1046 426 ad
1059 370 1117 427 hoe
1133 370 1254 428 student
1267 370 1399 444 perversi
1413 375 1446 428 ιιι
1461 371 1646 430 subvertant.
1665 375 1723 432 Sed
1740 377 1835 434 Dente

114 475 226 545 quatur
240 470 271 527 iu
285 470 368 527 senio
383 468 535 525 seniorum
551 467 740 538 gravitatem,
755 466 787 523 in
801 468 949 523 autumno
1005 477 1063 516 aas
1076 476 1182 519 arram
1197 467 1338 531 conteret,
1363 467 1390 519 et
1403 463 1530 533 sagittas
1549 465 1723 536 confringet
1748 467 1834 539 (Psat.

113 559 237 630 frugum
251 557 463 615 maturitatem.
480 557 692 629 purgationem
703 555 795 613 hahet
807 569 863 629 per
876 567 948 610 ocu·
1003 555 1082 616 xiv).
1100 553 1150 608 Eat
1165 554 1265 608 autern
1278 551 1430 622 justorum
1449 567 1538 608 arcus
1566 553 1708 627 spiritalis
1734 556 1836 614 intelli·

113 645 228 705 loshb
242 645 288 701 his
305 644 385 701 enim
398 642 550 717 vitiis,pro
560 644 672 718 quibus
684 643 781 701 tristes
790 640 947 708 efficimur,
1004 640 1113 710 gentia,
1142 640 1256 697 chorda
1285 641 1432 712 doctrina,
1468 642 1583 712 sagitta
1611 644 1705 702 verba
1732 645 1836 703 doctu-

115 735 208 808 siper
222 733 440 791 confessionem
463 733 688 805 ejectatucrint,
716 748 770 806 per
797 730 948 804 lacrymas
1003 745 1060 801 nae,
1090 731 1233 804 pharetra
1258 731 1416 788 memoria.
1455 733 1538 789 Hune
1573 749 1680 791 arcum
1715 736 1836 794 tetendit

114 840 290 900 purgamur.
321 823 430 882 Crescit
456 824 486 881 in
511 827 668 893 autumno,
690 823 789 890 idest,
814 821 949 878 insensu
1003 819 1171 888 Dominus,
1209 824 1238 877 et
1262 821 1380 894 paravit
1406 820 1500 878 illum.
1537 825 1648 880 Areum
1692 826 1834 882 Dominus

115 917 246 972 maturo.
264 917 297 970 tn
312 918 461 989 quantum
476 913 557 970 enim
571 912 640 986 plus
651 912 780 970 attendis
792 909 948 968 maturita-
1001 911 1098 982 parat,
1124 925 1195 965 cum
1222 909 1310 966 nobis
1339 909 1566 982 intelligentiam
1594 912 1757 987 Scriptura
1791 931 1835 971 sa·

114 1009 174 1064 tem
190 1020 296 1061 sensns
312 1009 339 1061 et
353 1005 491 1062 aetatisin
515 1007 633 1060 tantum
654 1004 752 1074 magis
774 1002 863 1060 debet
885 1015 948 1057 cre·
1003 1011 1060 1052 erae
1089 997 1239 1071 explanat.
1268 1003 1310 1056 Ex
1337 1000 1394 1057 hoc
1422 1017 1494 1059 arou
1527 1003 1687 1060 mittuntur
1721 1007 1836 1076 sagitte

115 1111 197 1151 scere
212 1095 397 1152 immensitas
412 1094 524 1151 doloris
538 1094 575 1150 de
595 1091 947 1168 peceatiperpetratione.
999 1088 1132 1156 potentis
1151 1094 1248 1145 acuta
1274 1090 1369 1159 (Psal.
1384 1090 1464 1162 cxix)
1485 1108 1492 1146 ε
1514 1091 1556 1149 sic
1577 1092 1659 1149 enim
1681 1093 1836 1152 vulnerant

115 1186 149 1239 ln
163 1183 221 1239 hoc
236 1186 371 1255 tempore
385 1182 492 1239 melius
508 1197 538 1237 se
553 1181 667 1237 habent
682 1179 850 1252 sanguinei,
862 1179 949 1253 pejus
1003 1179 1036 1232 ut
1068 1176 1161 1234 corda
1195 1178 1383 1250 transfigant.
1410 1198 1426 1233 ‹
1455 1180 1539 1237 Novit
1563 1181 1642 1238 enim
1669 1183 1834 1252 Dominus,

115 1270 335 1328 melancholici.
352 1272 438 1343 Pejus
453 1286 550 1341 senes,
575 1269 789 1343 meliuspueri.
816 1267 950 1326 Habuisti
1003 1269 1035 1322 ut
1062 1266 1103 1322 ait
1130 1268 1323 1339 Augustinus,
1349 1269 1488 1341 sagittare
1514 1269 1554 1327 ad
1580 1287 1730 1330 amorem.
1750 1294 1765 1323 »ι
1788 1277 1835 1330 Ne

115 1375 170 1434 per
184 1359 362 1430 sanguinem
377 1359 569 1417 dulcedinem
583 1358 746 1416 charitatis.
759 1357 950 1415 ltabesnunc
1003 1371 1054 1412 mo
1083 1355 1237 1428 pulchrius
1261 1357 1381 1428 sagittat
1417 1357 1456 1414 ad
1494 1373 1630 1416 amorem
1665 1377 1762 1434 quam
1787 1362 1834 1436 qui

115 1465 170 1523 per
184 1448 335 1506 choleram
351 1449 480 1520 nigram,
510 1465 563 1505 seu
587 1448 834 1518 melancholiam,
858 1446 948 1505 tristi-
1003 1442 1095 1500 verbo
1110 1443 1240 1515 sagittat.
1259 1445 1383 1516 Sagittat
1397 1446 1477 1503 enim
1492 1451 1525 1504 ut
1544 1452 1700 1505 amantem
1717 1449 1832 1507 efficiat

114 1536 189 1594 tiam
202 1553 258 1610 pro
269 1538 410 1612 peccatis.
422 1541 454 1594 ln
469 1553 536 1594 vere
551 1537 619 1594 vitae
639 1538 813 1605 novitatem,
837 1536 868 1593 in
894 1552 949 1592 au·
1004 1532 1065 1589 Hac
1087 1533 1194 1605 sagitta
1220 1533 1394 1591 vulneratur
1423 1536 1550 1609 Sponsa.
1590 1537 1769 1607 Vulnerata,
1797 1539 1835 1595 in

114 1628 222 1682 tnmno
236 1627 448 1696 maturitatem,
465 1631 498 1682 ut
513 1630 693 1700 temperetur
704 1625 860 1684 maturitas
883 1625 949 1681 vitas
965 1649 986 1703 B
1004 1621 1078 1696 quit,
1108 1638 1174 1680 aum
1200 1623 1350 1681 ctoritate
1371 1624 1485 1696 [amore
1506 1626 1645 1698 langueo]
1672 1626 1777 1700 (Cant.
1795 1629 1832 1700 ιιι.

115 1716 257 1784 novitate,
277 1716 344 1773 vitoe
360 1716 477 1773 novitas
492 1716 606 1772 consilii
620 1716 797 1774 maturitate.
820 1718 854 1773 Ut
867 1713 951 1772 novi·
1005 1710 1124 1767 Utinam
1136 1715 1165 1769 et
1178 1710 1242 1786 ipse
1256 1728 1417 1786 percussus
1431 1712 1489 1770 hoo
1505 1712 1608 1785 jaculo
1621 1730 1758 1772 morerer
1769 1715 1832 1772 hnic

116 1807 161 1861 ter
171 1820 334 1861 conversus
349 1805 506 1878 pervenire
522 1805 671 1862 desideret
693 1805 734 1862 ad
747 1805 950 1863 maturitatem
1003 1799 1130 1856 mundo.

116 1892 318 1966 perfectionis,
332 1898 360 1950 et
370 1909 461 1950 senex
475 1894 618 1964 recogitet
631 1910 725 1968 quam
748 1894 865 1952 fervens
887 1894 950 1951 iue-
1094 1893 1161 1948 Car.
1174 1894 1231 1949 Vll.
1251 1892 1295 1950 De
1307 1893 1510 1951 commotione
1521 1895 1748 1952 elementarem.

116 1981 154 2039 rit
167 1982 292 2039 ininitio
305 1983 518 2040 conversionis.
550 1982 578 2040 si
608 1983 698 2054 igitur
720 1984 761 2041 sio
785 1984 816 2041 in
839 2000 908 2041 vere
923 1987 953 2041 et
1041 1981 1184 2038 Novimus
1196 1986 1327 2056 quatuor
1350 1982 1578 2053 elementorum,
1605 1984 1719 2058 quibus
1747 2000 1833 2042 omne

117 2077 265 2131 autumno
284 2076 386 2131 etates
400 2078 429 2130 et
442 2075 586 2130 humores
608 2074 785 2132 alternando
815 2074 952 2132 conside·
1005 2086 1115 2144 corpus
1128 2072 1326 2141 constituitur,
1351 2072 1413 2129 duo
1434 2088 1502 2130 esse
1524 2073 1612 2144 levia,
1638 2073 1703 2131 duo
1723 2074 1833 2146 gravia,

117 2179 179 2236 ras,
194 2162 225 2220 in
238 2163 392 2221 contrariis
408 2164 596 2237 temporibus
619 2170 814 2239 utrorumque
829 2170 952 2223 naturas
1004 2177 1135 2234 quorum
1159 2163 1400 2237 unumquodque
1424 2162 1501 2220 duas
1525 2162 1617 2220 habet
1637 2165 1835 2222 exhemitates

117 2251 285 2310 incolumes
299 2269 410 2309 servas.
439 2254 561 2326 Oportet
587 2253 676 2311 etiam
702 2253 732 2310 in
747 2255 805 2311 hoo
818 2259 953 2328 tempore
1005 2255 1034 2308 et
1045 2268 1141 2309 unum
1156 2253 1300 2310 medinm.
1317 2255 1352 2310 Ut
1370 2253 1448 2325 ignis
1465 2269 1558 2311 unam
1574 2255 1764 2329 superiorem
1788 2255 1835 2311 ha·

116 2340 160 2397 nti
175 2340 279 2398 calidis
295 2344 324 2397 et
337 2341 480 2397 humidis.
507 2345 572 2397 Non
594 2342 675 2399 enim
696 2341 806 2400 sufficit
829 2343 868 2399 ad
883 2358 953 2400 con·
1004 2341 1056 2398 bet
1069 2342 1295 2411 extremitatem,
1308 2359 1377 2416 quae
1392 2342 1508 2413 agilior,
1523 2346 1553 2400 et
1569 2343 1719 2416 subtilior,
1747 2348 1777 2402 et
1799 2344 1834 2401 le

118 2429 301 2486 servandam
317 2428 427 2486 animae
447 2429 604 2486 sanitatem
629 2431 734 2488 siccari
760 2431 799 2488 ab
825 2432 952 2489 humore
1004 2432 1142 2501 riorest;
1157 2429 1281 2488 alteram
1304 2431 1488 2502 interiorem,
1515 2449 1583 2507 quas
1604 2434 1744 2506 jungitur
1768 2434 1833 2497 aeri.

120 2516 320 2590 voluptatum,
345 2521 374 2574 et
396 2517 563 2588 refrigerari
577 2518 617 2576 ab
639 2523 715 2577 aestu
729 2520 880 2589 vitiorum,
895 2521 952 2577 nisi
1004 2537 1073 2594 qna
1088 2520 1188 2576 minus
1201 2524 1248 2577 est
1261 2520 1357 2593 agilis,
1372 2521 1568 2592 minuslevis,
1582 2523 1685 2580 minus
1700 2523 1832 2590 subtilis;

116 2604 211 2662 etiam
237 2605 407 2662 infundaris
436 2622 576 2681 superare
600 2608 860 2683 contemplationis
873 2627 950 2679 rore,
1004 2610 1118 2668 etinter
1132 2614 1293 2685 utrumque
1307 2615 1352 2668 est
1365 2615 1646 2685 temperamentum,
1675 2613 1719 2671 sic
1733 2620 1763 2671 et
1776 2630 1832 2671 aer.

115 2697 146 2751 et
160 2693 257 2751 saneti
281 2694 409 2768 Spiritus
429 2712 532 2753 amore
555 2697 644 2753 simul
664 2698 848 2757 accendaris.
874 2699 953 2757 Solet
1006 2699 1052 2757 Sic
1075 2704 1104 2757 et
1127 2699 1263 2775 superior
1288 2701 1459 2758 extremitas
1486 2717 1584 2776 aquae,
1609 2718 1679 2775 quae
1700 2703 1834 2776 iungitur

118 2782 151 2839 in
166 2787 313 2840 autumno
328 2784 373 2841 sol
388 2784 444 2842 tria
457 2785 592 2844 obtinere
606 2786 702 2859 signa,
719 2788 837 2846 Libram
850 2788 951 2846 videti·
1004 2788 1077 2861 acri,
1087 2788 1188 2845 minus
1201 2788 1299 2860 gravis
1313 2794 1369 2859 est,
1385 2789 1486 2846 minus
1501 2789 1601 2861 mista,
1622 2790 1723 2847 minus
1747 2790 1833 2849 obtu-

119 2876 166 2928 cet
180 2872 211 2928 in
224 2873 383 2947 principio,
409 2875 565 2949 Scorpium
578 2875 609 2932 in
623 2877 733 2948 medio,
760 2879 951 2949 Sagittarium
1004 2893 1047 2946 sa,
1063 2876 1184 2935 interior
1197 2877 1304 2948 magis.
1328 2878 1456 2935 ltedium
1478 2878 1555 2935 inter
1576 2883 1740 2954 utrumque
1761 2884 1833 2938 tem·

115 2960 148 3017 in
162 2960 232 3018 fine.
248 2964 338 3033 Nosti,
355 2963 541 3036 charissime,
556 2966 641 3041 quod
656 2971 820 3025 autumnus
844 2969 882 3025 ad
899 2986 949 3027 ex·
965 3005 985 3062 C
1003 2970 1222 3040 paramentum,
1251 2966 1384 3023 similiter
1412 2970 1441 3023 et
1467 2970 1554 3024 terra.
1580 2967 1661 3025 Sicut
1682 2973 1785 3025 autem
1805 2969 1832 3025 in

113 3053 243 3107 tremum
267 3055 408 3110 maturos
436 3053 555 3127 colligat
582 3055 705 3113 tructus.
748 3057 828 3115 Nosti
860 3059 950 3116 etiam
1004 3054 1167 3125 elementis,
1176 3055 1218 3113 sio
1232 3059 1261 3112 et
1275 3055 1307 3112 in
1321 3055 1515 3129 qualitatibus
1529 3070 1635 3114 eorum
1646 3056 1833 3114 animadver-

112 3139 198 3212 quod
223 3139 254 3196 in
290 3141 348 3198 hoc
371 3146 505 3218 tempore
535 3144 690 3215 contingat
735 3146 949 3220 aequinoctium
1003 3145 1128 3202 andum
1142 3150 1197 3214 est,
1211 3145 1321 3203 seilicet
1343 3145 1374 3202 in
1394 3145 1553 3216 eahditate,
1582 3145 1756 3219 frigiditate,
1780 3148 1831 3204 hu·

113 3242 188 3284 esse.
207 3227 236 3285 Si
250 3228 340 3300 igitur
351 3230 392 3286 ad
406 3232 609 3290 maturitatem
622 3235 794 3307 pervenisti,
808 3236 833 3293 si
843 3241 948 3311 sponte
1002 3234 1147 3305 miditatc,
1162 3234 1299 3293 siccitate.
1312 3238 1354 3291 Ex
1369 3234 1415 3291 his
1429 3235 1510 3292 enim
1523 3235 1749 3294 commistiones
1761 3235 1832 3294 fiunt

112 3329 175 3371 non
189 3316 290 3372 renuis
303 3321 336 3374 nt
348 3317 454 3375 botrus
470 3321 606 3394 exprimi,
625 3321 650 3377 si
665 3323 770 3380 vinum
783 3340 826 3391 es,
839 3325 863 3381 si
875 3325 948 3383 boni
1001 3323 1032 3380 in
1046 3324 1232 3398 corporibus.
1249 3327 1323 3382 Cum
1342 3323 1432 3396 igitur
1455 3323 1560 3396 gravia
1585 3323 1715 3395 levibus,
1739 3325 1832 3383 aalide

112 3402 241 3475 saporis,
267 3404 291 3460 si
315 3404 346 3461 in
373 3405 527 3464 cellarium
551 3411 662 3467 summi
684 3413 763 3485 regis
792 3414 947 3486 pervenire
1001 3413 1126 3488 frigidis,
1141 3414 1269 3473 humida
1292 3413 1378 3471 siccis
1400 3414 1644 3483 commiscentur,
1667 3413 1747 3472 fiunt
1766 3415 1831 3472 inde

113 3487 277 3563 desideras,
293 3496 325 3550 ut
339 3493 424 3551 dicas
441 3512 448 3551 :
468 3496 565 3567 Cupio
588 3499 712 3556 dissolvi
738 3507 766 3558 et
792 3516 852 3559 esse
879 3519 947 3560 cum
1001 3521 1190 3579 quaecunque
1205 3505 1269 3562 fieri
1283 3520 1406 3562 necesse
1418 3510 1472 3576 est,
1487 3509 1578 3579 prout
1591 3520 1699 3562 eorum
1712 3505 1832 3563 diversi·

113 3581 235 3638 Clerr'rto
246 3583 372 3654 (Philip.
386 3585 417 3656 r),
435 3586 554 3644 attende
570 3586 663 3645 Librae
679 3590 811 3664 signum,
827 3592 947 3650 attende
1001 3594 1072 3651 sitas
1087 3595 1206 3669 expetit.
1224 3600 1255 3652 ln
1280 3594 1465 3669 quibusdam
1487 3599 1589 3653 autem
1607 3595 1776 3669 prevalent
1794 3596 1832 3653 ls-

112 3670 286 3731 solstitium.
326 3674 414 3732 Libra
441 3676 521 3734 enim
549 3679 658 3753 aequali
686 3681 772 3738 lance
800 3681 948 3756 ponderat
999 3683 1060 3757 via,
1078 3683 1110 3740 in
1137 3684 1306 3758 quibudam
1332 3684 1445 3755 gravia
1476 3685 1549 3742 Sunt
1571 3688 1674 3742 nmen
1693 3683 1830 3759 quiedam

111 3765 216 3818 noctes
231 3766 259 3818 ct
273 3763 348 3833 dies,
362 3765 393 3821 id
408 3771 453 3824 est
466 3767 563 3825 bonas
583 3774 611 3826 et
624 3771 721 3829 malas
745 3773 944 3848 operationes.
1000 3790 1068 3848 ques
1083 3774 1207 3832 omuino
1223 3779 1293 3832 suut
1306 3774 1402 3846 ignea
1422 3779 1547 3847 naturae,
1570 3778 1604 3831 ut
1626 3774 1729 3832 stellae.
1759 3775 1831 3832 Alio

113 3850 255 3924 Scorpius
268 3868 340 3909 vero
355 3855 603 3930 caudaminatur,
618 3860 853 3936 aculeopungit.
866 3867 945 3919 Acu—
999 3880 1068 3921 rum
1091 3879 1161 3922 vero
1182 3863 1346 3940 prevalent
1370 3864 1540 3938 superiores
1565 3865 1768 3922 extremitates
1793 3864 1830 3921 le·

109 3931 176 3990 leus
188 3936 341 4033 'siquidem
356 3940 386 3996 in
399 3943 499 4001 cauda
511 3945 597 4002 dolor
609 3953 654 4006 est
667 3949 697 4006 in
712 3948 783 4008 fine.
808 3953 883 4009 Cum
895 3967 947 4008 au·
999 3953 1094 4025 mum,
1108 3959 1137 4012 et
1149 3954 1215 4012 haec
1230 3958 1299 4012 sunt
1312 3953 1438 4027 agiliora
1456 3957 1485 4011 et
1497 3953 1622 4025 leviora,
1643 3958 1675 4011 et
1698 3955 1768 4012 inde
1780 3969 1830 4028 per

109 4026 171 4079 tem
186 4038 217 4122 m
231 4031 416 4123 senectutem
430 4033 610 4105 perveneris,
635 4036 705 4094 time
731 4039 804 4112 quia
831 4039 946 4113 pericu-
1000 4043 1257 4116 aeremtsruntur,
1273 4048 1306 4101 ut
1327 4043 1474 4101 volucres.
1499 4044 1633 4111 Quarum
1660 4059 1731 4118 quar
1748 4059 1831 4117 supe·

107 4106 173 4166 lum
187 4113 356 4171 imminebit
370 4117 487 4174 mortis.
511 4123 580 4178 Post
604 4124 760 4199 Scorpium
786 4131 888 4184 autem
911 4129 947 4184 si·
999 4135 1093 4192 riores
1109 4134 1308 4192 extremitates
1322 4131 1483 4209 superioris
1498 4132 1695 4190 extremitatis
1719 4132 1829 4190 levium

108 4211 204 4268 gnum
218 4200 308 4259 intrat
322 4203 367 4262 sol
381 4207 585 4277 Sagittarium.
610 4213 785 4285 Sagittarius
812 4232 848 4274 ex
872 4218 946 4275 dua·
998 4223 1121 4296 habent,
1138 4223 1276 4297 agiliores
1290 4227 1319 4281 et
1332 4223 1456 4280 leviores
1476 4226 1556 4291 sunt,
1576 4225 1610 4279 ut
1629 4221 1743 4296 aquila,
1765 4238 1830 4296 que

105 4286 170 4389 bus¹
180 4292 296 4349 naturis
312 4298 439 4369 constat,
456 4297 552 4357 terina
567 4300 677 4360 scilicet
689 4307 718 4362 et
729 4304 874 4364 humana.
892 4309 946 4366 Su·
998 4312 1143 4385 medium,
1158 4312 1270 4385 minus,
1286 4315 1319 4368 ut
1333 4327 1432 4383 grues,
1447 4326 1517 4385 quae
1537 4309 1696 4368 interiores
1715 4310 1831 4382 gravio

106 4391 208 4477 perior
221 4395 293 4480 pars
308 4383 436 4457 homini,
452 4385 573 4445 interior
589 4389 651 4447 fero
678 4393 860 4451 assimilatur
881 4395 943 4452 ani·
958 4385 982 4441 D
997 4418 1056 4472 res,
1072 4407 1105 4460 ut
1118 4418 1249 4475 anseres,
1265 4400 1617 4475 struthiones.tnquibus
1632 4417 1706 4458 vero
1721 4401 1831 4458 levium

83 4465 189 4520 'mr-11·
207 4469 363 4566 Qfflqenim
387 4473 602 4534 rationabiliter
624 4479 736 4548 vivunt,
762 4482 845 4554 digni
874 4488 944 4542 tunt
997 4493 1188 4551 mediocritas
1202 4493 1388 4568 praeeminet,
1404 4507 1466 4549 non
1480 4490 1558 4548 adeo
1581 4488 1672 4559 levia,
1695 4490 1752 4548 sed
1775 4507 1833 4548 me·

105 4551 205 4620 0oe103
226 4569 279 4626 qm
297 4560 399 4614 autem
424 4559 597 4634 bestialiter,
613 4566 697 4638 digni
719 4575 789 4629 sunt
813 4570 940 4632 inferno.
996 4583 1135 4642 diocriter
1148 4582 1224 4640 levia
1235 4585 1316 4651 sunt,
1332 4585 1365 4638 ut
1378 4580 1496 4652 maiora
1516 4578 1743 4653 quadrupedia,
1760 4595 1833 4654 quo

104 4643 216 4699 Arcum
230 4647 321 4718 tenet,
338 4647 540 4725 sagittamque
552 4654 633 4726 jacit.
652 4659 703 4716 Est
716 4664 815 4718 autem
829 4662 942 4738 duplex
994 4686 1062 4728 rum
1077 4689 1143 4746 quae
1153 4670 1321 4746 superiores
1336 4669 1450 4727 habent
1463 4669 1542 4725 illius
1558 4666 1831 4726 mediiextremita·

103 4739 510 4831 ³³Q⁸r⁰⁵t⁰f⁰¹¹⁵⁰⁰ffliflii
526 4747 613 4803 erest
637 4762 725 4807 arcus
749 4749 872 4810 diaboli.
898 4753 940 4811 tlli
994 4765 1050 4831 tes,
1067 4761 1354 4834 suntleviora‚quae
1370 4759 1505 4817 medium
1529 4758 1640 4828 miuus,
1666 4773 1739 4832 quta
1766 4759 1831 4817 nlti-

101 4824 275 4919 infmumffl
308 4827 485 4901 spirituales,
515 4833 561 4890 isti
590 4837 746 4898 animales.
780 4844 941 4903 intendunt
994 4866 1081 4907 mum
1095 4850 1236 4908 tardiora.
1254 4853 1286 4906 lu
1300 4848 1485 4924 quibusdam
1508 4863 1580 4905 vero
1599 4845 1713 4904 leriam
1737 4854 1831 4906 extre-

104 4923 187 4966 cmm
197 4926 302 4972 orcum
318 4933 404 4976 suam
417 4930 599 4996 peccatores,
620 4935 653 4985 ut
666 4933 809 5003 sagittent
824 4935 854 4991 in
880 4935 939 5006 [ab
993 4940 1082 4996 mitas
1094 4938 1216 4996 interior
1228 4937 1380 5012 praevalet,
1401 4941 1430 4994 et
1444 4937 1586 5009 graviora
1601 4939 1683 5005 sunt,
1694 4940 1729 4993 ut
1741 4937 1832 5012 repti-

100 5012 192 5056 scuro
206 5008 301 5060 reatos
315 5007 413 5081 rorate]
436 5015 563 5071 occultis
589 5017 816 5077 immacutatum
841 5023 935 5093 (Psat.
992 5029 1042 5086 lia.
1059 5027 1193 5090 Quorum
1208 5042 1278 5102 quae
1295 5025 1463 5100 superioria
1484 5024 1563 5083 illius
1578 5024 1778 5084 extremitatis
1790 5026 1832 5084 iu·

99 5086 141 5158 1).
156 5089 237 5156 Quos
253 5093 334 5151 enim
348 5095 501 5170 religionis
516 5102 601 5161 locus
614 5110 642 5163 et
655 5106 776 5166 habitus
790 5109 938 5170 immacu·
991 5117 1107 5176 terioris
1119 5116 1232 5174 levium
1247 5115 1372 5183 habent,
1383 5113 1510 5187 agiliora
1523 5117 1641 5184 sunt,ut
1655 5121 1832 5189 serpentest

100 5172 179 5232 latos
195 5180 337 5256 occultat,
353 5187 476 5246 occultis
500 5191 614 5251 insidiis
637 5195 778 5255 diabolus
797 5199 936 5258 infestare
990 5225 1059 5284 quae
1080 5206 1215 5265 medium
1240 5205 1351 5274 minus,
1381 5208 1415 5262 ut
1429 5202 1570 5271 bufones,
1592 5218 1662 5277 quas
1687 5203 1832 5264 inferiora

98 5277 163 5321 non
178 5275 283 5367 cessat.
302 5275 417 5334 liabent
432 5279 522 5336 etiam
537 5289 708 5355 peccatores
721 5303 826 5345 arcum
838 5290 936 5347 occul-
990 5293 1168 5363 tardiora,ut
1181 5290 1309 5349 testudo.
1327 5293 1359 5347 tn
1374 5288 1488 5363 quibus
1497 5304 1568 5346 vero
1583 5287 1723 5360 graviora
1736 5306 1831 5365 praso-

97 5353 279 5458 mmahfifsss
294 5367 323 5418 et
338 5365 486 5423 chordam
499 5371 649 5443 nequitia.
671 5373 786 5432 Habent
812 5381 840 5433 et
860 5378 934 5452 pha·
989 5381 1115 5452 minent,
1145 5378 1324 5453 supradictis
1351 5376 1451 5448 magis
1474 5377 1648 5451 ponderosa
1677 5383 1763 5437 sunt.
1803 5384 1832 5436 ln

95 5445 217 5546 tetram3
244 5447 276 5504 rd
300 5456 344 5508 εει
359 5453 489 5527 thecam,
516 5458 546 5514 in
573 5476 635 5533 qua
656 5466 780 5534 portant
800 5467 932 5537 sagittas,
990 5470 1186 5546 quibusvero
1210 5469 1315 5543 primae
1341 5466 1481 5538 gravium
1509 5464 1713 5524 extremitates
1736 5484 1832 5543 prae

96 5537 294 5634 &mallones
313 5541 451 5602 videlicet
473 5563 640 5621 perversas,
660 5553 802 5622 quoniam
824 5572 932 5626 pecco·
988 5561 1114 5628 minent,
1144 5559 1245 5616 minus
1274 5560 1344 5613 sunt
1371 5557 1484 5628 gravia
1510 5560 1543 5612 ut
1563 5553 1674 5630 pisces.
1692 5558 1831 5625 Quorum

95 5622 175 5685 ¹th
188 5627 384 5692 cremassent
406 5650 511 5701 arcem
525 5653 623 5714 seam,
633 5651 821 5727 paraverant
834 5650 928 5719 sagit·
987 5650 1120 5726 primam
1134 5645 1297 5722 superioris
1313 5644 1508 5705 extremitatis
1529 5643 1681 5717 gravium
1705 5647 1767 5720 qui
1791 5646 1831 5705 ha
