3742 6082
517 173 563 230 DE
581 172 765 232 clausuro
784 170 913 229 lellAE.
934 203 968 214 ·-
988 177 1052 232 LIB.
1073 181 1094 233 1.
1591 188 1661 243 toto

53 298 198 363 turbatur,
228 296 364 355 irascitur
400 301 428 353 et
468 298 540 354 odit.
575 297 700 354 claustri
724 299 812 353 tre-A
831 297 1155 373 templatione,sapiens
1166 302 1540 377 estincircumspectione‚
1549 307 1659 366 nobilis

54 404 115 446 non
137 386 343 461 aequanimiter
366 390 475 461 portat,
499 386 641 443 vilitatem
649 391 678 443 et
690 386 774 443 iden·
829 386 902 458 quia
915 385 1040 444 liberae
1066 390 1180 462 peccati
1203 391 1352 461 servitute,
1369 393 1452 450 dives
1475 395 1658 472 haereditate,

54 476 207 534 iciborum
223 475 425 533 abominatur.
452 475 542 535 Cibus
568 493 641 533 vero
653 476 774 548 anima,
830 475 917 546 cujus
930 475 1089 534 hareditas
1101 478 1241 550 estregni
1254 478 1382 537 coelestis
1401 483 1559 542 aeternitas.
1572 490 1661 544 Amat
1773 487 1775 492 ’

54 567 218 625 stverbnm
235 566 285 622 liei
299 582 422 623 amarus
443 567 561 624 ridetur
575 567 611 637 ei,
628 568 653 624 si
664 566 776 640 aliquo
829 563 1001 624 luxuriosus
1016 569 1195 642 speciosam,
1219 569 1272 625 sed
1298 585 1361 626 non
1388 577 1471 631 amat
1494 579 1619 645 castam,
1636 576 1662 634 si

54 655 118 714 ttius
132 655 306 725 corrigatur.
337 656 382 714 Sic
403 656 463 713 Filii
475 658 691 730 prophetarum
705 673 775 713 cum
830 656 1015 730 quandoque
1030 659 1158 716 emnalis
1174 660 1294 716 animus
1318 663 1414 717 tactus
1438 661 1661 735 pulchritudine

54 750 95 802 ent
113 746 152 804 ad
171 745 298 801 domum
310 745 406 815 Elisei,
435 747 577 820 pracepit
593 747 704 803 Eliseus
729 762 777 802 ce
829 744 993 818 religionis,
1011 748 1076 820 ejus
1091 748 1190 806 induit
1203 749 1351 806 habitum.
1379 750 1454 808 uum
1467 755 1663 813 autemcasti-

54 850 75 892 ,ο
90 834 325 891 utrelectionem
355 835 397 892 eis
425 828 555 909 pararet.
585 838 658 894 Cum
674 839 775 892 autem
829 834 897 891 tatis
912 836 1092 894 munditiam
1116 838 1233 912 reperit,
1245 838 1384 912 displicet
1398 838 1481 912 quod
1495 839 1660 913 placuerat.

54 928 114 980 sent
125 923 167 979 illi
181 924 371 997 pulmentum
382 925 413 981 in
432 924 534 982 herbis
547 930 676 994 coctum,
688 928 717 980 et
728 924 775 980 in·
831 925 877 982 Sic
892 941 1018 983 uxorem
1030 926 1127 999 Abra,
1147 945 1241 1002 quam
1253 945 1306 985 rex
1319 929 1437 1002 AEgppti
1461 933 1585 1003 propter
1596 931 1662 1005 pul-

54 1018 95 1070 mt
109 1013 344 1085 amarissimum,
361 1019 517 1089 eruperunt
532 1014 661 1072 clamare
673 1034 680 1072 :
694 1015 775 1073 Mors
830 1014 1029 1072 claritudinem
1052 1020 1203 1090 rapuerat,
1228 1017 1371 1074 intactam
1397 1017 1527 1074 reddidit
1550 1018 1660 1078 merito

54 1105 109 1161 illo
125 1105 211 1161 homo
233 1106 297 1173 Dei,
325 1122 404 1162 mors
431 1112 474 1162 cst
489 1108 517 1162 iu
535 1107 598 1163 otto
622 1107 708 1162 homo
721 1107 778 1163 Dei
829 1102 932 1159 diceus
948 1120 955 1158 :
970 1105 1173 1179 Ecceinquit,
1185 1122 1264 1164 uxor
1276 1112 1409 1165 tenente
1422 1114 1459 1176 te,
1475 1109 1661 1182 eruperant,

54 1209 82 1264 p.
98 1194 146 1265 rv).
164 1193 227 1250 Olla
242 1194 326 1251 Elisci
359 1195 457 1251 differt
481 1196 520 1251 ab
543 1194 773 1269 AEgyptiisollis.
830 1194 1015 1251 recedenter
1029 1195 1114 1266 (Gen.
1138 1197 1199 1267 xu).
1218 1198 1312 1270 Super
1334 1197 1416 1254 bunc
1438 1196 1539 1255 locum
1553 1197 1662 1256 beatus

55 1281 141 1339 u'dem
155 1284 292 1339 carnium
306 1288 385 1351 sunt,
398 1285 461 1340 haec
471 1284 697 1357 pulmentorum
710 1285 775 1341 her·
829 1281 1005 1339 Ambrosius
1019 1283 1051 1340 in
1066 1286 1200 1341 secundo
1221 1285 1297 1342 libro
1312 1301 1405 1359 quem
1429 1286 1499 1343 fecit
1511 1286 1548 1344 de
1568 1287 1662 1344 Abra·

55 1388 117 1429 um.
134 1372 190 1428 tllae
206 1372 294 1447 adipe
309 1373 467 1446 pinguium
483 1374 674 1444 condiuntur,
694 1375 776 1431 unde
829 1371 922 1428 ham:
939 1395 954 1423 «
971 1377 1153 1446 intueamur,
1169 1374 1275 1448 inquit,
1291 1375 1393 1432 animo
1409 1374 1540 1450 aliquem
1552 1376 1661 1434 intem-

55 1461 79 1518 it
102 1461 254 1534 iniqnitas,
280 1462 346 1520 hac
371 1463 455 1520 Elisei
470 1464 568 1521 farina
592 1464 775 1534 dulcoratur,
829 1465 995 1534 parantem,
1010 1463 1063 1536 qui
1081 1463 1191 1520 invitus
1218 1463 1362 1521 castitatis
1388 1464 1515 1535 gratiam
1525 1466 1661 1538 quodam

55 1553 86 1606 st
107 1550 246 1607 charitas.
275 1551 394 1608 Illarum
428 1552 614 1610 dulcedicem
641 1554 776 1626 sequitur
830 1552 894 1624 ejus
914 1555 1020 1626 captus
1033 1552 1140 1610 decore
1155 1554 1344 1628 sequendam
1358 1557 1452 1628 putet,
1480 1553 1590 1613 deinde
1607 1572 1662 1630 pe-

54 1638 125 1705 ndo,
138 1639 229 1711 hujus
239 1656 309 1697 vero
319 1641 552 1698 amaritudinem
562 1641 775 1714 sequitursua-
794 1652 815 1708 Β
829 1641 988 1715 dissequas
1003 1643 1068 1715 ejus
1084 1643 1232 1712 nesciens,
1258 1644 1369 1718 quibus
1384 1644 1495 1701 incedit
1507 1645 1660 1714 comitata,

55 1730 179 1798 §urgens
194 1729 306 1785 Eliseus
330 1731 446 1802 accepit
458 1730 587 1787 farinam
601 1746 694 1806 quam
709 1730 775 1804 ipse
830 1731 1022 1788 sobrietatem
1040 1732 1185 1790 scilicetet
1200 1733 1381 1791 modestiam
1388 1750 1424 1792 ac
1438 1735 1662 1805 verecundiam,

55 1822 85 1886 rt,
99 1823 127 1874 et
141 1817 242 1893 posuit
254 1820 285 1875 in
300 1820 402 1888 ollam,
419 1824 447 1876 et
462 1820 503 1876 sic
517 1820 630 1877 iactum
645 1824 690 1877 est
708 1820 775 1877 dul·
829 1820 1050 1892 parcimoniam
1065 1821 1133 1888 cibi,
1149 1821 1254 1893 lugam
1269 1822 1410 1893 lascivia,
1424 1824 1531 1881 seriem
1544 1826 1658 1884 cautio-

56 1907 86 1965 >d
101 1909 184 1982 prius
199 1923 339 1965 amarum
353 1909 515 1966 exstiterat.
532 1909 644 1966 Eliseus
658 1909 711 1983 qni
728 1926 775 1967 so·
829 1925 910 1978 nem,
922 1940 929 1947 -
941 1908 1099 1965 sollicitam
1119 1911 1297 1979 custodiam,
1324 1912 1483 1986 subitoque
1510 1914 1661 1972 ebrietatis

56 2000 253 2070 iterpretatur,
270 1997 419 2054 Christum
441 1997 587 2070 designat,
603 2014 694 2055 cocus
707 1998 776 2055 doc
831 2013 985 2055 successus
995 1996 1159 2068 calore,aut
1176 1998 1271 2071 ipsius
1286 1998 1384 2054 carnis
1398 2004 1483 2069 astu,
1497 2004 1549 2057 aut
1560 2016 1662 2059 occur·

56 2088 239 2160 pulmentum
253 2086 381 2143 verbum
397 2088 457 2155 Dei,
474 2087 569 2144 farina
589 2088 773 2146 charitatem.
831 2105 866 2145 su
878 2088 983 2144 torma
998 2086 1185 2156 decentioris,
1213 2103 1409 2161 nequaquam
1434 2104 1466 2144 se
1481 2092 1590 2160 teneat,
1605 2106 1661 2148 nee
1729 2096 1731 2100 ‘

56 2194 114 2247 rgo
138 2176 247 2231 Etiscus
277 2176 403 2232 farinam
420 2177 451 2232 in
466 2176 632 2250 pulmento,
652 2179 776 2252 quando
831 2178 928 2235 carnis
943 2177 1001 2249 legi
1015 2181 1171 2251 repugnet,
1187 2193 1288 2234 nonne
1300 2176 1371 2235 dicit
1387 2195 1394 2234 ε
1412 2199 1427 2227 «
1440 2177 1586 2235 Putabam
1595 2195 1661 2236 rem

67 2283 120 2341 per
130 2265 337 2322 abundantem
352 2267 527 2323 charitatem
540 2268 706 2325 visitatura
721 2272 775 2326 llo-
830 2267 992 2324 faciliorem
1022 2267 1233 2324 castimoniam
1262 2265 1357 2340 sequi.
1394 2268 1491 2340 Supra
1517 2267 1661 2325 humeros

64 2360 97 2411 ut
111 2356 159 2411 cui
174 2355 304 2425 grossior
320 2356 405 2411 cibus
420 2356 539 2413 fastidio
558 2358 642 2431 prius
657 2359 774 2416 exstitc-
829 2372 924 2426 meos,
942 2371 1035 2428 supra
1047 2355 1124 2412 vires
1138 2372 1222 2412 meas
1245 2359 1299 2427 est,
1316 2370 1402 2412 rarus
1417 2355 1465 2412 cui
1479 2354 1535 2413 ista
1551 2356 1660 2429 junga-

56 2445 61 2500 l
74 2445 126 2517 qui
137 2444 239 2501 leviter
248 2445 338 2501 irasci
354 2452 551 2503 consueverat
566 2452 618 2504 aut
632 2448 774 2505 obedien·
829 2447 886 2503 tur.
902 2469 917 2496 »
932 2446 1060 2502 Recedet
1085 2445 1166 2519 ergo,
1187 2445 1307 2502 recedat
1327 2444 1365 2501 de
1380 2443 1492 2501 finibus
1516 2461 1661 2504 sensuum

56 2535 232 2605 tradixerat,
254 2552 336 2593 nunc
360 2537 492 2602 obediat,
512 2537 713 2608 frugalitatem
728 2555 775 2596 se·
829 2552 977 2593 meorum.
994 2537 1027 2592 Et
1038 2550 1201 2592 conversus
1209 2535 1249 2591 ad
1261 2534 1393 2608 aliquem
1406 2534 1586 2593 monitorem
1601 2533 1659 2606 sui,

57 2669 63 2694 ,
79 2624 234 2681 inimicum
249 2626 363 2695 diligat.
379 2626 521 2684 abundat
539 2627 619 2684 enim
633 2629 773 2699 charitas,
829 2626 882 2699 qui
897 2624 1041 2682 studuerit
1054 2624 1086 2680 in
1101 2624 1166 2696 ejus
1190 2628 1324 2681 mentem
1338 2623 1481 2681 inducere
1495 2623 1663 2681 assuetudi-

57 2714 159 2785 tigitnr
174 2715 323 2782 inimicus,
351 2715 404 2771 sed
419 2720 537 2774 nonest
561 2717 702 2791 perlecta,
718 2719 773 2775 nisi
829 2731 900 2772 nem
910 2713 1093 2771 castimonia
1112 2713 1215 2769 dicens
1230 2728 1293 2769 non
1322 2713 1449 2770 arduam
1464 2711 1663 2770 forenecim-

65 2803 101 2860 sit
111 2805 190 2860 mori
200 2820 256 2877 pro
269 2804 418 2877 proximo.
432 2807 526 2863 Neruo
537 2807 617 2863 enim
640 2806 774 2865 charita·
829 2804 1013 2878 possibilem,
1027 2803 1081 2859 sed
1092 2802 1229 2876 pluribus
1242 2802 1367 2871 sociam,
1376 2802 1536 2859 finitimam
1547 2802 1661 2861 studio·

57 2893 102 2949 bet
119 2896 273 2963 mojorem,
290 2910 380 2965 quom
390 2900 424 2951 ut
442 2896 573 2951 animum
586 2911 672 2952 suam
680 2902 774 2966 ponat
830 2894 879 2961 sis,
896 2892 1124 2951 convenientem
1151 2891 1335 2948 voluntariis.
1351 2913 1365 2942 a
1382 2892 1460 2960 Quid
1473 2892 1539 2960 hoc,
1552 2891 1660 2964 inquit,

57 2988 189 3043 o‘amr'cir
202 2988 262 3042 suis
274 2988 373 3052 (doun.
391 2989 450 3060 xv).
475 2987 607 3045 Perfecta
619 3004 689 3046 vero
701 2989 773 3046 cha·
788 3007 809 3064 c
827 2984 929 3055 sectati
941 2982 1017 3039 mihi
1024 2986 1038 3037 t
1053 3004 1067 3031 n
1078 2996 1173 3054 quare
1187 2997 1249 3038 non
1263 2980 1363 3037 dixisti
1388 2979 1473 3053 mihi,
1499 2979 1573 3055 quia
1585 2995 1663 3038 uxor

57 3073 181 3131 imicum
191 3074 296 3145 diligit,
316 3092 371 3148 pro
386 3091 524 3148 proximo
537 3076 615 3132 mori
629 3092 691 3133 nou
707 3093 774 3151 per·
830 3076 881 3130 tua
896 3073 963 3130 est‘t
973 3072 1095 3140 hoeest,
1111 3071 1194 3144 quod
1208 3086 1271 3127 non
1282 3069 1481 3144 perfunctorie
1501 3070 1554 3127 sed
1568 3069 1662 3141 legiti-

57 3167 81 3233 .t,
94 3163 158 3220 haec
173 3163 254 3220 foras
269 3164 357 3221 mittit
371 3165 521 3231 timorem,
535 3165 599 3222 haec
613 3166 774 3224 Dominum
829 3178 880 3218 mo
895 3166 1030 3218 teneatur
1043 3161 1109 3233 00111'
1115 3160 1195 3232 [1810.
1215 3160 1268 3216 sed
1293 3159 1392 3216 dixisti
1405 3175 1539 3217 sororem
1549 3158 1663 3217 illam?

57 3256 80 3309 st
93 3253 227 3310 sustinet.
250 3254 332 3311 Unde
355 3255 514 3311 Psalmista
527 3273 534 3310 ι
549 3256 700 3326 Erspecta
714 3259 774 3329 Do·
830 3252 901 3318 Quis
917 3251 1045 3324 ignorat,
1066 3251 1181 3321 tratres,
1211 3250 1321 3306 nostris
1346 3249 1531 3323 temporibus
1550 3249 1608 3306 hoc
1629 3248 1662 3306 in

59 3384 66 3409 ,
82 3343 210 3399 uiriliter
225 3358 290 3413 ape,
305 3348 332 3399 et
348 3345 536 3414 confortetur
559 3360 611 3401 cor
636 3350 731 3417 tuum,
747 3352 774 3403 et
829 3339 965 3398 Ecolesiis
979 3339 1140 3396 evenisse?
1156 3341 1230 3396 Sunt
1240 3338 1321 3395 enim
1335 3337 1473 3396 nonnulli
1487 3338 1541 3412 qui
1553 3337 1662 3395 delica-

65 3432 226 3488 Dominam
239 3432 335 3503 (Psat.
352 3433 442 3504 xxvi).
457 3436 664 3507 Exspectaper
677 3451 773 3508 spem,
828 3435 891 3487 tam
906 3446 941 3487 ae
955 3429 1169 3503 voluptuosam
1182 3444 1246 3486 esse
1260 3427 1386 3486 credunt
1406 3426 1593 3501 religionem,
1609 3443 1661 3484 ex·

58 3535 136 3593 peres
150 3537 204 3593 per
232 3520 381 3589 timorem,
409 3521 531 3579 virihter
553 3538 610 3594 age
628 3540 683 3598 per
702 3524 774 3582 inci·
828 3524 943 3594 pertem
956 3518 1080 3590 laboris,
1092 3523 1250 3576 vacantem
1269 3517 1340 3587 otio,
1353 3516 1491 3573 habitum
1509 3514 1662 3587 religionis

58 3610 271 3668 neharitatem.
301 3611 526 3669 etconlortetur
545 3616 696 3670 cortuum
721 3631 775 3688 per
827 3609 988 3666 indiscrete
1015 3608 1148 3682 capiunt,
1176 3611 1282 3662 votum
1309 3603 1432 3672 iaciunt,
1465 3603 1661 3676 professionis

58 3703 159 3767 intem,
174 3704 208 3756 ut
230 3699 377 3756 sustineas
402 3700 563 3756 Dominum
591 3717 645 3773 per
660 3702 775 3774 patien-
827 3699 948 3757 vinculo
961 3698 1215 3768 constringuntur.
1246 3698 1321 3751 Cum
1334 3697 1435 3750 autem
1447 3690 1600 3763 religionis
1613 3705 1662 3748 or-

58 3789 167 3847 srlectae
185 3791 345 3848 charitatis.
364 3791 409 3847 Sic
434 3790 523 3861 igitur
536 3790 624 3847 bonis
639 3795 684 3847 est
697 3792 774 3865 opti·
828 3788 968 3844 dinemet
980 3783 1213 3841 consuetudines
1228 3781 1365 3855 ejusdem
1386 3780 1579 3838 adversantes
1594 3795 1661 3837 car-

62 3879 112 3951 gio
126 3879 198 3952 quia
210 3880 293 3936 ducit
307 3879 346 3936 ad
374 3879 598 3953 perlectionem.
621 3879 775 3937 Sufficiant
828 3875 859 3932 ni
873 3874 1021 3942 noverint,
1036 3873 1067 3929 in
1080 3873 1144 3928 haec
1158 3871 1253 3928 verba
1265 3873 1467 3945 prorumpunt
1482 3886 1489 3926 ε
1507 3886 1523 3923 ‹
1538 3868 1659 3926 Putavi-

58 3983 120 4041 quae
139 3967 176 4024 de
204 3984 314 4026 novem
337 3966 491 4024 beneficiis
519 3967 670 4039 religionis
694 3968 774 4026 dicta
828 3980 906 4032 mus,
922 3962 1029 4036 inquit,
1045 3961 1166 4036 pondus
1192 3958 1345 4031 religionis
1359 3957 1452 4016 levius
1466 3974 1541 4015 esse.
1560 3956 1661 4022 »Quis

59 4058 179 4115 tadhue
192 4058 305 4131 aliquid
324 4059 410 4133 quasi
424 4059 456 4116 in
485 4058 609 4116 transitu
635 4058 673 4115 de
688 4058 775 4116 coba·
829 4053 909 4111 enim
921 4055 1022 4127 potest
1048 4051 1124 4108 terre
1138 4049 1261 4109 claustri
1275 4049 1410 4120 taedium,
1434 4047 1662 4105 diuturnitatem

59 4163 86 4205 le
96 4147 232 4220 ejusdem
244 4149 373 4208 breviter
387 4156 559 4221 tangamus.
829 4142 946 4212 silentii,
968 4141 1090 4216 pondus
1110 4139 1234 4208 laboris,
1259 4136 1480 4213 parcimoniam
1503 4136 1586 4193 cibi?
1615 4135 1662 4193 Sic

59 4238 417 4306 tll1.Quatu0rsanrin
444 4240 589 4312 religione
614 4239 775 4311 diligenter
829 4247 900 4303 ergo
928 4246 1053 4289 uxorem
1080 4244 1168 4286 suam
1200 4228 1333 4285 reddunt
1352 4227 1450 4294 Abra,
1479 4224 1662 4297 expellentes

288 4330 433 4386 notanda.
788 4337 897 4420 Deam
923 4324 956 4378 ut
975 4318 1061 4376 liberi
1088 4319 1266 4375 remaneant
1290 4314 1321 4371 in
1348 4317 1485 4387 AEgypto.
1510 4311 1663 4384 abjiciunt

59 4431 112 4472 uor
126 4417 239 4473 suntin
263 4417 406 4488 religione
433 4418 577 4475 notanda.
595 4418 700 4477 Suavis
730 4420 775 4475 est
830 4412 911 4468 enim
928 4408 1066 4467 habitum
1080 4405 1243 4478 religionis,
1259 4403 1332 4461 etin
1346 4402 1503 4460 desideriis
1522 4417 1584 4458 suae
1599 4415 1663 4457 car·

59 4506 274 4579 inrequieta
288 4509 317 4561 et
328 4508 550 4564 securasmvis
559 4512 603 4564 est
612 4509 643 4564 in
653 4507 774 4566 cohabi-
831 4501 1088 4574 nisperseverant.
1104 4495 1216 4553 iliram
1228 4510 1301 4552 vero
1322 4490 1458 4550 aseendit
1471 4489 1511 4547 ab
1534 4491 1663 4563 AEgypto

59 4637 64 4660 ‚
78 4594 158 4650 mitis
171 4595 202 4650 in
219 4610 367 4662 sermone,
384 4594 486 4666 quieta
499 4595 531 4651 in
545 4600 655 4662 mente,
670 4612 775 4653 secura
829 4592 860 4649 in
872 4589 982 4660 Bethel,
995 4589 1026 4645 id
1041 4592 1094 4657 est,
1120 4585 1288 4644 carnalium
1302 4583 1490 4656 voluptatum
1511 4579 1664 4639 consortia

60 4688 168 4741 ne.Nec
177 4688 291 4741 tamem
303 4684 345 4740 sic
358 4683 459 4740 suavis
467 4687 551 4739 estut
560 4684 774 4755 sitindiscreta,
828 4680 980 4748 deserens,
1005 4679 1036 4734 in
1050 4679 1143 4734 domo
1155 4677 1207 4732 Dei
1221 4678 1332 4733 manet.
1354 4676 1414 4728 Hoc
1426 4670 1507 4728 enim
1520 4670 1665 4743 interpre-

59 4773 135 4831 mitis
143 4773 315 4847 utpatiatur
325 4774 437 4845 inJusta
450 4788 522 4841 ;nec
530 4773 572 4828 sic
584 4778 683 4830 mente
691 4775 775 4846 quie·
830 4773 909 4827 tatur
934 4765 1034 4824 Bethel
1055 4766 1160 4822 domus
1184 4765 1249 4821 Dei.
1276 4760 1429 4818 abraham
1454 4757 1606 4829 religionis
1619 4762 1665 4817 est

60 4879 161 4920 tonum
191 4881 252 4921 non
273 4865 381 4936 cogitet
396 4882 402 4933 ;
419 4879 473 4919 nee
489 4863 531 4918 sic
546 4878 662 4930 secura,
677 4865 710 4919 ut
723 4864 777 4918 llo
830 4858 939 4924 forma,
953 4853 1129 4927 exemplum
1147 4849 1395 4909 cohabitantium.
1411 4847 1569 4919 trissant,
1593 4865 1664 4923 ques

60 4967 137 5009 nou
153 4952 255 5009 timeat
271 4972 278 5020 ;
295 4953 347 5009 sed
363 4952 405 5009 sic
425 4967 541 5020 secura,
557 4954 590 5008 ut
603 4966 658 5023 pro
670 4949 776 5007 timore
830 4962 938 5021 pacem
948 4942 1186 5001 cohabitantium
1195 4940 1315 4997 turbare
1326 4937 1431 5007 solent,
1438 4937 1470 4994 id
1480 4939 1664 5013 est,quando

60 5056 78 5097 o
93 5041 132 5098 ab
144 5058 234 5115 opere
248 5041 331 5099 bono
342 5058 406 5114 non
426 5041 557 5099 desistat.
574 5040 686 5110 Religio
701 5039 776 5097 assi·
831 5034 939 5109 aliquis
951 5035 1090 5090 movetur
1103 5031 1143 5088 ad
1159 5031 1235 5087 iram
1256 5044 1312 5102 pro
1337 5028 1445 5102 seipso,
1458 5028 1508 5086 vel
1521 5045 1577 5103 pro
1591 5028 1665 5086 ami-

60 5147 64 5164 *
90 5131 208 5188 mulieri
223 5136 323 5202 castre,
346 5148 414 5206 quae
427 5131 467 5187 ab
481 5131 583 5204 aliquo
598 5129 730 5199 dihgitur
744 5133 778 5185 ut
831 5124 927 5193 co,vel
940 5138 996 5197 pro
1020 5120 1263 5179 commodabam
1277 5118 1334 5176 tria
1361 5118 1488 5177 removit
1509 5118 1663 5175 Abraham

60 5220 113 5276 rin
127 5238 264 5290 uxorem,
275 5221 342 5277 ideo
359 5219 470 5277 scilicet
487 5220 571 5294 quod
586 5218 712 5293 pulchra
728 5217 776 5290 sit,
830 5214 905 5271 dum
914 5211 1064 5271 babitaret
1087 5226 1157 5267 cum
1172 5212 1290 5282 nepote.
1319 5207 1453 5265 Primum
1475 5204 1603 5263 removit
1620 5203 1665 5261 di·

60 5308 163 5366 livitiis
188 5311 332 5379 abundet,
354 5309 437 5383 quod
451 5309 489 5366 de
502 5325 609 5380 genere
629 5307 777 5364 nobilium
831 5319 912 5372 cens,
928 5319 989 5361 aaa
1001 5301 1039 5358 sit
1049 5300 1114 5357 rixa
1126 5301 1207 5356 iuter
1220 5304 1307 5356 meet
1327 5304 1356 5356 te
1366 5312 1377 5369 ;
1389 5294 1567 5364 secundnm,
1592 5309 1664 5350 cum

60 5398 89 5455 id
102 5399 221 5473 sapiens
235 5400 280 5468 sit,
294 5401 325 5456 in
335 5399 555 5472 pulchritudine
565 5398 644 5455 illius
653 5397 777 5455 delecte·
831 5391 1065 5466 dicereturque
1079 5390 1160 5447 inter
1170 5393 1306 5459 pastores
1319 5402 1396 5443 meos
1410 5389 1438 5442 et
1445 5389 1583 5455 pastores
1598 5387 1664 5439 taos

60 5503 81 5543 e
94 5489 247 5547 nobilitate
261 5489 392 5547 filiorum
407 5489 598 5559 glorietur,ut
610 5492 778 5558 augeantur
831 5482 915 5553 (ch.
931 5483 1005 5553 rur).
1016 5479 1146 5537 Tertium
1161 5477 1272 5551 possit:
1288 5479 1373 5543 Eece,
1386 5471 1493 5546 inquit,
1509 5475 1571 5529 tota
1585 5475 1665 5528 terra

60 5575 104 5631 ius
119 5593 222 5647 censu,
236 5583 265 5635 et
290 5582 444 5636 serventur
460 5593 559 5633 sensu.
575 5576 647 5632 Huic
660 5575 778 5632 mulieri
832 5576 900 5628 ante
914 5575 953 5641 te,
963 5569 1021 5627 hoc
1032 5574 1085 5639 est,
1097 5569 1122 5626 si
1133 5569 1171 5625 de
1184 5584 1242 5635 me,
1255 5566 1281 5621 si
1295 5565 1332 5621 de
1343 5562 1452 5633 amico,
1466 5560 1490 5616 si
1501 5560 1538 5618 de
1547 5578 1666 5636 posses·

61 5663 104 5723 ari
123 5670 222 5739 potest
247 5668 361 5741 religio,
376 5685 444 5742 qua
463 5666 591 5741 pulchra
604 5669 649 5723 est
662 5665 693 5722 in
708 5679 778 5722 eon·
833 5660 917 5719 sione
930 5660 1078 5719 dissensio
1102 5663 1157 5732 est,
1173 5657 1315 5716 omnibus
1330 5653 1404 5712 cedo
1417 5653 1443 5710 si
1457 5658 1559 5801 egem
1572 5655 1664 5714 mori-

103 5755 226 5814 Pirnor.
247 5758 368 5815 clxxvi
