3742 6082
72 189 127 249 255
374 179 553 240 HUGONIS
571 179 625 238 DE
643 177 674 237 S.
694 174 866 237 werona
883 173 968 231 OPP.
988 171 1089 231 PARS
1104 168 1456 249 11,-.D0cMAT1cA.
1575 179 1577 184 ’
1723 170 1780 228 256

74 312 148 370 cir.
162 309 229 368 XX.
245 311 290 365 De
310 308 408 365 libero
428 307 567 362 arbitrio
582 307 718 360 illorum
734 304 771 356 in
787 301 899 370 primo
911 297 939 354 A
951 296 1025 354 Cer.
1046 295 1258 358 xxiidam
1285 309 1410 364 semper
1434 293 1571 348 liberum
1597 293 1780 350 arbitrium

109 399 307 456 conditionis
342 398 517 467 principio,
554 396 686 464 qnando
724 390 899 445 subsistere
990 402 1055 442 non
1068 389 1112 441 ad
1124 400 1268 454 preasens
1293 387 1426 453 spectet,
1451 384 1506 436 sed
1531 383 1574 436 od
1601 379 1778 450 futurum:

109 493 282 559 ceperunt.
990 489 1047 530 nec
1062 478 1106 530 ad
1121 490 1225 543 ornne,
1240 476 1296 529 sed
1316 476 1360 528 od
1376 474 1566 542 contingens
1581 477 1725 526 torcium.

109 578 145 634 In
159 576 222 633 illle
235 573 427 646 autemquod
440 575 505 628 erat
514 571 648 642 primum
666 568 809 640 incipere,
821 563 899 622 velle
987 564 1045 621 Sed
1059 569 1090 621 et
1104 564 1161 620 hoc
1176 562 1333 620 sciendum
1359 561 1442 634 quod
1463 560 1594 615 liberum
1615 561 1780 617 arbitrium

73 681 136 723 non
145 669 209 722 erat
221 664 390 730 autfacere,
404 660 457 732 qui
464 659 503 714 ad
516 657 679 714 volendum
688 654 899 712 etfaciendum
954 653 1036 726 quod
1050 654 1185 710 diximus
1190 653 1282 726 primi
1296 651 1439 724 principii
1447 665 1512 705 esse
1524 653 1648 723 propter
1654 649 1784 706 volunta

74 759 196 812 tantum
219 753 293 809 facti
320 750 407 806 erant
429 763 492 803 non
510 747 647 804 volentes
669 749 724 802 aut
741 745 897 801 facientes.
952 746 1014 799 tem
1029 759 1098 815 quae
1113 746 1177 798 erat
1190 741 1333 814 inprime
1348 740 1509 814 principio,
1534 738 1591 794 hoc
1615 739 1718 812 ipsum
1744 738 1784 795 ad

73 843 158 900 Velle
170 842 251 900 enim
263 842 317 895 aut
332 839 430 894 iacere
443 839 562 892 motum
576 835 680 904 habet,
696 838 726 890 et
744 832 780 890 de
795 832 898 890 hocin
952 832 1086 905 primurn
1100 830 1285 904 principIum
1301 844 1363 884 non
1378 833 1444 884 erat
1451 844 1461 896 ;
1477 828 1623 899 quoniam
1648 827 1782 883 liberum

74 931 161 1002 illud,
175 934 204 986 et
216 943 388 985 successum
403 929 433 981 et
457 940 594 994 moram,
621 923 704 996 quod
725 921 900 996 incipientis
953 920 1115 976 arbitrium
1131 919 1170 974 ad
1181 933 1332 991 praeseens
1343 920 1464 988 tempus
1478 931 1540 971 non
1563 915 1704 985 retertur,
1730 916 1784 971 sed

74 1018 217 1093 principii
233 1032 298 1073 esse
319 1032 381 1072 non
405 1016 516 1088 potest,
541 1012 624 1085 quod
647 1012 754 1085 incipit
777 1014 899 1067 tantum
953 1009 993 1066 ad
1006 1025 1042 1065 oa
1056 1024 1125 1081 quae
1140 1008 1246 1063 futura
1260 1009 1333 1062 sunt
1344 1008 1450 1079 postea
1459 1005 1491 1059 in
1503 1005 1703 1075 contingenti.
1716 1005 1786 1061 Om-

75 1107 208 1181 amplius
222 1121 284 1162 non
299 1108 345 1162 est
358 1103 468 1172 adhuc,
484 1101 537 1158 sed
558 1102 692 1175 primum
713 1104 760 1156 est
783 1103 813 1155 ct
837 1114 900 1154 non
953 1114 992 1155 ne
1006 1097 1089 1154 enim
1103 1095 1186 1169 quod
1200 1100 1247 1152 est
1260 1094 1499 1151 determinatum
1516 1109 1570 1149 nec
1582 1097 1684 1167 potest
1696 1093 1784 1151 aliud

75 1195 226 1269 deinceps.
242 1193 325 1250 Velle
349 1195 451 1248 autem
473 1189 632 1247 voluntate
653 1192 699 1245 est
717 1187 804 1258 velle,
830 1202 899 1242 cum
953 1202 1029 1256 esee,
1046 1201 1139 1259 quam
1154 1187 1201 1241 est
1215 1184 1288 1240 dum
1303 1183 1405 1256 ipsum
1419 1186 1484 1250 est,
1500 1185 1530 1236 et
1546 1183 1572 1236 ei
1586 1182 1671 1238 aliud
1683 1186 1786 1255 potest

75 1288 216 1341 movetur
230 1281 416 1339 voluntaset
430 1282 573 1352 operatur
584 1278 649 1350 jam
662 1276 799 1349 aliquid,
816 1278 900 1331 etest
954 1290 1019 1332 esse
1033 1276 1134 1347 potest
1148 1288 1213 1329 esse
1227 1271 1450 1344 aliudpostea;
1474 1274 1504 1327 et
1526 1287 1587 1327 non
1612 1271 1786 1328 aliudesse

74 1375 120 1430 ibi
133 1373 191 1430 hoc
204 1370 338 1439 etillud3
353 1373 383 1426 et
397 1369 433 1425 de
448 1368 505 1424 hoe
524 1368 556 1423 in
580 1366 657 1422 illud
681 1366 763 1440 quod
774 1379 899 1438 praeces·
953 1367 1028 1419 ωηο
1042 1361 1166 1434 quando
1181 1364 1227 1417 est
1240 1359 1297 1416 hoc
1310 1359 1392 1432 quod
1405 1362 1461 1428 est,
1476 1359 1528 1415 sed
1543 1363 1650 1431 postea
1660 1363 1695 1415 ut
1708 1359 1786 1416 desi·

77 1463 118 1519 sit
131 1461 274 1519 voluntas
288 1476 326 1516 ex
347 1474 408 1531 qua
430 1456 507 1513 velle
525 1460 591 1512 erat
614 1472 683 1512 oum
702 1454 802 1511 adhuc
824 1452 901 1510 velle
954 1456 1009 1508 nat
1023 1451 1081 1508 hoc
1094 1449 1255 1523 essequod
1269 1452 1325 1518 est,
1340 1452 1369 1504 et
1381 1448 1509 1521 incipiat
1521 1448 1605 1504 aliud
1622 1449 1785 1522 essequod

76 1552 139 1608 non
153 1551 236 1619 erat3
253 1548 305 1604 sed
318 1547 463 1603 voluntas
473 1549 538 1602 erat
550 1549 673 1601 tantum
679 1548 714 1600 ut
722 1560 759 1600 ex
773 1541 900 1600 cavelle
954 1544 1084 1597 nonest.
1098 1538 1276 1605 Quodenim
1287 1540 1387 1611 potest
1400 1537 1585 1609 inpraesenti
1600 1537 1723 1609 quidem
1737 1554 1786 1611 po

77 1642 157 1695 esset
171 1636 253 1710 quod
264 1636 440 1707 incipientis
454 1650 516 1690 non
540 1638 605 1689 erat
627 1636 681 1689 aut
700 1634 807 1688 facere.
830 1631 900 1687 Non
914 1642 940 1701 Β
954 1633 1024 1699 test,
1041 1627 1094 1685 sed
1108 1628 1144 1683 de
1157 1627 1302 1700 praesenti
1316 1642 1377 1682 non
1393 1629 1494 1698 potest
1504 1643 1513 1695 3
1524 1629 1554 1681 et
1570 1627 1596 1682 si
1604 1626 1640 1682 de
1654 1643 1787 1700 praesen-

76 1741 148 1798 ergo
164 1727 207 1782 sic
217 1723 448 1795 intelligendum
464 1726 510 1778 est
523 1722 653 1795 simplex
676 1721 859 1794 principium
870 1723 901 1775 et
954 1720 978 1775 ti
992 1721 1101 1793 potest,
1117 1720 1289 1773 nontamen
1304 1715 1410 1771 nisiad
1422 1716 1679 1787 futurumpotest.
1695 1715 1785 1782 Quod

77 1817 177 1889 prima
190 1815 275 1885 origo
289 1813 442 1868 nascentis
462 1815 589 1867 naturae.
610 1809 778 1866 Sedunum
797 1809 899 1880 ipsum
952 1808 1048 1879 igitur
1061 1808 1195 1880 primum
1211 1805 1283 1860 facti
1299 1807 1371 1860 sunt
1386 1805 1456 1877 ipsi,
1472 1821 1534 1860 non
1550 1820 1615 1861 esse
1639 1821 1702 1861 non
1730 1821 1783 1879 po-

78 1906 108 1959 et
121 1903 179 1960 hoc
193 1905 314 1958 tantum
324 1905 354 1956 et
368 1916 430 1956 non
445 1899 578 1972 amplius
594 1899 659 1954 sine
680 1897 780 1971 spatio
795 1900 824 1952 et
836 1912 899 1952 mo·
953 1898 1089 1964 tuerunt,
1102 1895 1176 1967 quia
1190 1894 1263 1949 facti
1278 1897 1351 1949 sunt
1364 1891 1422 1949 hoc
1437 1896 1553 1962 totum,
1570 1897 1600 1949 et
1624 1909 1687 1950 non
1704 1895 1783 1950 iace·

77 1995 112 2047 ω
123 1995 154 2048 et
167 2006 263 2058 mora,
278 2005 347 2061 quee
361 1989 465 2044 omnia
479 1987 706 2058 subsequentur
720 1989 837 2059 postea,
866 1985 899 2040 in
953 1988 1027 2040 runt
1041 1984 1100 2058 ipsi
1116 1987 1146 2039 et
1158 1999 1221 2039 non
1234 1986 1401 2055 potuerunt
1415 1999 1478 2038 non
1494 1999 1558 2039 esso
1574 1983 1631 2039 hoc
1644 1985 1782 2057 cumpri-

77 2080 191 2152 quibus
200 2076 747 2146 velloconstatetfacere,etprocessus
756 2078 897 2130 motuum
952 2089 1038 2130 mum
1052 2075 1149 2140 erant,
1165 2072 1311 2144 quoniam
1327 2073 1399 2126 tunc
1420 2071 1522 2143 ipsum
1545 2075 1642 2141 erant,
1667 2076 1697 2128 et
1717 2088 1784 2128 esse

77 2172 107 2224 et
121 2168 275 2224 actionum
290 2170 360 2239 post
371 2166 504 2238 primurn
512 2164 707 2237 principium.
719 2163 765 2218 Ex
775 2178 836 2235 quo
847 2178 898 2218 au·
953 2164 1110 2234 coeperunt
1124 2159 1324 2216 solummodo.
1339 2160 1378 2215 Et
1392 2159 1418 2215 si
1432 2163 1568 2233 potestas
1583 2160 1644 2217 illis
1659 2165 1737 2231 erat,
1748 2166 1784 2217 ut

76 2259 139 2313 tem
152 2255 296 2312 voluntas
310 2255 491 2311 movebatur
503 2253 580 2309 velle
593 2256 677 2322 erat,
691 2255 722 2307 et
736 2251 899 2308 avolunta·
953 2251 1037 2307 aliud
1052 2253 1163 2319 essent,
1176 2249 1248 2322 quia
1260 2249 1391 2304 liberum
1398 2249 1560 2305 arbitrium
1567 2254 1642 2319 erat,
1650 2266 1710 2305 non
1718 2255 1785 2307 erat

76 2346 107 2400 te
120 2348 195 2413 erat,
209 2359 277 2415 quae
289 2342 384 2397 libers
397 2342 588 2410 movebatur,
604 2341 678 2412 quia
691 2356 745 2413 per
757 2355 789 2395 se
803 2354 901 2395 move
953 2342 1057 2395 tamen
1068 2341 1203 2412 potestas
1210 2337 1272 2392 illis
1281 2340 1316 2392 ut
1328 2340 1401 2392 tunc
1410 2337 1495 2392 aliud
1508 2341 1628 2406 essent3
1644 2339 1784 2410 quiahoc

75 2431 169 2487 batur
182 2433 212 2486 et
226 2444 288 2487 non
300 2429 435 2501 impulsu
447 2429 555 2484 alieno.
572 2430 611 2484 Et
624 2428 682 2485 hoc
696 2429 798 2501 ipsum
810 2428 900 2483 meri·
954 2431 1051 2497 erant,
1065 2427 1118 2483 sed
1127 2430 1163 2482 ut
1176 2427 1234 2482 hoe
1247 2441 1312 2481 esse
1325 2425 1500 2481 desinerent
1512 2427 1594 2498 quod
1605 2431 1679 2483 tunc
1694 2432 1784 2485 erant

76 2522 143 2574 tum
157 2521 223 2574 erat
237 2522 267 2573 ot
280 2517 447 2572 vocabatur
461 2518 576 2572 bonum
590 2516 639 2572 vel
653 2515 855 2589 malum,quia
864 2515 899 2571 li·
954 2520 984 2573 et
998 2515 1154 2571 aliudesse
1165 2515 1334 2587 inciperent
1347 2514 1429 2587 quod
1440 2530 1501 2570 non
1512 2519 1609 2571 erant.
1624 2516 1783 2573 Nonenim

75 2606 183 2664 berum
198 2610 263 2662 erat
275 2609 354 2661 etex
368 2621 400 2660 se
417 2608 490 2661 erat.
521 2606 559 2660 Et
574 2608 686 2661 extunc
712 2605 821 2660 mereri
843 2621 899 2661 coe·
955 2620 1019 2662 esse
1033 2608 1176 2678 poterant
1191 2604 1273 2677 quod
1287 2620 1349 2660 non
1364 2609 1452 2661 erant
1466 2605 1525 2660 nisi
1539 2605 1702 2678 priusesse
1733 2607 1783 2663 de·

74 2700 197 2769 parunt,
213 2711 251 2750 ex
272 2710 332 2766 quo
355 2693 514 2750 voluntate
535 2694 651 2749 moveri
674 2697 839 2766 coeperunt.
862 2693 901 2748 Et
955 2695 1089 2751 sinerent
1103 2694 1185 2767 quod
1200 2698 1297 2763 erant,
1314 2697 1344 2749 et
1359 2698 1431 2748 tunc
1457 2693 1565 2750 deinde
1584 2710 1650 2750 esse
1669 2695 1782 2768 incipe-

74 2783 132 2840 hoc
153 2787 223 2856 post
250 2783 384 2855 primum
413 2783 597 2854 principium
624 2785 705 2851 erat,
727 2781 900 2854 etaprimo
955 2787 1024 2839 rent
1038 2783 1120 2856 quod
1130 2798 1192 2838 non
1202 2786 1298 2839 erant.
1315 2782 1466 2848 Quoniam
1478 2782 1609 2839 liberum
1618 2784 1784 2841 arbitrium

75 2871 225 2945 prinprio
239 2874 321 2939 erat;
334 2874 364 2926 et
379 2885 441 2926 non
453 2870 486 2925 in
498 2870 575 2943 ipso,
597 2870 743 2942 quoniam
765 2870 899 2942 abipso,
956 2872 992 2927 de
1007 2872 1149 2944 praesenti
1164 2886 1229 2927 esse
1256 2886 1317 2927 non
1341 2873 1451 2942 potest,
1479 2873 1603 2927 tametsi
1623 2872 1726 2944 ipsum
1749 2874 1783 2928 in
1820 2941 1823 2945 .

76 2963 198 3016 tanturn
212 2963 286 3015 erat.
302 2958 349 3013 Ex
363 2974 424 3031 quo
440 2961 542 3013 autem
552 2957 697 3015 voluntas
712 2961 786 3029 erat,
808 2958 898 3013 liber·
918 2983 942 3040 c
955 2960 1099 3033 praesenti
1113 2963 1159 3015 est
1174 2959 1243 3025 ;sed
1258 2961 1500 3032 spectatsemper
1510 2960 1549 3015 ad
1562 2961 1684 3016 futuros
1697 2977 1786 3016 even·

78 3051 126 3104 tas
140 3051 215 3116 erat,
230 3047 304 3119 quia
321 3045 490 3103 voluntatis
515 3051 561 3103 est
583 3047 730 3118 libertas,
753 3048 899 3119 quoniam
956 3051 1017 3118 tus,
1033 3053 1063 3105 et
1077 3048 1177 3105 solum
1192 3049 1245 3121 qui
1258 3049 1290 3103 in
1303 3048 1492 3118 contingenti
1504 3049 1696 3116 {consistunt¹
1723 3051 1782 3107 Fu·

77 3138 186 3209 potens
198 3139 262 3191 erat
276 3150 329 3208 per
344 3135 496 3192 semoveri
510 3136 632 3192 utultra
643 3136 701 3193 iret
714 3135 797 3192 hunc
809 3135 859 3191 vel
870 3135 903 3191 il·
954 3140 1026 3194 tura
1039 3138 1152 3210 quippe
1166 3153 1234 3210 quae
1249 3152 1287 3193 ex
1298 3137 1478 3193 necessitate
1506 3138 1611 3194 futura
1638 3142 1722 3209 sunt,
1747 3139 1784 3196 li-

75 3223 126 3281 luc
141 3225 206 3280 sine
221 3225 375 3280 coactione
388 3224 437 3280 vel
451 3223 556 3296 adjuta
570 3223 619 3281 vel
640 3224 799 3294 derelicta,
827 3239 900 3296 quo·
955 3225 1063 3282 berum
1078 3227 1241 3282 arbitrium
1265 3241 1327 3281 non
1347 3230 1542 3297 sequuntur,
1563 3227 1617 3282 sed
1641 3231 1786 3284 constant

75 3313 161 3370 niam
169 3313 295 3369 libertas
309 3316 356 3368 est
367 3312 536 3369 voluntatis
558 3328 668 3384 exquo
692 3317 738 3369 est
758 3312 902 3369 voluntas
955 3315 1154 3371 immobiliter
1168 3315 1316 3371 adunam
1337 3319 1470 3384 tantum,
1496 3331 1550 3372 nec
1574 3317 1727 3388 recipiunt
1749 3335 1784 3373 u-

74 3401 141 3475 lpsa
155 3401 263 3474 inipso
270 3401 369 3474 primo
382 3401 673 3473 principioPropter
685 3400 743 3457 hoc
758 3404 824 3457 erat
855 3416 900 3456 ar·
955 3403 1115 3460 trumlibet
1127 3404 1343 3475 contingentis.
1359 3403 1408 3460 Sic
1431 3404 1526 3475 igitur
1548 3404 1680 3461 liberum
1702 3407 1784 3462 arbi·

78 3491 207 3546 bitrium
222 3489 354 3546 liberum
366 3489 399 3545 in
411 3489 484 3559 illis,
500 3489 646 3562 quoniam
659 3489 693 3544 in
706 3487 768 3544 illis
778 3492 901 3546 eratvo·
956 3492 1051 3548 trium
1066 3483 1130 3548 erat
1139 3496 1212 3548 tunc
1225 3492 1258 3547 in
1269 3491 1340 3560 illie,
1353 3507 1415 3548 non
1431 3491 1554 3564 quidem
1569 3497 1605 3549 ut
1615 3497 1688 3550 tunc
1698 3493 1786 3551 aliud

75 3576 294 3650 luntaspotens
305 3578 421 3634 moveri
435 3580 465 3633 et
476 3577 548 3633 ferri
564 3592 619 3633 suo
643 3577 781 3650 appetitu
806 3577 840 3632 in
868 3592 901 3632 u·
956 3584 1058 3636 essent
1072 3596 1165 3651 quam
1179 3583 1276 3650 erant,
1294 3580 1346 3636 sed
1360 3583 1510 3652 potestate
1523 3597 1615 3654 quam
1627 3582 1786 3639 habebant

75 3669 229 3740 trumque.
955 3668 989 3725 in
1003 3684 1038 3724 eo
1051 3669 1133 3741 quod
1146 3673 1233 3725 orant
1247 3673 1282 3725 ut
1296 3669 1353 3726 hoc
1366 3685 1430 3725 esse
1444 3669 1627 3741 desinerent,
1643 3675 1673 3728 et
1699 3671 1786 3728 aliud

152 3756 226 3814 Ger.
243 3755 324 3812 XXI.
342 3758 425 3818 Quid
438 3756 483 3812 sit
499 3757 637 3812 iibernrn
652 3756 818 3811 arbitrini.
957 3772 1022 3812 esse
1036 3757 1204 3830 inciperent
1225 3757 1308 3829 quod
1332 3773 1393 3812 non
1415 3761 1511 3813 erant.
1533 3759 1572 3814 Et
1595 3760 1638 3815 sic
1658 3759 1784 3832 quidem

111 3844 262 3910 Quoniam
278 3847 465 3915 spontaneus
477 3848 580 3899 motus
589 3843 638 3899 vel
647 3843 843 3900 voluntarius
854 3858 902 3915 ap
957 3845 1125 3902 studiosius
1136 3846 1365 3918 inquirentibus
1389 3847 1468 3902 ratio
1492 3847 1622 3903 occurrit
1646 3847 1683 3904 de
1698 3852 1784 3905 statu

76 3931 192 4003 petitus
204 3930 336 3985 liberum
351 3931 513 3985 arbitrium
524 3935 570 3986 est
582 3930 721 3987 :liberum
736 3932 859 4004 quidem
869 3932 903 3988 in
956 3933 1055 4006 primo
1070 3934 1257 4005 angelorum,
1274 3935 1310 3989 de
1334 3933 1501 4006 primordio
1521 3935 1691 3992 existentiae
1716 3936 1782 3994 illo·

77 4033 113 4076 eo
128 4015 210 4091 quod
229 4020 275 4072 est
295 4015 511 4086 voluntarius3
537 4018 699 4075 arbitrium
723 4020 847 4075 veroin
868 4035 903 4076 eo
956 4037 1036 4091 rum,
1052 4022 1158 4094 quales
1170 4023 1244 4078 facti
1259 4026 1332 4077 sunt
1346 4022 1480 4094 primum
1502 4023 1584 4079 etde
1604 4027 1728 4095 natura,
1754 4029 1785 4082 et

77 4106 160 4179 quod
174 4105 337 4179 appetitus.
352 4104 452 4160 Sedet
465 4105 533 4177 ipsa
546 4107 682 4177 potestas
703 4111 733 4162 et
756 4106 903 4163 habilitas
957 4110 993 4166 de
1013 4111 1164 4182 sapientia
1178 4113 1208 4165 et
1222 4111 1259 4165 de
1274 4110 1394 4165 arbitrii
1408 4110 1548 4167 libertate
1560 4114 1727 4185 proposita.

76 4194 246 4252 voluntatis
260 4197 306 4250 eet
315 4191 442 4250 libertas
456 4208 518 4265 qua
530 4197 670 4250 movetur
678 4195 716 4250 ad
724 4199 901 4268 utrumque,
955 4197 1029 4254 Cer.
1045 4198 1158 4255 XXIII.
1175 4201 1218 4253 De
1232 4201 1401 4254 aversione
1414 4204 1444 4253 et
1458 4201 1553 4268 iopen
1562 4203 1740 4272 melorum,
1752 4208 1785 4259 et

76 4287 108 4339 et
117 4281 249 4341 liberum
263 4281 425 4339 arbitrium
437 4280 549 4339 dicitur
559 4281 737 4340 voluntatis.
753 4284 899 4341 Volunta-
915 4323 944 4382 D
991 4289 1031 4342 de
1050 4289 1256 4342 conversione
1269 4292 1300 4342 et
1313 4287 1562 4358 confirmatione
1576 4291 1744 4347 bonorum.

75 4370 119 4428 rie
133 4376 236 4429 autem
250 4372 365 4428 moveri
379 4375 410 4427 et
421 4370 494 4427 ferri
508 4374 539 4426 et
553 4374 721 4444 spontaneo
748 4374 898 4446 appetitu,
990 4375 1063 4431 Post
1076 4374 1133 4432 hoc
1146 4375 1347 4432 consideratio
1362 4374 1486 4432 adducit
1497 4377 1651 4449 inquirere
1676 4379 1784 4451 quales

75 4458 134 4516 hoc
147 4463 194 4515 est
207 4461 357 4531 potestate
371 4457 481 4528 eligere
494 4461 523 4514 et
535 4457 676 4514 libertate
687 4459 836 4531 judicare,
866 4462 899 4517 in
953 4463 1051 4520 effecti
1062 4467 1135 4520 eunt
1146 4462 1219 4520 dum
1232 4463 1441 4520 dividerentur
1455 4466 1612 4522 aversione
1621 4470 1651 4524 et
1660 4482 1786 4525 conver·

76 4559 137 4618 quo
144 4548 265 4602 constat
274 4545 405 4601 liborum
417 4546 588 4601 arbItrium.
597 4546 636 4601 Et
643 4552 766 4621 propter
774 4549 832 4606 hoc
842 4551 901 4606 fac·
954 4553 1047 4608 sione.
1055 4551 1228 4618 Quodenim
1240 4553 1374 4624 primum
1383 4557 1471 4610 erant
1484 4555 1652 4611 secundum
1662 4556 1784 4629 aliquid

76 4633 101 4689 ti
115 4635 188 4689 sunt
196 4633 284 4689 liberi
299 4633 428 4702 arbitrii,
445 4636 480 4690 ut
494 4634 668 4691 voluntario
685 4637 823 4708 appetitu
839 4653 901 4694 mo
953 4643 1161 4710 enumerant,
1175 4641 1248 4712 quia
1262 4641 1451 4696 omnesboni
1465 4647 1572 4710 erant3
1586 4643 1711 4715 etquod
1729 4644 1784 4702 ho·

75 4724 242 4790 verentur;
258 4720 311 4778 sed
324 4721 491 4778 secundum
500 4721 676 4778 electIonem
689 4724 860 4782 voluntatis
870 4730 900 4783 et
953 4729 987 4784 ni
1001 4744 1063 4785 non
1077 4729 1234 4798 facientes,
1250 4728 1303 4784 sed
1317 4728 1390 4784 iacti
1403 4733 1499 4784 erant.
1516 4729 1553 4784 ln
1564 4729 1621 4786 hoc
1632 4731 1730 4802 igitur
1753 4750 1785 4788 u·

75 4806 305 4864 inclinationem
314 4807 476 4866 desidereri
484 4811 533 4867 sui
541 4811 606 4866 sine
618 4813 898 4871 coactioneverum
953 4831 1028 4873 num
1043 4820 1130 4872 erant
1144 4815 1227 4890 quod
1242 4815 1401 4879 bonifanti
1416 4820 1504 4872 erent
1527 4820 1557 4874 et
1577 4819 1716 4876 nondum
1744 4821 1785 4877 ad

76 4897 180 4951 tamen
193 4894 277 4967 quod
290 4897 424 4969 primum
438 4902 504 4955 erat
516 4900 550 4955 in
563 4899 636 4969 illis,
651 4900 784 4974 incipere
797 4918 898 4960 move·
954 4904 1039 4961 eliud
1053 4908 1141 4961 erant
1155 4920 1248 4978 quam
1259 4904 1332 4959 facti
1345 4908 1433 4961 erant
1444 4923 1453 4975 3
1469 4908 1543 4979 quia
1557 4911 1631 4963 tunc
1646 4909 1784 4980 primum

33 5033 36 5036 ,
77 4982 104 5038 rl
114 4998 177 5062 non
189 4985 254 5038 erat
263 4998 273 5052 ;
291 4998 390 5056 neque
413 4986 533 5057 eligere,
560 5002 658 5059 neque
678 4991 898 5063 concupiscere,
953 4993 1027 5049 lacti
1040 4997 1138 5063 erant,
1153 4996 1184 5049 et
1194 5007 1256 5048 non
1269 4994 1340 5047 ante
1353 4993 1523 5065 quidquam
1534 4996 1786 5070 fecerant.Coepe·

77 5071 223 5143 quoniam
239 5070 368 5142 simplex
381 5074 446 5128 orat
459 5077 488 5129 et
503 5075 688 5147 principium
702 5078 835 5147 primum
846 5094 856 5148 3
869 5081 900 5136 et
953 5083 1026 5136 runt
1038 5085 1140 5136 autem
1155 5079 1251 5135 dividi
1266 5079 1305 5134 ab
1320 5094 1354 5134 eo
1367 5080 1449 5152 quod
1462 5082 1641 5153 factierant,
1658 5084 1785 5142 utaliud

76 5157 562 5232 tamenliberumarbitriumjam
577 5164 650 5217 tune
662 5167 737 5233 erat,
752 5167 899 5236 quoniam
950 5169 1015 5240 jam
1029 5172 1140 5237 essent,
1160 5167 1209 5223 vel
1232 5166 1424 5239 proficientes
1448 5185 1542 5241 supra
1563 5171 1639 5226 illud
1662 5172 1786 5230 athoni

75 5245 219 5303 voluntas
232 5249 297 5302 erat
311 5245 360 5302 cui
372 5247 471 5302 inerat
482 5246 540 5303 hoc
554 5251 583 5303 et
597 5263 635 5304 ex
649 5264 711 5320 qua
724 5249 783 5306 hoc
794 5253 899 5310 subse·
954 5260 1055 5312 essent
1064 5273 1073 5325 ;
1088 5256 1137 5311 vel
1158 5256 1216 5311 sub
1238 5255 1293 5312 illo
1316 5256 1490 5314 deficientes
1512 5262 1548 5313 ut
1571 5259 1646 5314 mali
1669 5265 1785 5318 esseut.

75 5335 228 5406 quebetur
237 5350 247 5405 ;
260 5335 407 5407 quoniam
431 5349 468 5390 ex
483 5334 540 5391 hoc
559 5338 643 5391 mota
664 5340 711 5392 est
739 5340 843 5395 statim
870 5345 899 5397 et
953 5344 1027 5400 Haec
1039 5349 1085 5400 est
1097 5343 1251 5400 consertio
1267 5348 1297 5399 et
1307 5345 1426 5400 aversio
1441 5361 1504 5417 qua
1517 5346 1608 5402 divisi
1632 5353 1707 5405 sunt
1730 5351 1786 5422 qui

76 5426 243 5492 spontaneo
255 5423 393 5496 appetitu
406 5421 720 5481 ductainelcctionem
730 5428 897 5500 propriam.
953 5446 1051 5488 unum
1065 5435 1153 5488 erant
1166 5435 1196 5488 et
1205 5432 1397 5488 honinatura
1412 5437 1446 5488 ut
1461 5434 1524 5490 sint
1536 5434 1589 5490 alii
1598 5451 1693 5509 supra
1705 5437 1786 5495 illud

952 5518 1027 5575 boni
1035 5535 1089 5592 per
1100 5519 1272 5592 justitiam:
1289 5519 1342 5574 alii
1358 5520 1416 5575 sub
1431 5520 1485 5577 illo
1500 5522 1635 5597 maliper
1648 5524 1784 5599 culpam.

952 5604 1118 5664 Conversio
1131 5608 1213 5664 enim
1225 5608 1326 5679 justos
1343 5605 1416 5663 lecit
1439 5611 1469 5664 et
1492 5612 1611 5669 aversio
1636 5613 1782 5686 injustos.

953 5692 1089 5769 Utraque
1098 5694 1181 5755 enim
1191 5692 1363 5754 voluntatis
1378 5693 1449 5769 tuit,
1463 5699 1495 5755 et
1515 5699 1661 5763 voluntas
1681 5703 1782 5762 utrin-
