3742 6082
82 256 137 315 5⁷9
393 255 567 314 HUCONIS
584 255 638 310 DE
656 254 685 310 S.
705 249 878 309 VICTORE
895 247 981 306 OPP.
1001 247 1102 306 PARS
1119 249 1160 308 11.
1180 280 1217 293 -
1234 249 1477 309 becumen.
1734 253 1792 312 580

83 385 222 458 cisquod
232 386 336 443 unctio
347 386 463 442 confert
471 387 662 456 peccatorum
669 380 879 436 remissionem
891 395 897 434 :
914 379 941 434 A
954 381 1155 454 reparandam
1169 382 1281 454 saepius
1291 383 1455 439 sanitatem
1469 385 1500 438 et
1511 383 1551 438 ad
1558 382 1790 456 impetrandam

87 485 117 539 01
138 478 236 536 oratio
259 474 447 532 infirmitatis
471 472 694 527 allevationem.
715 470 779 540 Ego
803 483 911 523 verum
966 469 1079 542 saepius
1088 473 1280 542 peccatorum
1293 471 1514 540 remissionem,
1529 486 1600 526 cum
1611 472 1716 542 negari
1728 486 1794 526 non

86 584 152 626 esse
166 565 321 630 confiteor,
338 563 380 616 sic
403 563 506 614 tamen
520 561 555 613 ut
576 572 753 612 conversam
774 572 836 612 non
859 570 910 612 ne·
964 559 1063 629 possit
1083 574 1138 630 pro
1162 558 1267 613 eadem
1282 560 1416 631 corporis
1439 559 1581 629 sanitate,
1598 562 1628 614 et
1651 558 1795 616 similiter

87 672 157 730 ges;
171 654 244 725 quia
259 649 361 705 11110110
386 646 504 701 coniert
526 645 660 717 corporis
687 644 911 712 allevationem,
965 659 1020 716 pro
1047 650 1238 716 peccatorum
1262 647 1451 716 remissione,
1478 647 1590 718 saepius
1614 647 1792 703 iterandam

89 747 119 800 et
131 741 227 797 oratio
242 739 434 808 peccatorum
446 733 665 789 remissionem.
678 732 850 803 Utrumque
864 747 914 786 va·
966 746 1031 787 esse
1046 732 1235 788 orationem?
1248 734 1288 790 Et
1301 737 1337 790 ut
1351 735 1551 790 sacramentis
1565 734 1646 792 idern
1664 734 1791 791 demon·

88 831 134 887 dit
148 828 186 882 ad
200 829 374 893 utrumque.
392 822 563 893 Utrumque
579 824 722 892 operatur
743 822 778 875 ut
795 823 911 875 utrum·
966 821 1108 888 stremns,
1124 821 1195 892 quis
1219 821 1301 877 dicat
1323 822 1479 878 hominem
1499 837 1581 894 aqua
1605 823 1795 896 aspersionis

89 931 148 989 que
162 912 308 982 utrinque
322 912 465 981 operatur
481 912 511 964 01
525 913 691 980 utrumque
707 906 794 963 alteri
808 922 912 979 coope·
967 905 1060 962 semel
1072 907 1238 963 lustratum
1261 908 1394 980 amplius
1415 911 1535 982 aspergi
1550 926 1613 966 non
1638 926 1729 983 posse
1737 927 1747 980 ;
1765 915 1796 967 et

88 1006 184 1068 ratur,
201 1003 341 1055 cinnum
358 998 498 1053 effectum
522 997 615 1053 hahet
635 999 810 1069 utrumqne.
827 995 914 1061 Quod
967 993 1050 1065 quod
1061 995 1162 1066 majus
1176 1000 1222 1051 est
1237 1001 1427 1054 sacramento
1439 998 1573 1071 corporis
1588 1002 1618 1054 et
1628 999 1793 1070 sanguinis

86 1089 386 1146 insacramentonon
399 1085 557 1154 dividitur,
566 1085 598 1140 in
609 1085 724 1140 virtute
732 1083 914 1140 sacramenti
967 1079 1081 1137 Christi
1105 1083 1198 1139 semel
1218 1088 1358 1157 percepto
1384 1085 1516 1158 amplius
1538 1084 1614 1141 illud
1639 1086 1795 1158 suscipere

87 1193 149 1234 non
165 1177 341 1247 separatur,
357 1176 459 1227 tamen
486 1173 559 1244 quia
579 1173 683 1228 unctio
706 1172 913 1227 membrorum
967 1183 1030 1225 non
1042 1169 1173 1226 debere?
1186 1172 1244 1227 Sed
1259 1173 1285 1228 si
1307 1172 1385 1229 forte
1400 1172 1438 1229 ad
1463 1174 1528 1229 haec
1547 1173 1796 1246 respondendum

87 1265 221 1322 dolorem
245 1265 345 1330 sanat,
369 1265 398 1316 et
421 1265 527 1317 contra
547 1261 681 1332 corporis
704 1260 914 1315 infirmitatem
968 1256 1135 1327 existimes,
1151 1259 1225 1331 quin
1239 1275 1348 1332 corpus
1361 1261 1454 1317 semel
1469 1264 1679 1317 consecratum
1695 1261 1797 1317 denuo

89 1349 335 1422 magisprodesse
348 1349 469 1405 videtur
482 1366 487 1403 :
502 1349 719 1404 ideofortassis
729 1348 808 1402 dixit
817 1348 914 1402 oratio
968 1344 1001 1399 in
1030 1344 1134 1401 eodem
1161 1352 1351 1404 sacramento
1380 1364 1442 1404 non
1468 1349 1668 1416 benedicitur,
1698 1364 1798 1421 neque

90 1438 223 1496 salvabit
234 1437 401 1505 infirmnm,
417 1439 452 1491 ut
465 1437 499 1491 in
512 1440 642 1508 utroque
652 1439 817 1506 utrumque
831 1432 916 1489 intel·
969 1433 1154 1504 aspersionis
1181 1433 1351 1490 benedictio
1378 1436 1491 1506 saepius
1516 1436 1548 1492 in
1576 1435 1682 1491 cadem
1715 1450 1799 1507 aqua

89 1527 179 1599 ligas,
189 1531 219 1582 et
230 1541 291 1581 non
301 1527 391 1596 putes
401 1525 577 1580 unctionem
589 1524 689 1594 magis
702 1523 741 1578 ad
751 1522 915 1578 sanitatem
969 1521 1141 1590 reiteratur,
1156 1522 1226 1577 vide
1241 1522 1323 1594 quod
1337 1521 1478 1578 similiter
1498 1523 1578 1579 idem
1601 1522 1703 1579 oleum
1727 1527 1798 1596 post

91 1614 226 1686 corporis
248 1613 410 1685 pertinere,
424 1626 517 1682 quam
544 1611 583 1666 ad
608 1613 800 1682 peccatorum
815 1609 917 1664 remis·
969 1624 1064 1664 unam
1079 1610 1337 1666 consecrationem
1359 1611 1420 1667 alia
1440 1626 1562 1666 rursum
1584 1610 1797 1666 benedictione

93 1703 219 1757 sionem.
236 1701 326 1756 Prius
349 1700 453 1754 anima
475 1702 610 1768 curatur,
626 1702 733 1770 postea
746 1712 856 1770 corpus
869 1711 915 1750 sa·
929 1717 955 1772 Β
970 1699 1024 1752 aut
1050 1697 1275 1752 consecratione
1299 1713 1360 1753 11011
1382 1698 1589 1753 sanctificatur
1612 1715 1617 1752 :
1642 1701 1673 1753 01
1692 1701 1797 1754 tamen

93 1794 194 1845 natur.
219 1789 346 1859 Propter
361 1788 576 1842 correctionem
600 1787 709 1841 animae
726 1785 915 1841 infirmatum
970 1784 1049 1839 sicut
1063 1783 1114 1839 ille
1129 1785 1183 1855 qni
1208 1786 1342 1857 corporis
1354 1785 1468 1841 Christi
1491 1789 1717 1841 sacramentum
1729 1785 1796 1858 jam

93 1881 139 1933 est
151 1892 269 1949 corpus.
288 1875 359 1931 Ideo
374 1875 412 1930 ad
431 1876 594 1931 sanitatem
618 1874 752 1944 corporis
776 1873 915 1928 obtinen·
970 1872 1114 1943 percepit,
1131 1887 1326 1943 nequaquam
1353 1873 1464 1929 idcirco
1486 1889 1505 1928 a
1525 1873 1720 1945 percipiendo
1744 1874 1798 1930 ite

93 1964 174 2033 dam,
190 1965 276 2036 prius
291 1963 426 2018 curanda
440 1966 486 2018 est
500 1962 665 2018 animabit
678 1962 704 2016 si
717 1961 916 2033 fortecorpus
970 1975 1039 2015 rum
1063 1974 1098 2015 eo
1121 1960 1310 2031 prohibetur,
1325 1961 1369 2016 sic
1393 1961 1421 2016 ei
1443 1962 1497 2034 qui
1519 1962 1673 2017 unctionis
1696 1976 1795 2017 sacra·

93 2053 132 2108 ad
155 2051 317 2123 pristinam
336 2051 514 2123 sospitatem
538 2065 601 2106 non
625 2049 819 2118 convalescit,
838 2047 917 2104 nihil
970 2049 1247 2120 mentumaccepit,
1263 2050 1290 2104 si
1305 2064 1425 2105 necesse
1451 2049 1544 2106 fuerit
1557 2054 1587 2106 et
1613 2064 1707 2107 causa
1731 2051 1796 2106 sive

92 2139 219 2211 periculi
243 2142 298 2208 est,
315 2139 341 2193 si
364 2142 487 2195 tantum
510 2138 613 2192 anima
638 2152 725 2192 suam
751 2137 915 2192 sanitatem
971 2137 1092 2194 devotio
1106 2137 1288 2209 expostulet,
1304 2142 1339 2194 nt
1361 2138 1439 2195 illud
1450 2139 1561 2195 iterum
1588 2139 1797 2211 percipiatra·

93 2227 247 2298 receperit.
273 2226 373 2291 Quare
399 2241 469 2297 ergo
497 2229 625 2296 negetur
651 2224 735 2296 quod
763 2225 917 2280 unctionis
970 2224 1161 2282 tionabiliter
1175 2241 1239 2282 uon
1253 2227 1481 2283 contradicitur.

94 2317 319 2370 sacramentnm
335 2328 425 2386 super
438 2314 596 2369 infirmum
618 2311 723 2369 iterari
745 2312 843 2383 possit
850 2328 860 2381 3
880 2312 918 2368 ad

853 2491 1052 2510 -ηι

556 2641 735 2755 anns
778 2641 1007 2755 snxm
1050 2640 1337 2757 nnurnn.

501 2828 554 2885 DE
587 2827 862 2885 MORIENTIBUS
889 2828 964 2886 SEU
997 2828 1051 2885 DE
1080 2826 1176 2884 FINE
1208 2826 1387 2884 HOMINIS.

129 2956 203 3012 Cae.
221 2955 244 3011 Ι.
263 2955 351 3020 Quod
367 2956 394 3007 ii
409 2954 467 3023 qui
487 2955 523 3007 in
538 2955 674 3009 Domino
690 2956 881 3009 moriuntur
936 2951 959 3007 C
974 2949 1049 3023 xxv)
1063 2968 1069 3006 :
1086 2949 1177 3006 Omni
1187 2949 1477 3020 habentimeritum,
1491 2950 1616 3007 dabitur
1627 2952 1798 3025 praemium.

173 3044 274 3097 etiam
291 3043 834 3110 010110010000111010011011101.
971 3039 1040 3096 Non
1055 3039 1135 3094 dixit
1153 3038 1280 3094 habenti
1304 3053 1452 3109 magnum
1466 3039 1621 3110 meritum,
1636 3041 1799 3112 praemium

128 3130 285 3200 Scriptura
299 3129 373 3184 dicit
390 3145 395 3182 :
413 3131 508 3184 Beati
520 3131 645 3185 mortui
658 3131 717 3198 qui
732 3132 768 3183 in
780 3131 917 3185 Domino
972 3126 1144 3195 dabitur,ct
1154 3140 1285 3198 parvum
1296 3126 1438 3181 meritum
1449 3124 1576 3182 habenti
1586 3143 1649 3183 11011
1663 3128 1798 3199 dabitur;

94 3218 287 3270 moriantur
306 3216 411 3284 (Apoc.
434 3219 507 3280 xrv).
528 3215 564 3270 In
588 3215 720 3271 Domino
744 3216 919 3271 moriuntur
973 3213 1026 3269 sed
1040 3214 1133 3282 omni,
1149 3213 1262 3286 inquit,
1277 3213 1404 3268 habenti
1423 3213 1548 3270 dabitur
1568 3219 1598 3271 et
1616 3215 1797 3272 abundabit.

94 3302 192 3375 quiin
207 3316 298 3357 carne
310 3300 434 3372 quidem
449 3301 613 3357 morientes
622 3303 655 3357 in
668 3303 800 3357 Domino
815 3306 918 3357 tamen
972 3303 1052 3372 Fugo
1067 3302 1159 3356 etiam
1170 3300 1222 3356 ille
1233 3301 1288 3373 qui
1302 3316 1432 3372 parvum
1450 3302 1594 3357 meritum
1609 3303 1712 3374 habet,
1728 3320 1798 3360 cum

93 3390 232 3445 viventes
245 3388 454 3443 inveniuntur.
470 3387 549 3452 Quid
563 3391 608 3444 est
622 3388 655 3444 in
668 3387 820 3444 Domino?
833 3390 869 3445 In
884 3390 917 3444 il·
972 3389 1134 3461 praemium
1157 3389 1306 3460 acceperit
1320 3389 1396 3444 satis
1421 3389 1558 3460 habebit,
1573 3393 1716 3464 quamvis
1735 3409 1798 3449 non

94 3477 131 3533 de
145 3480 174 3532 et
188 3479 282 3548 spect
296 3476 453 3532 charitate.
468 3477 525 3531 Per
536 3475 685 3532 istaeuim
699 3476 855 3532 viviturin
865 3475 919 3532 illa
973 3480 1095 3533 1011111111
1107 3476 1244 3545 habebit,
1260 3481 1411 3549 quantum
1426 3479 1480 3550 qui
1491 3494 1638 3550 magnum
1652 3481 1799 3536 meritum

95 3565 159 3621 vita
174 3581 236 3637 qua
260 3564 377 3621 vivitur
399 3564 432 3620 in
454 3564 595 3620 Domino.
612 3564 668 3620 Est
690 3563 830 3636 quaedam
853 3564 919 3620 vita
972 3565 1108 3621 habebit.
1125 3564 1214 3621 Solus
1227 3565 1279 3621 ille
1298 3564 1470 3622 excluditur
1484 3583 1503 3622 a
1515 3566 1708 3638 percipiendo
1720 3583 1799 3639 prse-

95 3669 157 3725 qua
170 3668 281 3725 corpus
305 3653 383 3709 vivit
397 3668 433 3708 ex
448 3653 565 3720 anima;
581 3656 611 3709 et
625 3658 671 3709 est
690 3652 830 3725 quaedam
854 3653 919 3708 vita
973 3653 1045 3723 mio,
1057 3653 1112 3724 qui
1125 3651 1204 3708 nihil
1213 3652 1306 3709 hahet
1317 3653 1354 3709 de
1364 3654 1482 3711 merito.
1490 3654 1601 3710 Omnes
1615 3669 1685 3724 ergo
1698 3657 1752 3726 qui
1765 3657 1801 3713 in

94 3756 156 3812 qna
171 3742 275 3796 anima
288 3741 366 3796 vivit
377 3741 409 3796 in
424 3741 499 3810 Deo,
512 3757 594 3797 nunc
605 3741 728 3813 quidem
742 3740 811 3810 tide,
824 3756 877 3812 spe
888 3743 918 3796 et
973 3741 1105 3797 Domino
1115 3741 1290 3796 moriuntur
1300 3741 1382 3797 beati
1392 3740 1638 3813 sunt;.quiapost
1652 3743 1800 3800 meritum

94 3828 255 3883 dilectione
268 3833 374 3898 postea
388 3844 459 3884 vero
473 3845 529 3900 pro
543 3828 602 3884 fide
616 3820 650 3885 et
661 3844 713 3901 spe
728 3827 919 3900 comtempla·
972 3829 1108 3898 virtutis,
1120 3828 1304 3901 perveniunt
1319 3829 1357 3883 ad
1369 3830 1529 3899 praemium
1543 3829 1756 3887 beatitudinis.

95 3916 187 3984 tionc,
210 3920 386 3972 remanente
409 3916 578 3972 dilectione.
603 3918 672 3972 Non
691 3917 786 3986 igitur
813 3931 918 3972 nocere
1130 3916 1203 3971 Can.
1219 3916 1257 3972 II.
1276 3917 1316 3971 De
1330 3919 1424 3972 emitae
1440 3919 1644 3973 animarum.

94 4006 194 4074 potest
205 4002 315 4058 animae
323 4003 349 4058 si
358 4018 467 4074 corpus
475 4005 571 4059 vitam
580 4020 668 4059 suam
676 4004 785 4074 perdit,
795 4004 918 4074 quando
1009 4004 1108 4061 Multa
1129 4004 1224 4077 quaeri
1245 4008 1386 4077 possunt,
1405 4005 1431 4061 si
1455 4008 1558 4061 tamen
1583 4006 1686 4062 omnia
1706 4007 1804 4080 quaeri

93 4091 162 4163 ipsa
174 4091 269 4146 vitam
283 4107 370 4161 snam
383 4091 415 4145 in
428 4091 526 4147 iideet
538 4094 631 4163 spect
646 4091 794 4146 charitate
808 4092 917 4162 persis·
973 4092 1085 4149 debent
1099 4107 1168 4164 quae
1184 4092 1279 4164 quaeri
1294 4095 1433 4164 possunt.
1450 4091 1599 4157 Quaerunt
1610 4093 1750 4150 homines
1765 4094 1802 4150 de

93 4182 161 4234 tens
186 4194 247 4234 11011
271 4179 395 4235 amittit.
420 4178 516 4235 Nemo
538 4193 608 4248 ergo
635 4178 711 4233 mihi
735 4177 842 4233 dicat:
866 4178 919 4250 qui
973 4181 1058 4236 exitu
1073 4180 1246 4235 animarum
1261 4181 1469 4252 acorporibns
1484 4181 1616 4252 qualiter
1630 4170 1756 4251 exeant3
1770 4187 1801 4239 et

92 4283 220 4341 parvam
234 4268 325 4323 fidem
339 4272 368 4323 et
381 4283 464 4339 spem
480 4282 617 4341 parvam,
634 4270 664 4322 et
677 4282 803 4338 parvam
820 4266 916 4322 chari·
931 4259 959 4315 D
974 4283 1035 4339 qno
1059 4271 1205 4324 exeuntes
1221 4271 1360 4340 pergant,
1375 4268 1424 4324 vel
1446 4284 1515 4325 cum
1529 4270 1724 4341 pervenerint
1738 4287 1800 4342 quo

94 4358 187 4412 tatem
203 4356 318 4412 habent
333 4371 395 4411 non
419 4355 589 4411 salvantur.
603 4355 668 4425 Ego
683 4369 745 4409 non
760 4370 914 4412 mensuro.
971 4357 1112 4427 pergunt,
1128 4356 1202 4427 quid
1224 4355 1394 4425 inveniant,
1409 4355 1458 4412 vel
1472 4356 1547 4429 quid
1560 4358 1730 4429 percipiant
1744 4362 1800 4414 0111

93 4442 237 4498 Crescunt
251 4447 402 4513 quantum
416 4443 535 4510 volunt,
551 4445 667 4513 quanto
682 4443 822 4513 majores,
832 4446 917 4499 tanto
973 4445 1154 4500 sustineant.
1168 4444 1227 4500 Sed
1240 4444 1305 4501 haec
1320 4445 1424 4500 omnia
1445 4446 1544 4515 magis
1564 4443 1702 4501 timenda
1713 4450 1798 4516 sunt,

94 4528 793 4599 melioresTamenegoilloscondemnarenon
809 4531 916 4601 audeo,
972 4548 1065 4605 quarn
1090 4531 1263 4603 quaerenda.
1288 4531 1359 4588 Ideo
1384 4532 1498 4605 quippe
1521 4532 1701 4590 abscondita
1714 4538 1799 4603 sunt,

94 4619 295 4692 quantumvis
309 4619 396 4690 parvi
412 4619 482 4673 sint.
497 4619 543 4674 Ex
554 4635 614 4691 quo
630 4619 695 4675 nati
710 4623 781 4676 sunt
794 4636 831 4676 ex
841 4620 916 4690 Deo,
972 4635 1011 4675 110
1035 4623 1213 4691 quaerantur
1233 4623 1287 4674 ant
1310 4619 1518 4689 inveniantur,
1547 4621 1598 4675 sed
1620 4621 1798 4676 timeantur.

94 4706 149 4762 11111
160 4710 233 4761 sunt
242 4706 308 4762 Dei.
323 4706 508 4779 Putasquod
517 4722 644 4778 magnos
658 4708 737 4765 111100
750 4724 822 4765 suos
834 4709 918 4765 Deus
972 4707 1136 4773 Quisenim
1145 4707 1647 4781 0001111000οε001001111111001111111
1655 4707 1802 4781 pergens?

95 4794 237 4863 salvabit,
252 4798 282 4850 ct
294 4811 405 4866 parvos
422 4795 656 4852 condemnabit?
669 4797 825 4870 Scriptura
841 4798 917 4855 mihi
972 4795 1038 4850 Hoc
1051 4798 1154 4850 autem
1167 4794 1266 4850 solum
1281 4795 1432 4851 incertum
1447 4811 1588 4851 essenon
1603 4796 1702 4867 debet,
1718 4797 1802 4869 quod

94 4881 168 4938 dicit
186 4899 191 4937 :
210 4882 441 4952 Imperfectum
458 4900 566 4940 meum
583 4887 838 4942 videruntoculi
855 4888 916 4954 tui,
972 4884 1086 4940 bonam
1100 4883 1196 4938 vitam
1210 4883 1293 4938 mala
1306 4898 1389 4939 mors
1406 4884 1492 4956 sequi
1515 4899 1577 4939 11011
1592 4888 1702 4955 potest.
1718 4884 1802 4940 Mala

94 4976 126 5026 et
157 4972 193 5024 in
228 4973 307 5026 libro
340 4977 396 5027 cuo
424 4987 534 5028 omnes
566 4975 751 5030 scribentur
779 4976 915 5044 (Psalm.
973 4973 1054 5028 enim
1070 4987 1152 5027 mors
1175 4987 1238 5027 non
1261 4977 1307 5028 est
1328 4972 1389 5028 nisi
1413 4972 1529 5029 casola
1550 4988 1643 5044 quarn
1658 4972 1741 5028 muln
1756 4989 1802 5029 se·

93 5058 283 5130 uxxv111).Si
298 5075 414 5129 omnes,
431 5075 501 5131 ergo
516 5063 546 5116 et
559 5063 647 5134 parvi
663 5066 693 5117 et
709 5063 823 5133 magni.
839 5061 918 5127 Quid
973 5066 1121 5135 qunntur.
1138 5059 1196 5126 Qui
1217 5076 1289 5131 ergo
1310 5062 1387 5117 bene
1409 5062 1487 5117 mori
1512 5060 1589 5130 vult,
1605 5062 1682 5117 bene
1703 5063 1801 5130 vivat,

94 5151 150 5218 cst,
163 5147 242 5204 oculi
255 5149 300 5204 tui
315 5147 473 5205 viderunt?
486 5151 750 5222 Approbaveruut.
767 5150 846 5217 Quid
860 5153 916 5219 est,
973 5150 1119 5221 quoniam
1134 5163 1170 5203 ea
1184 5164 1253 5221 qnae
1267 5153 1337 5221 post
1351 5153 1481 5205 mortem
1502 5149 1632 5204 veniunt
1645 5153 1754 5205 contra
1766 5166 1804 5206 ea

93 5236 127 5291 in
141 5236 220 5293 libro
232 5236 418 5293 scribentur?
429 5237 646 5294 Salvabuntur.
659 5239 739 5309 Ergo
748 5238 918 5311 imperfecti
973 5235 1179 5308 disponuntur
1187 5252 1196 5305 3
1217 5241 1248 5292 01
1262 5237 1429 5294 secundum
1449 5253 1485 5292 ea
1503 5237 1719 5293 retribuuntur
1731 5254 1802 5310 quae

94 5340 217 5398 quoquc
241 5326 453 5382 salvabuntur.
471 5326 529 5391 Qui
550 5328 631 5382 enim
655 5326 824 5398 imperfecti
846 5331 918 5381 sunt
973 5327 1184 5380 antemortem
1197 5326 1232 5380 in
1247 5327 1313 5381 vita
1335 5326 1520 5399 praecedunt.
1537 5325 1640 5398 Usque
1665 5326 1704 5380 ad
1719 5342 1801 5382 mor·

95 5414 211 5486 aliquid
227 5420 309 5483 sunt3
325 5418 355 5470 et
367 5415 463 5486 aliqui
476 5420 559 5483 sunt,
574 5418 605 5470 et
615 5416 648 5470 in
663 5428 789 5473 numero
803 5428 919 5485 ponun·
972 5416 1034 5468 tem
1057 5414 1200 5470 meritum
1224 5418 1285 5482 est3
1305 5419 1375 5489 post
1398 5418 1528 5472 mortem
1540 5430 1612 5471 vero
1627 5415 1799 5487 praemium.

95 5505 147 5556 tur
159 5507 188 5558 et
210 5503 395 5557 scribuntur.
412 5502 470 5568 Qui
484 5503 560 5558 mihi
575 5505 657 5570 sunt,
673 5500 750 5555 nulli
765 5504 848 5570 sunt,
864 5517 917 5557 nec
972 5500 1055 5559 Mors
1070 5502 1171 5557 media
1191 5506 1237 5558 est
1259 5504 1291 5558 in
1313 5519 1375 5575 qua
1395 5504 1460 5561 dies
1480 5504 1606 5560 Domini
1626 5503 1745 5575 incipit.
1764 5504 1802 5561 Iu

95 5589 187 5643 scribi
209 5595 262 5645 aut
284 5591 438 5646 numerari
464 5590 589 5658 habent,
613 5589 667 5661 qui
691 5589 768 5644 nihil
791 5590 914 5648 habent.
973 5591 1021 5648 die
1033 5607 1089 5648 suo
1101 5591 1192 5647 homo
1207 5592 1267 5648 sibi
1282 5592 1437 5665 relinquit,
1454 5598 1489 5648 ut
1511 5592 1593 5664 quod
1612 5591 1680 5648 vult
1696 5607 1800 5664 opere·

96 5674 777 5744 Ergoomar·oaoencidaoimretabundabit
789 5680 915 5752 (1111111.
972 5683 1032 5736 tur.
1057 5679 1093 5737 In
1117 5678 1166 5736 die
1187 5695 1258 5737 vero
1277 5681 1402 5739 Domini
1418 5682 1483 5754 jam
1507 5683 1540 5740 in
1565 5684 1717 5754 potestate
1742 5698 1802 5743 sua
