3742 6082
492 170 797 245 anmsnranotts
816 176 1043 248 nonnosus.
1084 235 1090 251 ,
1563 184 1624 270 ἢ

53 464 149 606 in
189 465 871 666 suspensione
897 472 1514 644 novrnoaon

662 725 882 849 LIBER

483 975 588 1033 CUJUS
618 976 696 1036 11AEss
731 977 820 1036 SUNT
854 979 1055 1040 CAPITULA:

72 1268 183 1338 (lctibus
198 1265 291 1322 modis
306 1265 482 1322 inueniatur
494 1269 573 1321 recle
586 1265 706 1322 uiuendi
719 1265 854 1323 scientia.
872 1298 907 1308 -—
923 1270 989 1327 Cir.
1007 1273 1039 1326 ll.
1057 1271 1136 1339 Quid
1153 1273 1185 1330 in
1209 1274 1291 1331 omni
1314 1281 1384 1334 actu
1405 1280 1566 1350 aqendum.
1589 1313 1624 1326 -

58 1341 176 1410 Ouidio
190 1340 316 1408 sinqulis
333 1339 404 1392 locis
419 1337 578 1406 aqendnm.
594 1369 627 1377 —-
649 1340 715 1394 Car.
734 1340 777 1393 tv.
801 1339 879 1406 Quid
902 1341 1030 1412 sinqulis
1057 1349 1114 1399 tem
1137 1344 1237 1402 oribus
1263 1349 1424 1431 aqendum.
1447 1381 1482 1392 —
1508 1353 1614 1410 esav

53 1428 79 1469 m
92 1413 228 1488 sirqalas
241 1425 384 1479 personas
397 1409 556 1490 oqendnm.
572 1440 608 1447 -
621 1411 687 1465 Cir.
701 1410 744 1464 Vt.
761 1409 871 1492 Quales
884 1427 914 1467 se
928 1412 1053 1469 deleant
1069 1360 1218 1489 eudone,
1234 1433 1286 1488 qtn
1298 1435 1354 1490 per
1373 1420 1542 1481 doctrinam
1551 1396 1625 1507 pro:

53 1486 130 1540 lunt.
146 1515 180 1522 —
201 1487 267 1538 tlsr.
285 1484 339 1536 Vll.
356 1482 400 1536 De
410 1481 553 1549 eaanplis
567 1486 739 1536 sacratorum
754 1482 918 1537 imitandis.
934 1514 969 1523 —
985 1486 1051 1541 Car.
1070 1487 1138 1543 Vlll.
1150 1489 1194 1544 De
1208 1490 1243 1544 iis
1256 1505 1323 1561 quse
1335 1492 1367 1548 in
1377 1494 1472 1549 sacris
1485 1495 1625 1566 Scriptu-

54 1555 247 1612 attendenda.
263 1585 296 1592 -
313 1555 379 1608 ilie.
398 1555 437 1606 tx.
457 1552 605 1618 Quomodo
618 1553 650 1607 in
665 1551 799 1608 omnibus
815 1554 952 1622 operibus
966 1557 1028 1611 suis
1042 1557 1147 1615 deleat
1162 1559 1248 1616 nomo
1264 1577 1323 1618 esse
1338 1563 1579 1635 circumspectus.
1590 1599 1626 1609 -

53 1627 120 1695 >uid
132 1629 168 1681 sil
189 1625 361 1693 disciplina,
379 1629 405 1679 et
416 1629 562 1694 quantum
578 1624 687 1680 ualeat.
705 1656 738 1664 —-
764 1624 832 1681 Cir.
849 1627 891 1681 ΧΙ.
908 1626 951 1682 De
965 1626 1128 1696 disciplina
1144 1632 1295 1689 servanda
1308 1634 1340 1689 in
1357 1634 1472 1692 nabitu.
1502 1668 1537 1678 —
1556 1640 1625 1697 cnr.

53 1699 203 1767 liscipiina
218 1696 364 1751 seroomlo
380 1697 410 1750 in
426 1701 519 1764 qesta.
534 1727 568 1733 -
583 1696 649 1750 Car.
667 1698 733 1750 ΧΙΙΙ.
752 1694 797 1751 De
811 1695 973 1766 disciplina
987 1701 1137 1757 seruanda
1151 1702 1183 1757 in
1200 1703 1358 1775 locutione,
1387 1711 1416 1763 et
1435 1708 1537 1777 primo
1553 1709 1627 1781 qnid

53 1787 104 1825 ini.
121 1800 156 1808 -
170 1774 235 1824 ilia.
252 1770 316 1823 xlv.
334 1767 391 1822 Cui
404 1767 584 1836 loquendum
599 1768 646 1822 sit.
663 1797 698 1805 —-
711 1769 777 1823 Cir.
794 1768 847 1822 XV.
866 1768 922 1823 Uiri
936 1769 1127 1840 loquendum.
1157 1804 1192 1813 -
1221 1776 1287 1831 Gne.
1303 1777 1368 1831 xvi.
1384 1777 1509 1844 Quando
1530 1783 1628 1838 tacen-

53 1842 160 1912 mondo
178 1839 367 1910 loquendum.
383 1869 418 1877 -
429 1842 495 1894 Cae.
512 1839 591 1892 xvii.
607 1837 756 1904 Quomodo
773 1839 953 1908 loquendum
966 1841 1014 1897 sit.
1029 1873 1064 1882 —
1077 1844 1144 1900 Cir.
1159 1846 1249 1901 xviii.
1265 1847 1308 1902 De
1323 1845 1486 1918 disciplina
1500 1849 1532 1907 iu
1547 1865 1628 1908 men·

53 1915 112 1968 imo
127 1914 157 1967 in
170 1912 274 1967 ttalniu
286 1917 313 1966 el
328 1917 421 1980 qesta.
439 1941 473 1949 -
488 1909 813 1979 C.sr.X1X.Delriplici
827 1909 1032 1970 obseruatione
1046 1913 1214 1984 disciplina
1228 1916 1260 1972 in
1275 1917 1339 1975 cibo
1353 1933 1366 1974 .·
1386 1924 1415 1976 et
1427 1922 1533 1989 primo
1574 1922 1628 1978 uid

54 1985 134 2040 duni.
151 2016 186 2026 —
201 1986 268 2040 Csr.
284 1985 335 2038 XX.
352 1981 490 2039 Securzdo
503 1986 649 2053 quantum
664 1980 885 2038 comedendum.
898 2013 933 2024 -
956 1985 1023 2041 Cer.
1039 1986 1104 2042 XXI.
1124 1986 1224 2043 Tertio
1239 1988 1386 2059 quomado
1400 1991 1504 2049 ennea
1585 2009 1625 2061 m.

232 2180 425 2236 PROLOGUS.
758 2180 783 2234 Α
796 2185 994 2249 spontaneum
1003 2195 1034 2238 se
1047 2181 1166 2254 obtulit,
1181 2181 1233 2239 sed
1245 2186 1279 2240 ut
1288 2183 1503 2259 illamquoque
1514 2186 1628 2258 accipe·

53 2270 121 2328 sad
143 2270 387 2326 oootitndminon
409 2268 653 2342 perducentibus,
678 2285 744 2340 qun
798 2275 1027 2342 remoraretur,
1056 2271 1249 2341 supplicavit.
1275 2272 1429 2331 Postrano
1454 2275 1527 2346 quia
1552 2276 1628 2333 vidit

53 2365 122 2416 sunt
136 2359 271 2420 scienta,
288 2358 459 2428 disciplina,
477 2357 603 2414 bonitas.
797 2360 943 2416 neminem
971 2374 1091 2417 seruare
1112 2375 1199 2429 posse
1225 2360 1419 2432 asnpunam
1432 2363 1502 2422 loni
1518 2366 1627 2436 operis,

53 2449 173 2518 iratres,
190 2449 337 2518 larqiente
363 2448 488 2503 Darnino
514 2447 550 2503 de
573 2463 652 2504 varta
676 2463 743 2502 con·
797 2450 850 2522 qui
863 2465 923 2505 non
937 2449 1044 2507 habeat
1059 2450 1214 2508 scientiam
1235 2465 1303 2509 vere
1325 2452 1523 2526 discretionis,
1549 2453 1629 2513 hauc

53 2554 81 2595 ne
103 2539 194 2607 liiq'iis
216 2537 319 2592 soeculi
339 2552 396 2606 per
414 2537 591 2592 desiderium
606 2540 743 2593 sericium
797 2556 912 2612 quoque
926 2540 983 2597 sili
995 2541 1067 2598 dari
1079 2542 1168 2613 quasi
1180 2538 1329 2614 quoddam
1349 2542 1585 2612 fundamentum
1600 2549 1629 2604 ei

66 2631 145 2696 estis,
157 2634 184 2685 et
198 2629 238 2683 ad
254 2630 350 2696 ipsam
364 2628 415 2698 qni
428 2628 499 2696 fecit
515 2642 565 2683 aos
581 2631 642 2683 toto
664 2641 743 2683 rnen·
793 2632 980 2700 principium
994 2637 1104 2688 sancta
1114 2633 1347 2689 conuersationis
1353 2635 1531 2703 postulauit.
1544 2655 1560 2686 a
1570 2635 1628 2692 Ba·

53 2721 129 2775 tione
143 2734 178 2773 ac
194 2724 260 2774 uoto
276 2717 374 2772 redire
386 2717 553 2786 disponitis,
566 2721 680 2786 oportet
693 2731 742 2772 uos
797 2721 932 2787 uitatem,
948 2720 1056 2792 inquit,
1069 2725 1096 2777 el
1115 2721 1318 2790 disciplinam,
1342 2726 1371 2778 et
1387 2722 1542 2779 scientiam
1556 2722 1629 2781 doce

53 2825 107 2866 sam
123 2811 202 2865 uiam
217 2809 330 2863 discere
343 2822 398 2877 per
411 2822 501 2878 qnam
517 2808 637 2876 possitis
653 2807 693 2862 ad
707 2807 744 2861 il·
797 2826 883 2866 me.·»
896 2810 937 2865 Et
949 2815 983 2865 ut
996 2825 1028 2866 se
1040 2810 1180 2867 idoneum
1194 2808 1236 2866 ad
1250 2809 1314 2867 ttae
1332 2809 1475 2869 discenda
1496 2810 1629 2869 ostende·

53 2915 77 2954 m
93 2900 228 2970 quaeritis
240 2897 405 2967 peruenire.
426 2896 489 2965 lpse
512 2901 553 2951 est
573 2897 651 2951 enim
673 2910 744 2951 oera
798 2905 853 2971 ret,
870 2901 1027 2957 nooi'ssime
1041 2904 1158 2956 secutus
1173 2899 1317 2969 adjnnait
1334 2914 1369 2953 :s
1385 2899 1462 2968 Ouia
1476 2900 1628 2957 mandatis

53 2993 136 3044 lerna
152 2990 222 3054 trita,
239 2992 326 3042 cairo
341 3002 426 3055 quem
439 2986 514 3041 sieut
538 3000 622 3040 itacio
647 2984 744 3041 uivere
799 2990 857 3044 tuis
872 2989 987 3045 credidi
1001 2988 1108 3060 (ilia),
1124 3010 1138 3038 n
1152 3003 1188 3045 ac
1201 2988 1230 3043 si
1239 2986 1350 3045 dicaret
1361 3003 1374 3045 .·
1387 2988 1458 3044 Dso.
1484 2988 1554 3045 ideo
1578 2988 1629 3046 da·

53 3077 92 3133 ita
121 3079 290 3148 quicunque
312 3076 343 3129 in
366 3077 428 3143 ipso
450 3079 477 3130 ci
501 3089 566 3129 citra
585 3075 646 3143 ipso
660 3073 742 3140 vivit,
798 3093 864 3135 eere
887 3094 933 3134 me
955 3077 1039 3135 debes
1065 3078 1197 3149 qualiter
1226 3075 1282 3133 tibi
1305 3077 1417 3135 seruire
1441 3076 1540 3148 debeo,
1556 3077 1629 3150 quia

53 3171 86 3222 si.
98 3165 131 3221 Si
146 3166 240 3235 iqilnr
250 3166 345 3220 Deam
360 3164 493 3235 qnaeritis
505 3165 572 3233 limo
585 3162 656 3233 quia
669 3177 746 3233 qua·
796 3168 954 3238 preceptis
970 3168 1028 3222 iuis
1036 3169 1105 3237 jam
1115 3182 1173 3237 per
1186 3166 1406 3224 contumaciam
1419 3180 1480 3223 non
1498 3166 1604 3225 resisto
1616 3176 1630 3239 ς

53 3271 108 3313 *um
121 3257 258 3324 profecto
285 3271 320 3310 ac
333 3258 508 3323 perpetuam
532 3252 745 3308 beatitudinem
800 3257 887 3314 credo
899 3257 1006 3313 ionum
1021 3257 1173 3328 essequod
1183 3255 1335 3328 praemis,
1349 3255 1437 3312 credo
1452 3269 1556 3313 aarum
1568 3268 1629 3312 esse

53 3346 226 3403 lesidcratis.
247 3345 296 3399 Ad
311 3344 522 3400 lentitudinem
548 3349 646 3399 autem
661 3357 746 3398 uerno
800 3349 880 3420 qnod
889 3348 1043 3419 promittis
1053 3362 1064 3417 ,·
1076 3347 1214 3419 acquievi
1221 3348 1288 3417 jam
1296 3351 1425 3417 propter
1450 3350 1478 3402 te
1496 3359 1563 3402 mea
1586 3359 1631 3403 re·

54 3441 126 3492 otest
142 3436 200 3490 nisi
211 3450 267 3503 per
283 3435 432 3500 oirlutcrn,
458 3439 484 3489 et
500 3433 596 3487 virtus
611 3448 671 3488 non
686 3432 746 3487 ulio
802 3438 937 3509 linquere
950 3441 978 3493 et
992 3436 1105 3492 idcirco
1117 3450 1215 3507 quasa
1229 3448 1285 3505 per
1299 3438 1327 3490 te
1337 3448 1456 3493 merear
1479 3439 1532 3492 tuo
1552 3433 1631 3492 baua

54 3528 165 3583 raciter
179 3524 427 3594 apprehenditur,
441 3525 501 3579 nisi
514 3524 676 3594 disciplina
690 3523 748 3579 uir·
762 3537 782 3591 Β
801 3526 940 3594 obtinere,
957 3547 971 3577 a
983 3527 1055 3599 quia
1067 3524 1217 3582 mandatis
1229 3525 1287 3580 tuis
1300 3523 1423 3582 madidi.
1439 3545 1453 3574 »
1472 3523 1525 3580 Sic
1536 3527 1565 3580 et
1579 3536 1630 3580 aas

53 3617 267 3686 nneqliqenter
283 3614 479 3670 custodiatur.
505 3616 579 3670 Usus
604 3615 682 3670 enim
703 3611 746 3668 di·
798 3617 912 3686 fratres
925 3616 1027 3687 qratia
1038 3614 1094 3670 Dei
1111 3615 1179 3683 jam
1193 3611 1362 3669 credidistis
1382 3611 1534 3668 mandatis
1553 3611 1629 3680 ejus,

63 3707 103 3763 ad
119 3708 258 3762 virtutem
271 3706 404 3759 animum
430 3705 545 3773 diripit,
570 3704 665 3759 virtus
692 3718 747 3759 ait·
800 3706 963 3777 reliquistis
978 3708 1076 3761 oestro
1086 3706 1212 3773 propter
1225 3702 1333 3772 ipsum,
1345 3700 1472 3771 quarite
1482 3713 1564 3756 nunc
1574 3711 1631 3755 sua

53 3796 259 3853 beatitudinem
270 3795 420 3864 perducit.
436 3794 481 3849 Ac
492 3809 549 3862 per
565 3792 619 3848 liae
634 3792 747 3848 enerci-
802 3794 839 3852 aa
854 3796 917 3863 ipso
937 3798 971 3849 ut
989 3791 1165 3850 mereamini
1185 3804 1243 3861 per
1267 3803 1323 3846 sua
1351 3787 1452 3846 uenire
1466 3787 1508 3845 ad
1520 3787 1629 3858 ipsum

53 3887 181 3955 sciplince
201 3901 260 3942 esse
273 3885 355 3941 debet
368 3890 465 3939 uestra
479 3883 641 3952 inchoatio,
653 3882 748 3938 virtus
804 3883 978 3942 credidistis
992 3880 1145 3939 mandatis
1171 3881 1236 3950 ejus
1251 3879 1380 3961 dicentes
1393 3892 1404 3934 :
1419 3899 1434 3928 a
1453 3877 1490 3935 Si
1503 3875 1549 3935 nis
1566 3888 1633 3947 perr·

53 3991 77 4048 o,
99 3977 258 4045 praemium
286 3975 404 4030 uirtutis
434 3978 548 4029 aterna
587 3971 747 4028 beatitudo.
801 3975 899 4046 sectus
913 3987 983 4043 esse,
1000 3972 1115 4029 undeet
1127 3969 1333 4028 vendeomnia
1347 3981 1414 4041 qun
1426 3964 1526 4041 dairas,
1541 3970 1632 4024 etue·

55 4109 62 4135 ,
74 4066 198 4138 fratres,
215 4069 272 4132 oio,
289 4072 314 4121 et
329 4066 385 4120 isto
400 4069 442 4119 est
463 4063 567 4133 patria
582 4078 639 4132 per
660 4077 749 4134 quam
802 4065 846 4134 ni,
873 4077 992 4136 sequere
1016 4076 1072 4132 me,
1101 4064 1129 4117 et
1150 4059 1270 4117 nabebis
1295 4058 1469 4116 thesaurum
1500 4056 1534 4114 ia
1559 4055 1634 4115 ooela

53 4172 73 4213 is
85 4162 112 4213 et
128 4158 168 4212 ad
180 4153 750 4227 qnamperoeniredesideramusHanc
804 4151 925 4226 (Matris.
941 4151 1012 4224 xix).
1031 4171 1045 4201 n
1073 4150 1195 4206 Fecistis
1218 4148 1299 4220 quod
1321 4146 1478 4219 pracepit,
1497 4144 1633 4217 speratis

59 4247 138 4303 lanc
149 4247 283 4315 patriam
300 4244 462 4299 Psalnn'slo
476 4243 594 4300 uiderat
618 4259 684 4299 curn
708 4241 752 4297 di·
805 4243 885 4316 quod
891 4240 1040 4313 promisit,
1051 4239 1145 4309 petita
1157 4251 1238 4293 nune
1252 4236 1291 4294 alr
1305 4237 1370 4307 ipso
1387 4233 1468 4307 quod
1482 4234 1524 4292 ad
1537 4231 1635 4291 idai·

53 4336 161 4391 ‹Beati
175 4334 363 4390 innnocnlati
374 4334 404 4388 in
416 4336 476 4402 oia,
489 4332 707 4403 quiamoulont
720 4331 752 4386 in
807 4333 960 4390 timendum
974 4328 1102 4399 expedit.
1116 4326 1302 4396 Nullusjam
1316 4323 1450 4382 casualis
1468 4322 1594 4393 affsdut
1615 4333 1636 4379 u

53 4424 353 4494 minill'sol.cxv1n).
372 4448 385 4471 ι»
398 4423 488 4477 Hanc
515 4424 594 4479 uiam
620 4427 648 4478 et
674 4421 753 4477 lianc
803 4420 1000 4496 percipienda
1009 4418 1111 4490 qratia
1122 4417 1185 4486 ejus
1196 4430 1246 4472 vos
1258 4413 1392 4486 impedit,
1405 4411 1569 4485 reliquistis
1575 4425 1636 4483 pu·

53 4535 57 4570 r
85 4516 201 4572 uiderat
231 4529 297 4568 curri
322 4512 437 4568 diceout
454 4530 460 4568 :
479 4535 493 4560 «
506 4514 673 4582 Disciplina
701 4517 754 4568 tna
809 4520 883 4571 trem
897 4518 926 4569 et
939 4514 1075 4579 mutreio,
1087 4508 1201 4577 fratres
1214 4509 1241 4562 et
1256 4518 1382 4572 sorores,
1400 4507 1541 4574 coenatos
1554 4498 1638 4571 elai·

53 4611 58 4659 t
72 4607 156 4662 mein
167 4605 256 4673 tinem
268 4603 361 4672 (Psal.
373 4601 452 4674 xva).
463 4623 476 4652 n
489 4603 658 4680 Disciplina
668 4618 754 4658 nam-
806 4605 891 4674 fines,
907 4596 1143 4671 etpreoinnistis
1158 4610 1208 4652 tros
1224 4593 1266 4651 ad
1277 4592 1458 4651 currendam
1466 4590 1547 4649 vium
1561 4590 1637 4662 ejus.

64 4697 189 4764 intinem
212 4695 347 4764 corripit,
373 4692 444 4763 quio
463 4692 553 4760 pierre
572 4697 600 4747 el
624 4696 756 4762 perfecte
808 4693 973 4761 Nililjam
987 4687 1085 4746 amori
1110 4686 1194 4742 illius
1213 4682 1405 4754 proponitis,
1430 4681 1518 4737 illum
1541 4681 1638 4738 solum

53 4800 75 4839 m
101 4787 281 4853 reformans,
305 4796 361 4850 per
387 4780 527 4836 uirtutem
541 4779 582 4835 ad
601 4779 757 4836 beatitudi-
810 4780 943 4854 quaeritis
954 4791 1079 4848 proquo
1100 4769 1297 4842 lucrificando
1312 4769 1413 4825 mnnia
1428 4768 1520 4838 iniqius
1533 4765 1641 4825 mundi

54 4875 164 4930 rducit.
190 4875 279 4929 Hanc
294 4873 373 4927 uiam
397 4874 424 4924 et
442 4869 520 4925 lianc
537 4871 670 4940 patriam
686 4875 792 4949 tuaac
813 4866 1017 4925 blandimenta
1033 4862 1120 4936 quasi
1142 4857 1327 4933 absinthium
1350 4869 1468 4927 amara,
1483 4860 1512 4913 et
1525 4862 1641 4915 ommim
1693 4888 1695 4892 ⁴

53 4963 149 5019 iderot
163 4980 229 5018 curn
245 4961 360 5016 dicelot
374 4974 384 5013 .·
401 4980 414 5007 «
426 4959 596 5015 Bonitatern
619 4963 647 5016 et
673 4958 758 5015 disci·
811 4958 941 5030 pluriam
967 4960 1057 5027 atque
1075 4952 1209 5008 decorem
1233 4945 1322 5019 quasi
1333 4951 1468 5004 stercora
1481 4943 1640 5018 reputatis.

55 5057 83 5108 et
95 5053 248 5108 scientiam
265 5051 336 5105 doce
348 5061 393 5103 me
409 5046 503 5117 (Psoi.
527 5049 631 5120 oxma).
646 5069 659 5098 »
684 5048 758 5104 Con·
814 5048 930 5102 intrate
942 5043 1021 5101 mam
1036 5043 1112 5113 ejus,
1126 5044 1154 5096 et
1166 5036 1280 5094 currite
1301 5035 1343 5094 ad
1362 5034 1471 5108 ipsum,
1496 5040 1582 5092 tanto
1604 5031 1644 5090 ci-

53 5145 72 5198 it
87 5159 215 5213 narrrqae
229 5140 308 5211 quod
325 5154 380 5207 per
406 5137 566 5194 loriitatem
581 5139 700 5194 venitur
718 5138 759 5194 od
813 5140 872 5192 tius
887 5135 1018 5206 requiem
1033 5129 1188 5200 habebitis,
1202 5131 1316 5199 quanto
1330 5126 1419 5184 citius
1433 5125 1475 5183 ad
1498 5139 1565 5181 eum
1576 5134 1645 5192 par-

53 5235 144 5290 linem
160 5240 248 5304 alque
265 5230 328 5285 ideo
343 5229 502 5283 lortitatem
518 5229 619 5283 doceri
630 5244 660 5284 se
671 5229 759 5300 petit,
815 5226 946 5284 ualidis.
975 5224 1028 5278 Via
1055 5220 1096 5278 ad
1118 5219 1218 5289 ipsum
1232 5221 1302 5273 sunt
1323 5215 1459 5283 scientia,
1471 5208 1645 5280 disciplina,

53 5325 159 5380 ritanc
172 5325 212 5379 od
227 5323 313 5376 illurn
325 5319 497 5387 pertinqere
510 5320 689 5389 concupiuit.
705 5319 782 5400 Sed·
817 5309 1184 5384 oonitompersdensiun
1213 5306 1277 5384 itur
1301 5305 1342 5364 ad
1365 5300 1568 5371 disciplinam,
1589 5309 1647 5369 per

55 5430 136 5469 rsum
153 5413 225 5468 uida
241 5409 320 5480 qnod
341 5407 381 5462 ad
396 5406 557 5464 bonitatem
572 5408 764 5465 obtinendam
818 5407 1008 5479 disciplinam
1020 5403 1083 5457 itur
1097 5399 1138 5457 ad
1154 5397 1325 5467 lonilatan,
1334 5408 1392 5464 per
1408 5390 1569 5447 laudatam
1583 5386 1649 5442 itur

53 5505 95 5558 'ria
118 5501 285 5558 riecessoriu
312 5502 407 5564 esset;
434 5498 576 5566 arljnnm't
606 5505 632 5554 et
663 5499 763 5556 dicit:
820 5499 860 5556 od
873 5493 1033 5553 beatitudis.
1051 5509 1093 5546 ιι.
1108 5489 1173 5544 Hoc
1197 5489 1239 5541 est
1255 5486 1382 5554 propter
1404 5477 1485 5551 quod
1496 5475 1649 5534 sabaeum

53 5592 162 5646 alinum
173 5592 243 5645 ‹loce
258 5603 311 5644 irie.
331 5610 344 5634 υ
361 5586 493 5641 Paratus
507 5588 585 5642 enim
601 5592 666 5643 erat
682 5585 767 5641 disci·
823 5587 905 5658 loqui
918 5584 1069 5654 capimus,
1085 5584 1117 5634 ut
1134 5577 1281 5648 quantum
1299 5570 1444 5626 Dominus
1472 5565 1600 5640 dederit,
1608 5562 1651 5624 -de

68 5695 199 5754 seruare,
213 5686 240 5738 et
259 5695 319 5737 non
335 5677 431 5734 solnm
441 5676 482 5734 ud
491 5677 579 5737 illam
588 5677 768 5737 seruandam
824 5672 881 5730 loc
893 5673 943 5731 uia
958 5685 1019 5745 qua
1028 5669 1069 5729 od
1081 5669 1180 5739 ipsum
1194 5663 1259 5720 itur
1273 5675 1323 5719 uos
1338 5660 1533 5718 instruamus.
