3742 6082
414 170 594 233 uxrosmo
613 172 648 230 ut
666 172 745 232 auu.
767 173 796 234 S.
816 174 1014 241 AUGUSTlNl.
1516 193 1573 253 Μ

57 294 241 368 isciplinatos
254 283 283 353 et'
296 295 444 372 inquietos
458 296 724 363 debentduriuss
779 301 932 374 Corripiat
961 304 1116 379 1001010100,
1149 309 1320 368 consoletur
1348 315 1569 391 puillaurensi,

57 385 204 456 edimus,
221 387 307 444 mites
331 391 361 445 et
372 387 518 463 patientes
533 393 567 445 01
584 387 615 445 10
627 403 688 445 00·
710 404 712 406 ’
741 392 884 463 suscipiat
895 394 1040 468 intimes,
1051 397 1171 468 peticus
1184 399 1224 455 sit
1237 401 1279 458 ud
1290 417 1400 462 omues.

57 479 86 535 ut
99 475 266 542 obsecrare.
284 477 480 550 Negligentes,
496 482 688 536 contemnen·
778 481 834 547 Qui
843 480 944 540 locum
958 487 1039 543 tenet
1052 485 1215 559 regiminis,
1229 489 1311 549 mala
1323 491 1431 552 inferre
1444 510 1507 554 uon
1520 497 1572 555 de·

57 565 115 623 *bos
130 572 182 623 aut
194 567 347 641 increpent
369 573 421 626 aut
435 568 570 642 puniant.
587 571 687 642 Neque
740 567 792 627 bet
803 571 857 628 sed
870 574 1005 644 tolerare,
1019 579 1052 632 ut
1069 591 1106 632 ex
1132 592 1188 634 sua
1200 582 1432 641 mausuetudine
1453 584 1572 646 iracun-

68 661 192 730 pcceata
219 657 468 731 delinquentium,
494 658 546 714 sed
571 673 643 715 mox
655 660 688 714 ut
741 658 798 718 dos
810 661 909 719 valeat
922 663 1068 736 mitigare.
1085 665 1160 730 Quia
1169 668 1305 726 medicus
1317 669 1488 733 animarum
1502 693 1573 734 eon·

57 745 98 815 iri,
121 745 265 802 radicitus
283 750 315 802 ut
335 746 507 819 prevalent,
519 750 685 820 amputent,
742 752 788 807 tra
814 752 969 824 passiones
987 754 1128 812 vitiorum
1152 755 1242 815 debet
1261 774 1416 834 opponere
1441 766 1573 826 medica·

57 833 139 891 riculi
157 835 216 891 llcli
232 835 394 892 sacerdotis
408 835 446 892 de
460 834 527 892 filiis
543 836 614 894 suis.
630 837 687 895 llo
741 841 1005 914 mentavirtutum‚
1017 842 1177 902 itascilicet
1189 847 1573 921 utpriusmoresomnium

57 941 105 998 [ue
133 924 376 997 intelligibiliores
390 925 489 1000 prima
511 931 541 984 et
552 928 687 985 secunda
741 927 897 1001 diligenter
910 929 1051 1005 inquirat,
1067 936 1101 989 01
1125 933 1200 1007 quid
1214 936 1322 1011 cuique
1336 938 1445 1000 inferre
1463 942 1573 1004 debeat

57 1013 238 1088 ecorripiant
252 1033 259 1085 ;
273 1015 570 1089 improbosetduros
585 1017 685 1087 corde,
740 1022 894 1088 agnoscat.
1502 1080 1506 1088 .

74 1104 280 1163 inobedientes
301 1106 423 1163 verbere
449 1112 478 1165 et
492 1106 687 1179 castigatione
775 1108 974 1180 Disciplinam
997 1111 1090 1168 litem
1105 1109 1223 1183 babeat,
1235 1117 1411 1175 metuendus
1423 1120 1569 1193 imponet.

57 1194 214 1252 educentes
230 1195 303 1252 illud
315 1196 346 1252 in
360 1196 558 1254 memoriam:
575 1196 687 1254 Stultus
739 1197 780 1253 Et
795 1201 929 1270 00000010
939 1202 1572 1282 0100οᾳ00011000000010010000001000

57 1283 219 1356 corrigitur,
234 1290 355 1358 percute
384 1284 479 1343 filium
494 1289 580 1343 tuum
591 1285 686 1357 virga,
741 1287 821 1345 00110
832 1291 931 1347 omaru'
943 1296 1066 1363 oppetat
1081 1307 1172 1366 quum
1186 1295 1294 1369 teneri,
1309 1312 1424 1370 semper
1438 1301 1573 1374 cogitans

57 1374 177 1432 unimam
188 1373 213 1445 ej
219 1390 254 1428 us
266 1390 284 1430 a
298 1378 393 1431 morte
410 1375 510 1447 (Proo.
525 1378 617 1445 xxm).
739 1377 800 1435 Deo
811 1393 842 1435 se
854 1394 909 1450 pro
924 1379 1005 1437 00ὸί0
1020 1381 1209 1442 redditurum
1219 1399 1280 1444 esse
1293 1389 1450 1449 rationem.

59 1465 112 1538 qui
127 1464 208 1520 uobis
222 1469 331 1534 praeest
346 1480 405 1521 nou
418 1480 450 1522 se
467 1464 615 1522 existimet
632 1480 686 1535 po-
777 1467 897 1540 Oportct
911 1471 944 1524 ut
955 1468 1060 1527 doctor
1073 1472 1292 1532 ecclesiasticus
1307 1475 1427 1550 sapiens
1440 1477 1478 1537 011
1490 1482 1519 1537 01
1529 1479 1573 1538 111·

57 1558 152 1620 eunte,
166 1554 217 1609 sed
227 1553 376 1610 ctoritate
400 1554 546 1611 semieute
555 1553 684 1624 felicem
741 1555 927 1631 scipliuatus,
941 1558 1014 1633 quia
1027 1563 1098 1618 tunc
1109 1560 1175 1618 aliis
1187 1567 1265 1621 recte
1272 1563 1464 1640 disciplinam
1472 1567 1571 1643 impe·

57 1647 85 1699 ta
99 1645 234 1715 praesuut
258 1647 291 1698 ut
302 1642 453 1713 gaudeant
480 1641 517 1699 de
542 1645 686 1716 potestate
706 1666 726 1720 g
741 1644 793 1717 nit,
807 1662 876 1704 cum
890 1647 955 1722 ipse
962 1646 1152 1724 disciplinate
1163 1652 1318 1722 viviacum
1328 1670 1366 1712 ex
1375 1655 1475 1730 seipso
1483 1657 1573 1715 trahit

57 1736 152 1789 rsunt
169 1730 232 1787 veri
247 1735 393 1806 pastores,
410 1730 463 1788 sed
489 1730 685 1802 mercenarii3
740 1735 947 1807 magisterium
961 1737 1045 1812 quod
1058 1740 1291 1799 exercetinalio.
1307 1741 1485 1804 Verbasuut
1495 1750 1573 1821 Apo·

57 1837 136 1879 cesse
164 1826 311 1895 appetunt
335 1837 430 1894 quam
443 1819 598 1895 prodesse,
624 1836 686 1878 non
740 1822 808 1880 stoli
826 1823 951 1882 dicentis
970 1825 1010 1884 ad
1026 1826 1188 1886 llebraeos:
1210 1829 1247 1886 Iu
1262 1831 1424 1904 decipiare
1433 1850 1572 1906 perseue-

57 1925 176 1966 marum
207 1909 347 1980 fructum,
376 1909 429 1967 sed
453 1908 617 1984 temporale
643 1908 687 1967 lu·
740 1916 815 1982 rote,
832 1917 976 1986 tauquam
998 1915 1070 1985 filiis
1098 1917 1186 1988 offert
1203 1933 1234 1975 se
1248 1919 1328 1976 uobis
1350 1922 1440 1982 Deus.
1454 1923 1574 1996 atque

63 1998 214 2055 coelestem
241 1998 377 2070 gloriam,
395 1998 449 2056 sed
470 2002 620 2055 terrenum
634 1997 686 2055 1ιο
738 1996 821 2065 fitius
836 2012 921 2070 quem
951 2013 1012 2055 nou
1028 2001 1154 2071 corrupit
1163 2005 1280 2072 poter?
1302 2002 1406 2076 (11010.
1419 2007 1483 2078 ιιι),
1498 2009 1574 2066 sunt

66 2087 176 2145 tabbus
203 2087 244 2145 ait
271 2087 414 2144 Dominus
436 2087 467 2144 in
498 2085 684 2158 Evangelio:
740 2087 841 2142 autem
856 2085 921 2144 hee
944 2085 1006 2144 duo
1020 2089 1191 2148 necessaria
1205 2093 1238 2148 ut
1248 2094 1345 2150 rector
1357 2091 1420 2149 suis
1433 2093 1574 2153 exhibeat

64 2179 155 2250 vobis,
194 2183 372 2249 receperunt
403 2179 567 2236 mercedem
599 2192 685 2235 suam
740 2172 876 2245 subditis,
892 2175 1031 2234 timorem
1044 2177 1196 2237 scilicetet
1209 2194 1356 2238 amorem.
1375 2179 1573 2241 Timoremiis

57 2266 107 2335 Qui
123 2283 194 2325 vero
213 2268 253 2324 ita
268 2272 401 2342 praesunt
414 2271 447 2325 ut
472 2267 625 2340 gaudeant
647 2267 685 2324 de
739 2263 793 2338 qui
814 2264 936 2339 superbi
969 2283 1006 2324 ac
1032 2266 1160 2325 rebelles
1188 2272 1218 2326 et
1248 2268 1332 2328 dures
1356 2271 1465 2330 menda
1490 2277 1571 2333 suut.

57 2354 182 2426 00110110,
208 2354 265 2429 ipsi
293 2360 393 2412 tenent
416 2354 589 2429 exemplum
620 2353 684 2412 veri
738 2359 880 2412 Amorem
891 2370 963 2412 vero
977 2355 1019 2414 eis
1033 2356 1086 2431 qui
1099 2355 1235 2428 ibenter,
1249 2357 1402 2419 humiliter
1425 2365 1455 2421 01
1467 2362 1573 2422 devota

57 2491 60 2501 ,
74 2460 136 2501 000
151 2444 232 2500 venit
260 2443 423 2500 ministrari
438 2443 490 2501 sed
515 2443 684 2502 ministrare
740 2443 874 2502 serviunt
887 2445 1016 2504 Domino
1030 2448 1100 2504 Deo.

57 2550 133 2593 ruam
146 2534 218 2592 dare
247 2534 484 2608 redemptionem
499 2549 555 2607 pro
570 2532 682 2592 multis.
774 2534 815 2590 ae
830 2536 965 2608 quamuis
987 2541 1150 2612 utrumque
1170 2539 1209 2595 sit
1235 2540 1445 2612 accessorium,
1473 2546 1573 2601 tumen

57 2623 107 2683 lati
122 2629 193 2682 sunt
216 2629 244 2682 et
271 2623 439 2681 seeundum
464 2625 559 2680 Deum
578 2638 684 2681 curam
734 2621 835 2693 ptuse
850 2622 930 2680 001010
944 2624 1046 2682 umeri
1061 2629 1185 2697 appetas
1198 2641 1289 2699 quem
1304 2627 1412 2687 timeri.

57 2718 124 2784 unt,
139 2714 192 2789 qui
213 2712 254 2771 ad
268 2714 325 2771 hoe
345 2718 462 2771 tantum
476 2711 625 2783 laborant,
651 2715 684 2770 ut
775 2710 851 2778 Quia
861 2710 1015 2785 praelatus,
1028 2717 1144 2788 quanto
1158 2713 1227 2789 plus
1241 2713 1384 2788 diligitur,
1399 2720 1484 2776 tanto
1496 2717 1566 2792 plns

57 2819 114 2860 ium
125 2819 227 2860 secum
242 2803 370 2871 trahant,
382 2801 593 2876 quosdelectat
606 2816 684 2858 onus
738 2798 868 2858 auditur.
880 2802 914 2857 Et
928 2800 1025 2872 magis
1038 2799 1138 2876 placet
1150 2804 1211 2859 Deo
1222 2801 1273 2860 illa
1297 2804 1435 2878 servitus,
1450 2821 1520 2880 quse
1534 2819 1572 2865 ex

57 2892 174 2950 :haritas
188 2908 249 2949 non
259 2895 401 2966 potestas,
411 2891 537 2948 servitus
547 2890 685 2965 impensa
738 2888 891 2947 voluntate
902 2892 931 2946 et
944 2905 1047 2948 amore
1061 2889 1105 2961 fit,
1118 2906 1214 2966 quam
1231 2891 1366 2967 illaque
1380 2893 1415 2952 tlt
1430 2909 1468 2954 ex
1481 2894 1571 2953 timo·

57 2987 159 3057 scepta
175 2982 214 3039 ab
231 2981 309 3040 aliis.
323 2985 410 3039 Juxta
424 2981 507 3055 quod
523 2978 683 3055 Apostolus
739 2994 781 3036 re.
798 2981 957 3053 Propterea
970 2977 1067 3039 (101010
1085 2980 1228 3052 magister
1253 2980 1409 3057 discipulis
1423 2983 1485 3042 0010
1506 2984 1570 3045 ait:

57 3085 111 3131 seru
127 3073 203 3130 liber·
217 3072 249 3129 iu
263 3072 409 3142 omnibus,
421 3071 552 3128 manium
567 3024 720 3128 meser-c
738 3069 808 3127 Jum
823 3084 883 3126 uou
895 3069 995 3127 dicum
1007 3084 1057 3127 vos
1078 3084 1188 3144 servos,
1203 3071 1256 3128 sed
1269 3071 1380 3130 amicos
1393 3074 1493 3143 (1000.
1508 3072 1572 3149 xv).

63 3178 163 3220 omues
189 3163 399 3234 lucrifacerem
428 3157 685 3232 (100001).Οώ
739 3160 804 3216 Non
825 3157 905 3215 enim
928 3157 993 3216 vult
1007 3157 1152 3225 Dominus
1174 3162 1293 3218 uteum
1311 3163 1459 3237 tauquam
1474 3161 1574 3221 110011-

57 3268 93 3310 er
107 3251 314 3309 auctoritatem
322 3248 475 3323 regiminis
489 3247 685 3308 honorandus
739 3264 814 3306 num
827 3249 997 3318 timeamus,
1026 3248 1080 3306 sed
1107 3248 1170 3309 vult
1194 3254 1311 3310 uteum
1325 3250 1488 3325 diligamus
1508 3257 1574 3312 tau·

57 3358 75 3399 s.
92 3341 175 3398 Unde
191 3341 387 3398 etsubditur:
739 3354 833 3412 quam
847 3341 962 3412 patrem
986 3336 1050 3410 lilii,
1065 3341 1095 3396 01
1105 3342 1139 3396 01
1156 3343 1307 3414 praecepta
1326 3339 1391 3413 elus
1412 3340 1572 3413 iaciamus,

57 3446 122 3489 rum
136 3432 217 3487 uobis
229 3432 376 3502 prelatus
383 3431 422 3486 sit
438 3429 529 3487 00010.
739 3441 803 3485 000
814 3425 920 3486 timore
935 3441 1033 3503 peenas
1046 3427 1099 3486 sed
1113 3443 1217 3486 amore
1228 3428 1360 3502 justitiae.
1377 3430 1438 3488 linc
1454 3445 1574 3506 semper

57 3524 92 3591 et,
108 3520 252 3577 honorari
263 3520 362 3589 debet,
376 3519 449 3593 quia
463 3517 569 3577 Christi
579 3532 686 3574 rocem
740 3523 843 3576 autem
853 3518 984 3591 cogitare
993 3517 1083 3576 debet
1095 3534 1147 3593 qus
1156 3518 1252 3592 judex
1260 3522 1305 3577 est
1316 3519 1574 3596 animarum,quia

57 3612 80 3668 lo
95 3614 184 3668 tenet.
201 3610 283 3667 Unde
305 3610 410 3685 etipse
425 3608 570 3667 Dominus
584 3612 685 3682 pasto·
742 3624 834 3683 super
844 3625 876 3664 se
882 3607 1015 3680 judicem
1026 3606 1118 3665 habet
1132 3609 1238 3681 Deum,
1253 3611 1286 3664 ut
1299 3608 1453 3680 regiminis
1466 3624 1572 3668 curam

57 3702 88 3760 ue'
103 3719 152 3760 uos
165 3703 250 3760 audit
260 3718 307 3758 me
319 3703 416 3768 000101,
432 3701 522 3773 etqui
543 3715 592 3758 vos
603 3714 687 3770 sper·
740 3701 824 3756 tanto
835 3695 988 3754 sollicitius
1012 3700 1092 3768 agat,
1108 3698 1222 3769 quanto
1246 3695 1374 3756 strictius
1387 3712 1420 3754 se
1442 3695 1574 3757 redditu·

57 3793 228 3866 0111000).
242 3790 355 3849 Debent
368 3805 439 3861 ergo
451 3788 586 3846 serviDei
598 3803 688 3845 suum
740 3804 810 3845 rum
824 3785 971 3844 rationem
985 3801 1041 3861 pro
1056 3784 1113 3843 sibi
1126 3784 1296 3845 commissis
1308 3786 1391 3860 apud
1405 3785 1573 3846 districtum

57 3881 217 3954 registrum,
233 3881 319 3952 cujus
341 3896 398 3955 pro
414 3894 516 3937 amore
531 3877 582 3935 Dei
595 3892 688 3952 supra
739 3874 873 3948 judicem
886 3877 1002 3948 pensat.
1018 3871 1110 3931 Valde
1128 3872 1210 3931 enim
1238 3872 1381 3933 sollicitus
1408 3873 1574 3936 debetesse

57 3974 99 4029 mt
122 3970 340 4042 magisterium.
369 3968 425 4036 Qui
452 3972 554 4027 101000
573 3970 686 4040 quanto
741 3964 872 4040 quisque
897 3963 930 4020 in
955 3961 1039 4021 bono
1063 3978 1164 4038 opere,
1188 3967 1222 4022 ut
1243 3962 1275 4023 10
1303 3963 1498 4041 cunctisque
1513 3964 1577 4039 agit

57 4065 114 4119 rtur
127 4060 266 4130 exterius,
286 4063 371 4117 tanto
382 4061 500 4133 oportet
511 4061 544 4114 ut
557 4055 687 4131 amplius
743 4069 862 4128 semper
868 4052 977 4126 cogitet
983 4051 1021 4111 de
1031 4057 1164 4110 extremo
1174 4051 1245 4112 line.
1261 4052 1344 4113 Unda
1354 4053 1500 4128 seriptum
1509 4059 1574 4115 est:
1640 4112 1645 4122 ,

58 4167 74 4209 e
86 4152 283 4227 semetipsum
297 4149 468 4224 despiciens
479 4164 530 4205 eos
544 4144 688 4222 aquibus
743 4146 781 4203 Iu
795 4144 931 4202 omuibus
945 4143 1083 4217 operibus
1092 4145 1152 4202 tuis
1162 4144 1497 4204 mmorcreucuusimc
1510 4150 1575 4218 tue,

57 4239 155 4299 aditur
184 4241 241 4299 sibi
268 4241 300 4298 in
321 4238 501 4312 cogitatione
519 4239 686 4311 preponat.
744 4238 772 4292 et
786 4235 819 4292 iu
839 4239 984 4291 seteruum
1006 4248 1067 4290 nou
1078 4231 1218 4304 peccetis
1234 4232 1340 4302 (Docti.
1352 4233 1412 4306 ιιι).

57 4335 125 4389 itum
139 4336 184 4388 est
199 4347 207 4388 s
784 4323 869 4383 Unde
880 4338 930 4382 uos
939 4322 1036 4394 magis
1051 4319 1213 4379 0100100010
1226 4335 1287 4378 uon
1297 4320 1393 4379 001100
1408 4321 1510 4397 uestri,
1524 4317 1577 4382 sed

57 4436 119 4479 rom
130 4422 192 4478 Deo
205 4420 244 4476 sit
253 4419 422 4477 substratus
434 4418 559 4490 pedibus
574 4416 689 4474 vestris.
704 4385 727 4443 ⁰
746 4414 837 4474 etium
844 4414 938 4486 ipsius
949 4410 1195 4485 miserandisque·
1202 4409 1282 4469 iuter
1293 4423 1344 4470 vos
1351 4412 1501 4485 quautam
1511 4412 1577 4472 toro

58 4512 122 4568 tum
133 4514 176 4567 est
190 4529 197 4566 ι
215 4509 332 4579 Qucum
346 4511 446 4579 major
460 4523 499 4574 es,
525 4506 653 4564 humilio
664 4510 691 4562 te
747 4502 907 4577 superiori,
923 4507 1008 4561 10010
1019 4502 1051 4560 iu
1065 4501 1178 4573 majori
1185 4499 1324 4572 periculo
1337 4506 1486 4562 omsotur.

57 4599 157 4671 [Ereti.
178 4599 230 4671 ιιι).
245 4601 278 4654 Et
292 4598 400 4654 iterum
416 4613 423 4651 ε
441 4594 501 4662 Fili,
525 4598 554 4650 te
581 4595 691 4651 ducem
784 4592 960 4667 10ρο00010
983 4607 1096 4664 magno
1119 4594 1267 4660 versatur,
1294 4591 1430 4665 quisquis
1454 4591 1486 4650 in
1499 4590 1578 4666 regl-

57 4692 83 4757 11,
104 4689 169 4745 noli
190 4688 307 4754 extolli,
333 4687 386 4743 sed
408 4690 469 4741 esto
488 4685 520 4740 trs
548 4683 590 4739 eis
605 4684 693 4756 quusi
747 4681 838 4738 minis
853 4681 920 4738 1000
933 4680 1122 4738 sublimatur.
1135 4683 1211 4736 Nam
1223 4682 1337 4752 quanto
1350 4671 1485 4752 superior
1509 4693 1579 4751 gra·

72 4774 178 4849 (Ereti.
192 4778 293 4849 sunu).
311 4779 343 4832 Et
359 4772 505 4831 Dominus
515 4770 545 4827 10
560 4774 694 4843 Evange-
746 4770 817 4839 dus,
832 4774 916 4827 tanto
933 4768 1130 4842 periculosior
1142 4782 1243 4838 casus,
1257 4771 1286 4825 et
1298 4768 1346 4824 001
1359 4767 1428 4840 plus
1440 4767 1580 4826 commit·

57 4868 149 4939 quise
167 4868 285 4925 exultet
305 4862 527 4933 humiliabitur,
545 4865 572 4916 et
593 4860 646 4932 qui
664 4873 695 4916 se
748 4855 827 4922 titur,
843 4854 911 4928 plus
926 4853 966 4910 ab
978 4869 1013 4909 eo
1040 4850 1176 4922 exigitur.
1204 4850 1321 4908 Grande
1344 4850 1511 4925 periculum
1536 4857 1582 4913 est

57 4957 203 5013 atteritur
217 4956 301 5027 (buc.
314 4953 509 5024 surripiente
522 4948 634 5024 quippe
650 4951 695 5004 est
749 4941 845 5000 sibiet
859 4940 925 4999 aliis
949 4942 1058 5010 vivere,
1073 4939 1252 5013 temporalia
1270 4939 1360 4999 simul
1374 4943 1403 5000 01
1417 4940 1584 5017 spiritualis

57 5061 101 5119 [uc
111 5046 195 5120 apud
211 5047 315 5113 Deum,
331 5046 445 5115 quanto
455 5038 596 5095 humilior
607 5036 695 5094 luerit
749 5030 917 5109 providere.
933 5030 979 5089 Sic
994 5029 1083 5087 debet
1097 5029 1144 5086 sui
1155 5045 1261 5087 curam
1271 5046 1370 5105 agere,
1385 5034 1418 5089 ut
1429 5032 1503 5091 alios
1517 5048 1581 5092 non

57 5135 163 5209 ipsum.
180 5134 237 5192 Sed
251 5131 350 5206 qualis
364 5130 474 5188 debeat
483 5143 548 5184 esse
563 5126 595 5183 in
607 5124 696 5182 mori·
750 5120 891 5193 negligat,
908 5119 952 5177 sic
961 5119 999 5176 de
1014 5118 1079 5175 aliis
1089 5117 1230 5191 cogitare,
1255 5125 1287 5178 01
1298 5121 1492 5196 semetipsum
1506 5119 1581 5178 obll·

57 5239 105 5281 ης,
749 5209 891 5269 viscendo
905 5223 968 5267 nou
996 5207 1203 5284 derelinquat;
1219 5207 1261 5267 010
1272 5210 1449 5286 temporalia
1470 5213 1596 5284 proeu·'

57 5329 102 5371 ees
118 5315 248 5384 seipsum
268 5310 412 5367 bonorum
426 5321 550 5379 operum
561 5305 695 5378 prebeat
749 5315 826 5369 rare,
843 5302 952 5357 utnon
971 5297 1145 5370 refrigescat
1169 5314 1188 5357 a
1204 5299 1419 5374 spiritualibus.
1443 5298 1489 5357 Sie
1503 5296 1582 5356 inas·

751 5391 871 5448 descere
883 5390 923 5448 ad
937 5386 1112 5464 spiritualia,
1125 5392 1159 5446 ut
1171 5388 1208 5446 sit
1222 5389 1363 5447 sollicitus
1374 5387 1412 5445 de
1436 5392 1585 5462 tempora·

57 5492 222 5567 nproecellit
232 5485 531 5558 honoreetdignitate
541 5488 570 5540 et
580 5482 696 5550 ordine,
751 5479 840 5538 libus.
869 5480 940 5536 lude
963 5495 1035 5552 ergo
1061 5479 1160 5551 magis
1190 5478 1302 5536 subditi
1315 5475 1439 5552 prelato
1461 5476 1585 5536 obedire

57 5583 142 5639 edere
150 5582 239 5639 debet
253 5578 419 5647 sanctitate,
434 5578 467 5631 ut
478 5575 543 5647 ejus
559 5570 698 5646 exemplo
752 5568 873 5640 dehent,
889 5567 970 5626 unde
995 5568 1093 5641 010310
1118 5583 1189 5626 eum
1211 5582 1268 5641 pro
1280 5565 1355 5639 ipsis
1368 5565 1472 5625 vident
1497 5565 1585 5626 labo·

57 5671 111 5729 diti
125 5672 251 5745 qualiter
258 5671 358 5728 vivere
374 5666 514 5725 debeant.
755 5673 831 5718 rare.
842 5657 929 5725 Quod
942 5674 1014 5716 cum
1027 5657 1138 5716 1001001
1148 5671 1211 5716 000
1235 5655 1293 5725 001,
1315 5654 1370 5713 sed
1384 5655 1476 5717 etiam
1490 5656 1588 5736 ipsius

57 5772 147 5819 0000.
168 5759 289 5819 dlxxvi
1387 5748 1422 5804 ³⁰
