3742 6082
68 215 106 274 9⁶
387 211 565 271 HUGONIS
583 211 637 270 DE
654 208 868 269 smerdius
886 207 972 266 OPP.
993 209 1093 268 PARS
1112 209 1452 271 1.-6061111116,
1738 217 1776 274 96

68 356 129 398 nus
148 340 232 410 dicit,
245 341 324 396 66661
344 340 378 397 in
392 340 534 412 paradiso
558 344 643 397 torus
662 338 888 406 immaculatus,
904 336 930 390 Α
945 338 1027 409 quod
1036 338 1127 394 borno
1140 354 1194 411 per
1203 340 1408 397 obedientiam
1418 341 1492 398 illue
1503 341 1679 398 ascenderet
1692 343 1776 399 unde

68 431 232 502 conceptus
246 429 312 485 sine
326 427 463 498 libidine,
478 433 587 502 partus
602 430 667 484 sine
683 426 793 482 dolore.
947 427 1004 482 iste
1018 444 1073 500 per
1094 429 1270 500 superbiam
1295 430 1454 499 ceciderat,
1469 431 1581 486 invidit
1603 433 1640 486 ei.
1664 432 1702 486 Et
1722 432 1776 503 qui

103 517 214 599 Quales
239 532 312 574 vero
341 519 366 573 si
394 533 456 574 non
489 520 666 590 peccassent
694 518 893 571 nascerentur
945 516 1032 589 prius
1056 531 1110 589 per
1131 518 1306 591 superbiam
1328 517 1429 574 166116
1451 520 1552 575 116161
1572 519 1723 591 diabolus,
1743 520 1776 575 id

70 607 243 666 eorumiilii
264 603 892 676 6111116161111116166116611,6166-
946 608 992 660 est
1017 607 1168 662 deorsum
1197 607 1321 678 fluens,
1351 624 1404 681 per
1432 608 1582 665 invidiam
1607 609 1708 666 166116
1730 614 1777 665 661

69 701 135 754 tera
149 697 248 753 166616
261 698 407 769 possent:
424 694 514 750 nobis
530 693 567 749 de
582 693 763 750 auctoritate
777 696 893 748 certum
945 693 1051 765 Satan,
1076 693 1109 750 id
1132 698 1177 752 661
1202 699 1427 754 adversarius.
1452 696 1540 753 Unde
1563 701 1593 753 et
1616 697 1777 753 mulierem

69 788 209 843 nonest.
232 783 425 854 Augustinus
449 784 553 837 tamen
576 781 787 838 videturvelle
811 779 894 853 quod
946 783 1079 838 tentavit
1098 783 1131 839 in
1156 799 1218 856 qua
1239 786 1343 841 minus
1364 802 1457 858 quam
1481 787 1514 841 in
1535 786 1602 842 viro
1624 787 1775 842 rationem

69 877 105 930 11
119 873 252 946 primum
265 871 330 927 neti
345 869 892 942 6666111116611661166161666161166-
945 870 1047 941 vigere
1062 872 1187 928 sciebat.
1204 873 1296 929 11116
1318 873 1374 930 illa
1398 875 1528 931 tentatio
1543 875 1636 930 nimis
1658 875 1777 931 occulta

70 966 147 1032 sent,
163 962 206 1017 sic
218 960 321 1016 dicens
346 977 352 1014 :
376 959 479 1016 Movet
502 960 528 1015 si
555 960 646 1032 primi
675 959 815 1015 homines
829 974 892 1014 non
946 958 1024 1014 16161
1040 962 1071 1014 61
1083 959 1151 1016 ideo
1166 962 1266 1017 caveri
1279 976 1341 1017 non
1353 965 1457 1033 posset
1463 978 1472 1031 ;
1488 977 1551 1018 non
1565 962 1626 1018 nisi
1638 977 1692 1035 per
1715 977 1775 1018 ser·

69 1052 246 1125 peccassent
259 1052 365 1104 utrum
378 1048 457 1104 illios
472 1047 550 1104 tales
564 1048 701 1104 habituri
725 1052 826 1104 essent
840 1048 894 1120 qui
946 1051 1069 1120 pentem
1084 1049 1195 1104 tentari
1210 1049 1271 1105 iuit
1290 1051 1469 1122 permissus,
1485 1053 1521 1106 ut
1541 1065 1596 1123 per
1611 1051 1775 1108 indumen·

69 1155 125 1196 nec
136 1138 243 1211 lingua
254 1152 310 1194 nec
323 1137 468 1194 manibus
483 1141 652 1194 uterentur.
669 1138 749 1194 Nam
772 1141 896 1211 propter
947 1138 1014 1191 tum
1029 1136 1111 1209 quod
1123 1137 1198 1194 16116
1212 1141 1278 1194 6161
1290 1139 1459 1195 versutiam
1469 1139 1605 1195 tentanis
1619 1139 1776 1196 advertere

69 1229 150 1286 uteri
165 1227 378 1284 necessitatem
392 1226 521 1284 16116666
535 1242 656 1283 necesse
669 1227 770 1283 116161
783 1242 894 1299 parvu-
947 1228 1060 1297 posset.
1070 1226 1263 1297 Augustinus
1271 1241 1363 1300 super
1373 1227 1516 1284 Genesim
1528 1243 1534 1283 :
1547 1227 1624 1284 Cum
1635 1228 1776 1285 accedere

69 1317 116 1375 los
129 1317 230 1388 nasci;
246 1317 389 1390 quamvis
403 1317 484 1373 enim
499 1317 610 1388 exigua
622 1331 694 1389 pars
709 1316 750 1373 611
760 1315 896 1389 corporis
948 1312 1176 1370 adtentandum
1189 1315 1331 1372 diabolus
1341 1331 1402 1373 non
1411 1319 1514 1389 posset
1524 1316 1585 1372 nisi
1594 1317 1774 1389 permissus,

71 1410 165 1478 66616,
192 1409 382 1462 nontamen
407 1409 531 1478 propter
558 1406 615 1463 hoc
642 1405 803 1478 parvulam
827 1405 896 1462 viro
948 1414 1011 1457 non
1023 1417 1078 1474 per
1086 1401 1171 1458 aliud
1184 1405 1296 1476 potuit,
1307 1404 1368 1461 nisi
1383 1404 1520 1478 perquod
1530 1406 1774 1477 permittebatur.

70 1496 231 1568 conjugem
246 1495 330 1551 Deus
350 1495 430 1551 iecit.
448 1494 536 1552 Unde
550 1498 580 1552 61
592 1495 658 1567 ejus
676 1495 755 1551 tilios
776 1496 896 1566 poterat
948 1488 1022 1546 Cea.
1038 1490 1073 1545 V.
1090 1493 1197 1552 Quare
1210 1508 1277 1548 noc
1291 1494 1422 1548 horruit
1437 1495 1559 1548 mulier
1573 1500 1766 1564 serpentem.

72 1584 295 1657 omnipotentia
319 1583 473 1640 Creatoris
496 1599 568 1640 mox
590 1583 685 1639 editos
708 1582 839 1654 grandes
850 1581 895 1637 16·
984 1577 1139 1644 Quaeritur
1149 1595 1244 1652 quare
1258 1596 1320 1638 non
1331 1581 1451 1638 horruit
1463 1582 1574 1638 mulier
1590 1588 1773 1656 serpentem.

71 1688 137 1730 cere
151 1672 203 1729 sed
226 1676 261 1728 ut
275 1672 333 1728 hoc
347 1671 498 1741 omittam,
514 1674 634 1744 poteret
646 1675 736 1742 66116,
752 1671 825 1744 quia
838 1670 896 1726 hoc
909 1683 935 1742 Β
948 1665 1027 1734 Quia
1041 1683 1110 1723 cum
1122 1669 1244 1725 noviter
1253 1673 1373 1726 6166116
1384 1674 1473 1739 66661,
1488 1671 1620 1727 officium
1631 1671 1778 1745 loquendi

71 1762 178 1819 multis
190 1761 376 1817 animalibus
385 1759 529 1833 praestitit
543 1764 577 1815 ut
588 1774 693 1817 eorum
702 1759 779 1832 pulli
794 1775 898 1832 quam·
950 1771 969 1812 6
983 1755 1047 1813 Deo
1061 1757 1212 1829 accepisse
1226 1759 1357 1830 putavit.
1369 1759 1436 1815 Hoc
1449 1758 1540 1816 modo
1552 1761 1681 1816 tentatio
1696 1761 1779 1816 16616

70 1851 195 1907 vissint
209 1849 341 1923 parvuli,
364 1852 467 1906 temen
490 1863 563 1905 mox
584 1852 620 1904 ut
642 1851 814 1904 nascuntur
830 1863 896 1903 cur·
951 1847 1006 1900 661.
1024 1844 1162 1901 Primum
1176 1845 1418 1917 interrogatione
1442 1862 1604 1919 aggressus
1619 1852 1675 1918 est,
1690 1852 1726 1904 ut
1742 1864 1780 1905 ex

71 1944 142 1996 rant
157 1942 186 1996 et
206 1943 320 1996 matres
346 1941 524 2012 sequantur.
546 1937 661 1994 Contra
683 1937 802 1994 homini
823 1940 897 1993 nato
950 1933 1147 2005 responsione
1157 1935 1223 2006 ejus
1233 1934 1528 2009 colligeretqualiter
1538 1952 1605 1993 66111
1618 1937 1655 1993 de
1669 1942 1778 1995 6661616

71 2042 127 2085 nec
141 2026 180 2083 ad
193 2027 347 2083 incessum
360 2026 451 2099 pedes
464 2025 576 2095 idonei,
591 2040 647 2082 nee
660 2040 773 2081 manus
788 2024 897 2080 saltem
951 2021 1066 2094 alloqui
1090 2020 1264 2088 debuisset.⁴
1273 2025 1337 2079 Gur
1359 2039 1424 2080 non
1442 2028 1611 2082 comeditis
1631 2029 1671 2083 de
1686 2028 1776 2097 tigno

72 2114 702 2188 6166611611111116111166;6111111666
723 2113 897 2186 jacentibus
950 2113 1196 2168 16166116616111
1222 2118 1253 2168 et
1278 2111 1384 2168 matii
1410 2112 1500 2185 (Gen.
1525 2115 1585 2185 111.)
1615 2114 1662 2170 Ad
1688 2130 1779 2188 quem

70 2205 215 2262 mammis
240 2205 341 2276 magis
367 2206 497 2277 possunt
522 2203 691 2260 esurientes
714 2203 785 2259 llere
803 2217 897 2275 quam
950 2199 1062 2255 mulier
1091 2215 1097 2254 :
1125 2202 1174 2256 Ne
1195 2201 1282 2271 sorte
1305 2203 1492 2258 moriamur
1517 2201 1631 2274 (mid).
1655 2203 1691 2259 In
1717 2218 1780 2276 quo

72 2309 190 2366 sugere.
204 2293 335 2349 Proinde
349 2291 523 2348 infirmitati
541 2292 655 2347 mentis
670 2291 811 2363 congruit
833 2290 898 2346 haec
950 2288 1044 2345 verbo
1058 2287 1143 2344 dedit
1163 2287 1265 2345 locum
1289 2291 1400 2346 tentati
1419 2305 1488 2346 cum
1512 2290 1592 2346 dixit
1607 2307 1613 2346 τ
1629 2290 1675 2347 Ne
1689 2292 1778 2349 torte.

70 2382 235 2440 infirmitas
255 2381 365 2436 carnis.
391 2379 449 2436 Sed
475 2395 544 2436 cum
568 2380 763 2452 Augustinus
785 2379 819 2434 in
841 2379 899 2434 hoc
953 2376 1041 2433 Unde
1055 2376 1196 2433 diabolus
1214 2393 1287 2435 mox
1302 2379 1427 2452 inquit:
1447 2381 1607 2436 comedite
1630 2382 1778 2436 eteritis

71 2470 150 2528 nihil
166 2469 328 2526 asserendo
349 2468 441 2538 dicet,
456 2484 518 2525 non
538 2469 670 2525 absurde
690 2467 897 2539 1116111611-
951 2467 1039 2521 sicut
1059 2467 1110 2521 dii
1131 2464 1245 2538 (ibid).
1264 2466 1322 2523 Per
1345 2468 1405 2523 tria
1424 2468 1580 2537 tentavit,
1603 2468 1779 2540 pergulam

71 2558 203 2617 busdam
216 2557 299 2631 quod
312 2560 385 2614 tunc
396 2560 624 2630 exspectaretur
633 2560 708 2614 aetas
717 2558 751 2613 in
761 2556 899 2630 parvulis
952 2569 1022 2611 cum
1044 2554 1142 2611 dixit:
1157 2554 1326 2625 Comedit03
1346 2571 1401 2628 per
1423 2571 1537 2612 venam
1556 2555 1695 2627 gloriam,
1709 2573 1778 2613 cum

72 2646 177 2704 adilla
200 2646 340 2703 iacienda
361 2649 391 2702 61
415 2645 539 2702 similia.
565 2646 634 2703 Non
656 2646 739 2719 quod
765 2662 803 2702 ex
822 2645 899 2702 vitio
952 2642 1032 2700 dixit
1045 2660 1051 2698 :
1065 2643 1160 2700 Eritis
1175 2645 1255 2700 sicut
1269 2643 1326 2713 dii;
1342 2659 1396 2716 per
1410 2645 1583 2716 avaritiam,
1595 2661 1664 2702 cum
1680 2645 1778 2702 dixit:

72 2739 146 2793 tuno
172 2751 235 2792 non
261 2737 397 2807 possent,
425 2733 478 2790 sed
505 2749 543 2790 ex
568 2734 743 2791 conditione
769 2736 898 2804 naturae,
953 2733 1645 2805 861661661661616116616111(1111111116
1665 2735 1779 2791 estim-

74 2824 182 2880 611116
196 2823 263 2880 cibo
277 2838 339 2879 non
355 2822 479 2895 penitus
493 2821 648 2878 abstinere
659 2826 802 2895 poterant
810 2838 819 2892 ;
846 2837 901 2878 nec
952 2820 1129 2877 moderatus
1150 2821 1304 2894 appetitus
1325 2820 1452 2891 edendi,
1477 2837 1559 2878 vana
1579 2821 1676 2893 gioria
1691 2838 1779 2879 emor

73 2915 177 2970 tamen
190 2911 267 2968 iliud
282 2926 320 2967 ex
333 2910 420 2980 vitio,
436 2910 489 2966 sed
508 2925 545 2967 ex
570 2913 683 2966 natura
705 2910 898 2968 conditionis.
953 2909 1212 2982 proprieelaudis;
1233 2910 1363 2967 avaritia
1383 2909 1604 2967 immoderatus
1620 2912 1776 2984 appetitus

72 3000 131 3058 Hic
148 3003 250 3074 potest
272 2999 316 3056 sio
337 3000 450 3073 opponi
466 3015 473 3056 ε
495 2999 528 3056 Si
552 3015 615 3057 non
636 3003 797 3073 peccarent
819 3015 898 3056 nun·
916 3032 939 3091 c
953 2997 1097 3055 habendi.
1109 2997 1186 3054 Cum
1201 2999 1329 3055 tentatio
1344 2997 1405 3054 alia
1419 2999 1460 3055 sit
1475 2999 1612 3070 interior,
1624 2999 1685 3055 alia
1699 3004 1779 3056 exte

73 3103 167 3163 quam
181 3090 382 3157 morerentur,
397 3092 428 3145 et
442 3087 543 3143 sinon
558 3088 750 3146 comederent
759 3104 822 3145 non
836 3104 897 3161 pec
952 3087 1025 3157 rior;
1040 3087 1181 3143 exteriori
1187 3087 1356 3144 tentatione
1364 3087 1508 3144 homoest
1514 3091 1660 3145 tentatus.
1669 3089 1777 3145 Tenta-

72 3178 178 3235 carent
184 3192 194 3246 3
206 3176 302 3248 igitur
314 3175 340 3231 si
354 3190 417 3231 non
429 3174 622 3232 comederent
635 3192 795 3250 nunquam
806 3191 900 3234 more
951 3176 996 3232 tio
1003 3176 1135 3232 exterior
1143 3176 1261 3233 forisfit
1271 3177 1358 3247 signo
1368 3175 1418 3232 vel
1427 3177 1574 3246 verho,ut
1583 3177 1634 3233 ille
1641 3177 1689 3234 cui
1697 3176 1780 3234 fitad

72 3268 179 3322 rentur
194 3281 201 3319 :
216 3265 359 3336 poterant
368 3263 474 3336 itaque
485 3263 551 3320 6116
565 3264 712 3322 alimonia
722 3265 834 3323 vivere.
851 3264 899 3322 Ad
953 3278 1137 3320 eonsensum
1147 3264 1443 3337 peccatiinelinetur.
1450 3264 1593 3321 Tentatio
1599 3265 1728 3322 interior
1734 3266 1781 3322 est

73 3353 157 3428 qaod
170 3352 301 3409 dicimus
316 3353 399 3426 quod
413 3368 476 3409 non
491 3352 591 3410 solum
605 3357 765 3427 peccarent
774 3356 800 3411 61
815 3354 851 3411 de
862 3353 899 3410 li-
952 3356 1056 3409 motus
1077 3367 1180 3426 11616
1193 3352 1404 3410 delectationis
1417 3369 1472 3427 per
1483 3369 1577 3426 quam
1596 3354 1720 3410 animus
1741 3353 1780 3410 ad

73 3456 134 3514 guo
146 3440 243 3498 vetito
257 3441 458 3512 comederent,
469 3441 523 3498 sed
533 3442 625 3498 etiem
636 3442 663 3499 si
673 3444 823 3500 concessis
836 3458 899 3499 non
951 3444 1110 3515 peccatum
1123 3440 1292 3514 impellitur
1296 3457 1305 3510 ;
1317 3445 1347 3498 61
1357 3441 1455 3499 multo
1469 3441 1622 3498 difficilius
1632 3442 1777 3499 vincitur.

73 3532 235 3588 uterentur
261 3544 331 3586 cum
357 3529 540 3586 naturaliter
565 3533 751 3603 appeterent.
778 3532 815 3587 In
842 3530 900 3587 hoc
953 3529 1053 3586 Homo
1078 3530 1175 3601 igitur
1196 3529 1251 3602 qui
1279 3531 1421 3587 exteriori
1449 3531 1619 3588 tentatione
1637 3531 1780 3603 pulsatus

76 3618 158 3676 enlm
172 3617 308 3675 iacerent
322 3621 429 3674 contra
449 3621 570 3674 naturae
590 3619 751 3689 rationem,
773 3635 842 3691 quae
861 3618 901 3675 ad
952 3618 1070 3688 cecidit,
1085 3621 1173 3674 tanto
1193 3619 1318 3690 gravius
1343 3618 1528 3691 puniendus,
1542 3623 1659 3691 quanto
1671 3618 1781 3676 leviori

74 3704 132 3763 hoo
142 3705 214 3762 data
223 3709 288 3762 6161
298 3706 434 3764 utlicitis
445 3710 615 3764 uterentur.
627 3708 703 3765 Item
715 3708 898 3781 opponitur:
952 3706 1090 3780 impulsu
1103 3706 1205 3763 iuerat
1218 3709 1401 3779 prostratus.

76 3792 155 3852 (lum
169 3794 266 3851 fames
281 3795 322 3851 sit
346 3810 438 3868 poena
460 3796 586 3868 peccati,
603 3796 663 3852 nisi
687 3799 847 3869 peccasent
860 3795 903 3851 ia·
1053 3794 1127 3852 (lna.
1143 3795 1195 3851 VI.
1215 3796 1256 3852 De
1266 3799 1397 3865 peccato
1406 3796 1514 3864 primi
1528 3791 1682 3851 hominis.

75 3897 157 3939 mem
170 3896 233 3938 non
247 3887 441 3955 paterentur;
457 3884 510 3939 sed
530 3884 596 3939 sine
617 3885 698 3941 161116
712 3884 900 3958 superfluum
989 3884 1026 3940 In
1039 3883 1169 3940 hocloco
1179 3883 1301 3939 videtur
1312 3883 1530 3956 inquirendum
1541 3899 1610 3955 quae
1621 3883 1681 3938 11111
1696 3882 1782 3954 origo

75 3969 199 4027 videtur
212 3970 377 4027 comedere.
391 3970 439 4026 Ad
450 3971 533 4043 quod
545 3972 658 4029 dicitur
670 3972 830 4044 quodlicet
839 3987 902 4029 non
955 3974 986 4028 et
995 3971 1306 4045 radixilliuspeccati.
1320 3971 1515 4042 Augustinus
1526 3986 1617 4044 super
1625 3971 1783 4028 Genesim:

74 4060 262 4133 peccassent,
277 4058 448 4131 appetitum
475 4059 651 4117 comedendi
665 4060 824 4131 haberent,
841 4073 902 4132 quo
954 4059 1025 4116 Non
1039 4061 1119 4115 esset
1141 4059 1297 4116 hominem
1319 4059 1491 4131 dejecturus
1516 4062 1661 4129 tentator,
1677 4060 1739 4115 nisi
1751 4060 1784 4115 in

74 4145 559 4221 habito,utiamcmpraevenirent
569 4149 720 4206 concessis
730 4151 901 4205 uterentur.
955 4147 1059 4204 animo
1087 4146 1153 4219 ejus
1180 4145 1271 4202 elatio
1309 4146 1516 4219 praecessisset
1548 4146 1784 4220 comprimenda.

75 4232 116 4291 ltt
132 4232 185 4290 ille
205 4234 361 4309 appetitus
373 4236 524 4293 naturalis
540 4239 587 4293 est
600 4240 631 4294 61
644 4236 821 4293 moderatus
827 4251 838 4306 3
858 4235 902 4290 ia·
956 4234 1043 4293 Unde
1057 4235 1183 4309 quidam
1193 4235 1302 4293 volunt
1313 4235 1398 4309 quod
1410 4233 1575 4308 iatequem
1590 4235 1709 4292 cederet
1720 4237 1784 4291 ten·

76 4337 142 4381 mes
155 4336 228 4380 vero
240 4322 461 4381 immoderatus
473 4325 628 4399 appetitus
643 4324 751 4382 edendi
765 4327 822 4381 est.
917 4361 945 4418 D
958 4324 1080 4394 tattoni,
1091 4323 1201 4380 habuit
1211 4323 1296 4380 illem
1306 4324 1480 4381 elationem.
1492 4322 1551 4380 Sed
1562 4339 1632 4380 oum
1643 4323 1735 4380 elatio
1743 4323 1785 4380 vi·

113 4410 160 4468 De
179 4410 238 4467 hoc
259 4414 343 4468 statu
366 4427 458 4485 quem
482 4414 675 4471 ostendimus
689 4415 755 4469 erat
774 4411 903 4468 1161616-
959 4411 1037 4470 tium
1045 4412 1096 4482 sit,
1107 4411 1178 4468 inde
1187 4412 1327 4484 sequitur
1335 4413 1419 4485 quod
1433 4415 1504 4467 ante
1513 4412 1684 4484 peccaverit
1693 4426 1788 4484 quam

79 4499 193 4559 rendus
216 4499 307 4557 homo
330 4515 400 4558 oum
418 4502 503 4558 omni
516 4502 601 4576 prole
625 4518 682 4559 sua
707 4501 772 4558 sine
797 4500 906 4557 mortis
959 4500 1124 4557 tentationi
1138 4499 1264 4556 cederet.
1278 4500 1349 4558 Non
1373 4501 1469 4572 igitur
1484 4499 1680 4571 suggestione
1699 4500 1788 4572 prius

81 4589 183 4647 dolore
198 4588 327 4645 adillud
342 4604 497 4646 summum
520 4590 636 4646 bonum
661 4589 745 4662 quod
767 4589 801 4645 in
822 4588 906 4645 coelis
958 4591 1123 4662 peccasset,
1139 4603 1209 4645 cum
1218 4590 1385 4646 6161611166
1399 4588 1482 4645 dicat
1497 4587 1581 4661 quod
1598 4587 1666 4645 ideo
1680 4603 1784 4661 pecca·

80 4675 126 4732 eis
139 4678 282 4748 paratum
292 4679 366 4732 erat.
382 4677 467 4733 Sicut
476 4677 559 4733 enim
571 4676 639 4732 duae
652 4679 771 4732 naturas
787 4678 860 4731 6111
873 4675 906 4731 in
959 4679 1026 4732 tum
1040 4676 1154 4733 diaboli
1168 4677 1209 4733 sit
1221 4677 1407 4748 incurabile,
1423 4678 1497 4751 quia
1512 4693 1575 4734 non
1590 4677 1787 4749 suggestione

80 4762 215 4833 homine,
230 4763 395 4836 corporalis
420 4767 451 4820 et
474 4763 643 4837 spiritualis
648 4779 658 4833 ;
684 4763 729 4819 ita
750 4763 811 4819 duo
824 4763 907 4820 bona
960 4765 1014 4821 sed
1025 4766 1147 4838 propria
1159 4765 1266 4822 cecidit
1281 4765 1434 4838 superbia.
1449 4766 1550 4822 Homo
1561 4780 1634 4822 vero
1647 4765 1721 4837 quia
1732 4779 1787 4836 per

80 4850 199 4908 homini
220 4855 446 4924 praeparaverat
470 4851 564 4922 Deus,
584 4850 749 4923 temporale
771 4854 905 4907 6161161-
961 4868 993 4909 66
1006 4868 1069 4909 non
1083 4853 1190 4910 cecidit
1211 4853 1265 4909 sed
1278 4869 1332 4926 per
1352 4853 1459 4924 alium,
1476 4868 1600 4926 surgere
1618 4852 1721 4926 potuit
1734 4867 1789 4925 per

80 4954 166 4996 num.
183 4940 222 4995 Et
241 4940 314 5012 quia
327 4940 414 5013 prius
437 4940 520 5013 quod
544 4939 685 5008 animale,
702 4938 810 4995 deinde
825 4939 908 5012 quod
959 4940 1168 4996 mediatorem.
1192 4940 1231 4996 Et
1252 4941 1321 4996 ideo
1341 4941 1396 4996 illa
1422 4943 1588 4998 6161611166
1617 4941 1661 4997 616
1686 4942 1788 5013 potest

81 5028 240 5101 spirituale
245 5043 254 5098 ;
270 5026 436 5101 temporale
449 5027 536 5099 prius
548 5025 655 5083 datum
670 5027 740 5083 1111.
756 5026 906 5096 Alterum,
961 5028 1072 5100 exponi
1088 5042 1094 5082 :
1109 5026 1179 5083 Non
1203 5030 1268 5083 erat
1282 5031 1416 5086 tentator
1436 5030 1592 5087 hominem
1615 5028 1789 5100 dejecturus

79 5115 113 5172 id
127 5119 173 5173 est
187 5120 346 5186 aeternum,
358 5131 421 5172 non
432 5117 505 5169 tunc
518 5113 636 5183 datum,
648 5114 701 5170 sed
715 5116 907 5189 propositum
961 5116 1075 5171 scilicet
1085 5115 1118 5170 in
1132 5113 1189 5170 has
1203 5116 1352 5187 miserias,
1368 5119 1429 5173 nisi
1444 5118 1535 5174 elatio
1556 5118 1589 5172 in
1604 5116 1709 5171 animo
1724 5115 1790 5186 ejus

81 5203 150 5260 iuit.
163 5203 211 5260 Ad
220 5203 305 5260 illius
316 5200 399 5276 quod
411 5200 534 5257 dederat
543 5200 713 5257 custodiam
723 5206 907 5276 praeceptum
960 5203 1250 5276 praecessisset.Non
1258 5205 1325 5261 dico
1331 5207 1536 5278 praecessisset
1547 5203 1786 5276 suggestionem,

82 5295 203 5347 naturae
221 5291 365 5364 apposuit
378 5289 472 5345 Deus.
489 5288 655 5361 Praeceptio
676 5291 826 5347 naturalis
848 5291 908 5346 1111
962 5292 1016 5348 sed
1026 5294 1096 5365 post
1111 5293 1337 5364 suggestionem
1359 5295 1515 5368 praecessit
1537 5294 1571 5349 in
1593 5292 1698 5347 animo
1724 5292 1790 5363 ejus

84 5378 227 5436 discretio
240 5394 295 5452 per
308 5391 402 5449 quam
415 5376 443 5431 ei
456 5376 642 5449 inspiratum
653 5382 699 5434 est
709 5394 777 5450 quae
790 5383 908 5434 naturae
961 5378 1054 5435 finem
1069 5384 1099 5436 et
1113 5381 1345 5453 completionem
1359 5383 1475 5455 peccati
1498 5382 1607 5455 ipsius.
1630 5379 1788 5451 Alioquin,

87 5482 151 5525 6116
171 5468 273 5524 essent
295 5463 476 5534 necessaria,
500 5467 532 5520 et
556 5480 624 5537 quae
647 5466 750 5522 noxia.
772 5465 910 5522 Adillud
963 5470 993 5523 et
1003 5467 1175 5526 sidiabolus
1190 5471 1402 5543 suggessisset,
1413 5469 1453 5526 ad
1465 5468 1671 5541 suggestionis
1686 5471 1790 5523 tamen

87 5554 171 5629 quod
179 5553 380 5629 proposuerat
388 5552 624 5624 promerendum
632 5556 817 5626 praeceptum
827 5553 911 5611 dedit
964 5556 1528 5631 61661111161161161116661.8166111111
1536 5556 1788 5613 diceremusznon

87 5637 480 5709 obedientia,dicens:1te
506 5641 594 5712 tigno
615 5642 762 5698 scientim
785 5643 861 5697 doni
879 5647 911 5698 et
963 5646 1030 5700 6161
1040 5644 1195 5702 hominem
1210 5645 1382 5718 dejecturus
1401 5647 1434 5703 in
1448 5649 1607 5721 peccatum
1626 5643 1683 5712 uhi
1697 5642 1789 5700 elatio

89 5730 175 5788 mati
187 5742 229 5786 66
241 5727 391 5829 comedat
402 5727 541 5803 (Gema).
556 5727 670 5788 Videas
684 5743 755 5802 ergo
769 5728 911 5789 diabolus
965 5728 1171 5804 precessisset
1186 5735 1261 5789 tuno
1280 5736 1446 5806 antequam
1459 5734 1613 5808 peneum
1624 5729 1788 5789 elationem
