3742 6082
72 135 127 196 32⁷
394 126 572 189 HUGONIS
590 127 645 185 DE
662 126 692 185 S.
707 121 877 182 VICTORE
895 119 982 177 OPP.
1003 119 1103 177 PARS
1122 118 1160 177 11.
1174 115 1462 199 -Docmnrlch

73 261 292 335 operationem.
306 257 364 314 His
382 256 517 313 breviter
537 255 574 311 de
588 252 717 310 materie
732 262 900 307 sacramen·
914 242 941 296 A
971 243 1029 295 Gar.
1045 243 1115 294 vlll.
1131 241 1165 294 ik
1178 240 1266 294 tribur
1280 254 1339 309 que
1354 240 1504 293 muscaria
1517 242 1582 292 runt
1596 239 1632 292 ad
1644 238 1685 292 sal

75 353 176 407 torum
191 347 360 422 proelibatis
375 346 414 402 ad
429 344 589 417 sequentia
603 345 806 398 transeamus
915 391 918 397 .
991 343 1063 398 Tria
1078 356 1151 397 sane
1166 343 1240 397 sunt
1254 356 1322 412 quae
1337 340 1376 394 ab
1390 339 1480 394 initio
1496 338 1560 394 sive
1586 341 1685 394 antea

956 435 1023 486 tum
1051 430 1177 498 Christi,
1194 429 1258 484 sive
1278 432 1348 500 post
1375 427 1564 482 adsalutem
1587 426 1685 482 obtine

75 520 900 593 CARVII·Quodiriacenetawntsacrameniorum·
957 519 1129 575 necessaria
1143 518 1279 585 luerunt,
1294 516 1326 571 id
1341 519 1387 571 est
1399 514 1483 583 fides,
1498 517 1685 570 sacramenta

957 612 987 664 et
1000 624 1091 680 opera
1104 608 1195 662 bona.
1210 606 1284 671 Quae
1308 606 1368 660 tria
1382 605 1426 660 ita
1449 604 1601 660 cohaerent
1627 607 1662 659 ut
1678 619 1685 658 r

111 704 183 760 Tria
191 717 301 773 genera
310 700 569 755 sacramentorum
578 697 610 751 in
625 697 726 768 prima
737 691 904 748 considera·
957 697 1096 752 effectum
1112 695 1224 750 habere
1237 694 1429 765 nonpossint
1446 693 1471 747 si
1483 691 1576 747 simul
1586 707 1648 746 non
1659 692 1685 747 fr

78 795 159 850 tione
170 789 369 848 discernenda
384 790 556 844 occurrunt.
575 785 653 841 Sunt
665 784 746 840 enim
762 782 903 854 quaedam
957 787 1054 840 Fides
1069 786 1158 840 enim
1173 785 1245 838 sine
1259 784 1418 852 operibus,
1430 784 1506 835 teste
1518 780 1685 852 Scriptura,

77 883 267 937 sacramenta
282 879 314 932 in
331 877 444 949 quibus
460 874 670 948 principaliter
684 872 768 929 salue
782 872 904 928 constat
958 879 1018 929 tua
1041 879 1089 928 esi
1114 874 1229 932 (Jacob.
1247 873 1293 941 Η).
1308 873 1442 927 Rursum
1467 869 1521 923 ubi
1543 884 1604 923 non
1631 871 1678 924 est

76 974 105 1025 et
120 969 296 1040 percipitur,
305 966 384 1021 sicut
398 979 479 1035 aqua
490 962 697 1034 baptismatis,
711 965 741 1017 et
752 960 904 1032 perceptio
958 978 1035 1034 opus
1049 963 1165 1017 bonum
1182 975 1321 1016 essenon
1337 962 1446 1031 potest.
1464 958 1539 1013 Item
1551 957 1605 1029 qui
1618 957 1685 1012 iider

76 1057 211 1129 corporis
226 1059 255 1111 et
271 1054 431 1125 sanguinis
444 1051 569 1107 Christi.
588 1051 657 1106 Alia
675 1055 749 1106 sunt
762 1065 831 1122 quae
846 1047 904 1104 etsi
957 1056 1076 1106 rantem
1100 1050 1226 1117 habent,
1242 1049 1269 1104 si
1289 1050 1479 1104 sacramenta
1503 1046 1560 1101 Dei
1585 1046 1685 1117 sucipe

78 1146 249 1202 necessaria
264 1159 325 1200 non
340 1146 414 1198 sunt
428 1141 467 1196 ad
482 1141 612 1196 salutem
626 1140 712 1211 (quia
725 1139 791 1194 sine
803 1138 851 1193 his
862 1152 905 1192 sa·
958 1143 1069 1209 nuunt,
1084 1139 1197 1195 salvari
1210 1154 1271 1194 non
1286 1140 1426 1210 possunt,
1437 1136 1510 1206 quia
1523 1134 1684 1191 dilectione

76 1236 125 1291 lus
139 1232 247 1290 haberi
262 1232 373 1304 potest)
387 1230 552 1302 proliciunt
567 1232 670 1284 tamen
685 1228 724 1283 ad
739 1227 905 1284 sanctitica-
959 1244 1021 1284 non
1035 1228 1151 1284 habent
1166 1228 1253 1299 cujus
1275 1227 1426 1298 praecepta
1440 1225 1472 1278 in
1498 1224 1685 1279 sacramenth

77 1325 203 1390 tionem,
215 1322 289 1394 quia
305 1320 353 1375 his
367 1319 467 1375 virtus
477 1319 609 1374 exerceri
623 1321 655 1373 et
665 1318 765 1389 gratia
775 1316 905 1389 amplior
959 1319 1169 1372 contemnunt,
1196 1316 1413 1370 Verumtamen
1438 1313 1491 1367 ubi
1509 1311 1583 1367 fides
1605 1327 1675 1369 cum

78 1411 195 1483 acquiri
211 1413 322 1482 potest,
338 1411 373 1463 ut
388 1423 469 1481 aqua
490 1407 686 1478 aspersionis,
704 1410 734 1462 et
752 1405 904 1477 susceptio
958 1406 1041 1461 tione
1057 1409 1113 1475 est,
1129 1404 1209 1460 sicut
1227 1419 1290 1458 non
1314 1403 1466 1457 minuitur
1488 1402 1633 1457 meritum
1657 1403 1685 1457 ot

78 1499 199 1567 cineris,
215 1500 245 1553 et
259 1496 381 1553 similia.
398 1496 477 1552 Sunt
489 1510 613 1551 rursum
634 1495 696 1550 alia
714 1496 906 1550 sacramenta
959 1509 1036 1566 opus
1048 1493 1131 1566 quod
1146 1493 1179 1548 in
1193 1492 1275 1548 bono
1289 1491 1447 1563 proposito
1461 1489 1633 1545 devotionis
1648 1503 1685 1545 es

79 1604 148 1661 quae
163 1587 202 1642 ad
217 1586 274 1641 hoc
289 1585 388 1641 solum
401 1585 547 1640 instituta
563 1599 628 1640 esse
639 1583 794 1652 videntur,
805 1586 841 1638 ut
853 1596 906 1654 per
921 1588 946 1645 B
960 1583 1025 1637 rius
1038 1597 1100 1638 uon
1114 1582 1278 1654 perficitur,
1294 1580 1338 1635 sic
1352 1579 1462 1634 salutis
1477 1579 1601 1634 effectus
1613 1592 1676 1633 non

79 1678 146 1749 ipsa
161 1690 197 1731 ea
211 1690 280 1746 quae
293 1674 411 1730 caeteris
427 1673 627 1729 sacramentis
638 1671 866 1728 sanctificandis
876 1674 906 1726 et
961 1671 1044 1726 ditur
1068 1671 1160 1726 etiam
1191 1670 1216 1725 si
1238 1666 1674 1738 sacramentumquodinvera

79 1762 279 1822 instituendis
292 1763 462 1818 necessaria
485 1765 568 1831 sunt,
584 1759 809 1834 quodammodo
831 1774 905 1831 prae·
961 1763 1023 1816 tate
1038 1764 1067 1816 et
1083 1759 1231 1815 desiderio
1245 1761 1301 1827 est,
1319 1755 1447 1812 articulo
1459 1756 1650 1811 necessitatis
1660 1771 1685 1811 er

80 1856 229 1926 parantur
243 1856 273 1906 et
300 1850 537 1918 sanctificentur,
549 1850 599 1905 vel
613 1850 692 1905 circa
713 1864 858 1921 personas
874 1848 907 1904 in
962 1853 1022 1905 tur.
1041 1850 1101 1905 Ubi
1116 1853 1218 1903 autem
1242 1848 1300 1902 tria
1323 1846 1415 1902 simul
1437 1846 1543 1901 haberi
1565 1859 1685 1918 possun‘

80 1942 175 1998 sacris
189 1939 351 1995 ordinibus
370 1938 572 2010 perficiendis,
587 1938 636 1994 vel
659 1939 692 1992 in
712 1939 752 1992 iis
777 1953 846 2010 quae
869 1935 907 1990 ad
962 1939 1095 2011 periculo
1119 1938 1228 1993 salutis
1243 1936 1420 1992 nullatenus
1439 1936 1545 1990 abesse
1560 1936 1685 2006 possunt

81 2031 222 2087 habitum
239 2043 394 2083 sacrorum
409 2028 551 2083 ordinum
573 2028 727 2099 pertinent
748 2026 908 2082 initiandis
963 2044 1017 2084 nec
1031 2027 1105 2083 fides
1119 2028 1263 2083 meritum
1277 2027 1369 2082 habet
1380 2027 1406 2080 81
1417 2025 1490 2080 dum
1497 2027 1596 2097 potest
1611 2038 1685 2096 oper

82 2122 112 2174 et
135 2116 252 2174 caeteris
274 2115 463 2187 hujusmodi.
480 2115 584 2171 Prima
608 2131 681 2187 ergo
704 2115 742 2171 ad
766 2115 906 2185 salutem,
962 2117 1061 2188 gligit,
1075 2133 1130 2174 nec
1143 2133 1220 2188 opus
1231 2116 1347 2172 bonum
1361 2120 1406 2171 est
1421 2114 1537 2187 aliquid
1551 2114 1576 2168 si
1592 2112 1685 2169 sinei

80 2204 211 2264 secunda
225 2203 265 2259 ad
280 2204 539 2274 exercitationem,
552 2205 644 2260 tertia
658 2205 697 2260 ad
711 2206 907 2277 praeparatio·
963 2207 1131 2262 Etrnrsum
1140 2206 1214 2261 sides
1224 2221 1353 2277 operans
1363 2205 1517 2260 hominem
1527 2203 1684 2259 sanctifica

82 2312 151 2353 nem
163 2295 331 2352 constituta
346 2298 428 2350 sunt.
444 2295 502 2350 His
513 2295 611 2365 igitur
620 2298 712 2366 prout
722 2295 800 2351 ratio
808 2297 909 2366 postu·
964 2296 1085 2365 sufficit,
1093 2295 1117 2350 si
1126 2310 1192 2350 eam
1204 2295 1312 2365 quaein
1323 2293 1522 2348 sacramentis
1532 2292 1589 2354 Dei
1600 2294 1686 2347 const

81 2385 145 2441 lare
155 2383 318 2439 videbatur
332 2384 502 2455 pertractis,
518 2384 557 2439 ai
581 2399 616 2440 ea
638 2400 707 2457 quae
722 2386 839 2440 restant
858 2399 908 2439 ex·
964 2384 1178 2439 ctificationenr
1190 2383 1341 2455 suscipere
1350 2382 1526 2438 contemnit.
1535 2381 1608 2436 Tria
1617 2395 1685 2452 ergo

83 2471 224 2545 plicando
239 2471 418 2527 transimus.
965 2469 1685 2543 sunt,fides,sacramentum,etopus.lnfide,Chri

965 2561 1113 2617 fortitudo
1126 2562 1284 2629 tribuitur,
1297 2562 1329 2616 in
1345 2548 1554 2629 sacramentis,
1566 2574 1663 2629 arma;
1677 2557 1685 2614 i

965 2650 1052 2706 ribus
1066 2650 1167 2720 bonis,
1183 2649 1244 2706 tela
1258 2653 1364 2707 contra
1379 2648 1535 2705 diabolum
1550 2649 1685 2722 pugnate

832 2827 1029 2841 n———n-u

834 2843 1031 2855 —

675 2982 855 3097 rins
897 2981 1183 3098 DECIMA.

843 3226 897 3282 DE
915 3225 1021 3282 FIDE.

80 3401 153 3458 Gne.
171 3417 306 3458 nuruum.
324 3403 367 3457 De
386 3401 450 3472 fide
465 3407 584 3470 reptem
602 3416 669 3457 erse
691 3403 903 3471 inquirenda.
925 3401 1140 3472 Cdignasunt
1154 3419 1207 3475 spe
1222 3407 1251 3459 et
1266 3403 1492 3477 exspectatione
1512 3405 1629 3473 nostra,
1644 3419 1685 3476 qu

118 3491 162 3547 De
174 3495 305 3547 tractare
318 3488 503 3560 volentibus,
520 3493 636 3561 septem
649 3489 911 3562 inquirendapro·
966 3491 999 3546 in
1020 3491 1096 3563 ipsis
1118 3494 1238 3548 constat
1256 3491 1372 3548 bonum
1397 3496 1548 3549 nostrum.
1563 3491 1619 3547 Est
1630 3506 1685 3563 erg¹

82 3580 323 3652 ponimusQuid
333 3579 374 3635 sit
384 3578 467 3634 fides.
476 3578 582 3652 Inque
592 3578 804 3635 constatiides.
812 3578 856 3635 De
865 3580 910 3634 in·
967 3579 1141 3635 substantia
1156 3595 1257 3635 rerum
1273 3580 1509 3651 sperandarum,
1525 3581 1600 3652 quia
1620 3580 1685 3637 bon

84 3673 236 3724 cremento
250 3667 329 3724 fidei.
338 3669 382 3724 De
396 3668 444 3723 his
458 3684 526 3741 quae
538 3668 693 3741 pertinent
704 3667 743 3723 ad
754 3667 911 3724 fidennhn
967 3668 1069 3725 sibilia
1084 3656 1152 3742 quae
1166 3685 1220 3742 per
1244 3672 1346 3725 actum
1371 3669 1508 3724 nondum
1531 3669 1685 3740 praesentis

84 3757 913 3829 abinitiosecundummutationemtemporum,mutats
963 3759 1027 3830 jam
1043 3758 1199 3831 perfidem
1214 3758 1246 3812 in
1263 3757 1404 3813 cordibus
1427 3758 1540 3813 nostris
1558 3756 1685 3813 subsisti

85 3846 125 3901 sit
137 3846 212 3900 tides
222 3845 550 3911 credentiquuidsit
561 3845 708 3917 quonihil
722 3846 825 3902 minus
841 3862 912 3902 vera
966 3847 1034 3920 ipsa
1048 3846 1122 3903 tides
1136 3862 1242 3902 eorum
1256 3845 1389 3901 innubis
1402 3845 1602 3902 subsistentia
1616 3860 1685 3903 eoru

84 3933 159 3988 tides
174 3948 312 4004 unquam
327 3932 440 3988 hahere
452 3935 563 4005 potuit.
580 3934 624 3989 De
639 3939 830 3991 sacramento
842 3935 912 3990 fidei
967 3936 1043 3992 Cum
1059 3937 1141 3992 enim
1156 3952 1204 3991 res
1218 3935 1363 4007 qualibet
1377 3935 1458 4006 apud
1474 3950 1530 3990 nos
1544 3934 1685 3990 subsiste:

84 4023 114 4075 et
125 4019 490 4092 virtuteipsius.Slngula
499 4036 554 4076 suo
563 4021 908 4095 ordineprosequamur.
965 4040 1019 4098 per
1043 4028 1156 4095 actum,
1177 4025 1304 4096 quando
1331 4023 1470 4079 videlicet
1501 4028 1672 4096 praesentes

303 4107 376 4164 Gne.
393 4107 694 4180 incarcerandos.
966 4113 1275 4186 comprehenduntur,
1299 4113 1348 4169 vel
1371 4129 1425 4185 per
1447 4113 1646 4182 intellectum,
1669 4128 1685 4185 q

120 4199 217 4253 Fides
229 4202 287 4267 est,
301 4200 336 4253 ut
351 4196 394 4252 ait
408 4196 584 4269 Apostolus,
598 4199 786 4254 substantia
798 4214 912 4256 rerum
967 4203 1118 4270 absentes,
1129 4201 1177 4257 vel
1190 4201 1282 4257 etiam
1299 4217 1359 4257 non
1375 4202 1541 4257 existentes
1551 4203 1583 4256 in
1594 4200 1685 4258 simili

84 4288 580 4357 sperandarum,crpumentum
596 4301 662 4342 non
677 4290 910 4357 apparentium
967 4306 1023 4346 sua
1035 4291 1108 4345 etin
1121 4291 1256 4362 imagine
1271 4307 1324 4363 per
1337 4290 1525 4346 intellectum
1545 4291 1685 4362 capiuntr

88 4376 192 4448 (Hebr.
204 4377 271 4446 xri).
287 4375 318 4431 Si
329 4390 382 4447 per
397 4375 486 4431 fidem
511 4390 546 4431 ea
573 4390 642 4446 quae
666 4375 831 4431 creduntur
843 4377 911 4447 lide,
968 4379 1060 4434 etiam
1074 4395 1129 4450 per
1146 4380 1377 4451 experientiam,
1387 4379 1511 4451 quando
1527 4395 1562 4434 ea
1577 4394 1646 4451 quaa
1657 4378 1685 4434 in

39 4524 41 4528 Α
88 4465 259 4534 significata
273 4464 474 4534 intelligimus
488 4463 579 4535 (sicut
602 4480 656 4537 per
671 4464 821 4521 visionem
837 4482 911 4521 non·
967 4470 1039 4522 sunt
1053 4467 1229 4522 sentiuntur
1257 4468 1384 4537 acoleia,
1396 4467 1685 4538 utestgaudium,tr

89 4568 257 4623 numquam
272 4567 333 4607 non
349 4566 416 4607 earn
429 4567 491 4623 qua
505 4552 654 4622 videmus,
671 4553 723 4608 scd
738 4555 819 4626 quod
834 4554 913 4610 vide·
967 4555 1059 4610 timor
1071 4559 1101 4611 et
1116 4572 1213 4626 amor,
1220 4572 1288 4628 quur
1296 4557 1471 4612 subsistunt
1483 4557 1516 4611 iu
1528 4556 1617 4612 nobis
1630 4559 1685 4612 ets

88 4654 157 4694 urus
172 4639 348 4713 accipimus)
365 4640 579 4696 convenienter
589 4640 664 4697 fides
678 4642 852 4698 substantie
866 4659 910 4699 re·
967 4648 1017 4700 tur
1041 4660 1059 4699 a
1082 4646 1191 4701 nobis:
1209 4645 1294 4701 nullo
1309 4646 1420 4701 horum
1443 4645 1602 4701 modorum
1626 4644 1685 4701 inv.

87 4742 155 4782 rum
175 4730 395 4800 sperandarum
409 4728 531 4799 dicitur,
547 4728 620 4801 quia
638 4729 696 4786 tide
711 4746 747 4786 ea
761 4746 829 4803 qum
841 4745 911 4788 vere
926 4748 954 4803 D
968 4733 1025 4789 Dei
1039 4734 1338 4807 comprehenduntur
1362 4751 1380 4788 a
1405 4735 1494 4790 nobis
1517 4750 1586 4806 quac
1600 4733 1683 4791 credi

87 4815 913 4891 subsistuntbonasperantibusetexspectantibusilla
966 4828 1097 4895 possunt
1107 4822 1321 4896 comprehendi
1332 4823 1457 4878 omnino
1469 4839 1530 4878 non
1538 4824 1679 4894 possunt.

84 4908 216 4961 ventura
230 4904 405 4961 creduntur.
417 4906 591 4964 Secundum
602 4923 694 4979 qnam
706 4908 911 4981 acceptionem
967 4912 1048 4967 enim
1069 4915 1139 4968 actu
1161 4913 1326 4985 praesentia
1348 4915 1421 4967 sunt
1435 4915 1470 4967 ut
1490 4927 1582 4968 sensu
1598 4926 1685 4985 comp

86 5008 147 5048 non
158 4992 410 5048 irrationabiliter
420 4996 512 5051 etiam
524 4999 740 5067 oruamentum
750 5012 812 5052 non
825 5011 915 5069 appa·
967 5000 1090 5070 dantur,
1101 5001 1175 5073 qnia
1188 5017 1243 5057 nee
1254 5016 1379 5073 corpora
1390 5005 1463 5055 sunt
1473 5016 1528 5055 nec
1539 5001 1573 5055 in
1585 5015 1685 5072 corpor

84 5081 218 5136 rentium
233 5080 345 5136 dicitur
352 5097 361 5150 ;
377 5083 451 5153 quia
475 5099 543 5155 quac
558 5084 676 5140 ratione
691 5084 828 5141 humana
851 5100 913 5140 non
968 5090 1150 5145 subsistunt.
1160 5090 1266 5162 Neque
1280 5088 1521 5145 insimilitudine
1530 5087 1685 5160 aliquaim

85 5169 381 5243 comprehendimus,
396 5170 461 5226 sola
475 5172 533 5227 fide
558 5173 648 5228 nobis
670 5174 828 5230 credibilia
849 5189 913 5230 esse
967 5176 1070 5233 biliter
1084 5179 1123 5234 ab
1136 5179 1239 5234 animo
1252 5176 1467 5251 comprehendi
1477 5181 1614 5250 possent,
1622 5176 1685 5250 quir

86 5264 115 5316 et
130 5276 201 5315 vera
215 5259 445 5332 persuademus.
461 5259 547 5325 Quod
562 5262 589 5316 si
607 5261 686 5316 hanc
700 5261 912 5320 diffinitionem
968 5281 1089 5321 omnem
1100 5266 1333 5323 similitudinem
1343 5270 1539 5338 etcorporum
1550 5270 1580 5321 et
1591 5280 1683 5338 corpo

88 5349 252 5406 ullomodo
268 5348 449 5421 exponimus
464 5363 629 5420 possumus
639 5349 737 5404 dicere
747 5351 914 5423 quodfides
968 5370 1030 5410 suae
1042 5354 1247 5412 divinatitatis
1257 5360 1287 5412 et
1298 5355 1442 5428 puritatis
1451 5354 1630 5410 excellentia
1641 5358 1685 5410 tra

88 5454 149 5495 non
165 5439 197 5494 in
213 5454 247 5494 co
262 5437 344 5510 quod
358 5436 409 5505 sit,
425 5436 477 5491 sed
492 5437 574 5508 quod
597 5438 690 5492 iaciat
704 5437 863 5509 diffinitur,
879 5444 914 5494 ut
968 5444 1054 5499 dunt.
1080 5437 1186 5516 Neque
1209 5444 1468 5517 quemadmodum
1487 5443 1542 5499 illa
1567 5458 1636 5515 quae
1659 5442 1685 5499 ir

90 5527 130 5581 sit
146 5543 264 5583 sensus.
280 5526 370 5583 Fides
383 5530 429 5582 est
442 5525 626 5594 substantia,
641 5526 731 5582 idest
746 5527 912 5583 subsisten·
968 5536 1041 5587 sunt
1053 5536 1083 5588 et
1099 5534 1275 5589 sentiuntur
1301 5550 1319 5588 a
1343 5533 1452 5602 nobis;
1474 5533 1622 5605 quoniam
1646 5547 1685 5589 ne

91 5616 144 5684 tia,
158 5631 259 5672 rerum
279 5615 509 5689 sperandarum,
521 5614 554 5670 id
567 5620 614 5670 cst
625 5616 799 5672 futurorum
819 5617 912 5672 bonc-
968 5620 1142 5677 substantia
1153 5623 1248 5677 animi
1259 5627 1342 5690 sunt,
1353 5637 1451 5694 neque
1462 5621 1498 5677 dc
1509 5621 1557 5677 his
1568 5636 1638 5694 quae
1649 5620 1683 5677 in

93 5719 173 5775 rum,
186 5720 255 5776 quae
269 5710 399 5762 ventura
411 5707 574 5780 sperantur
586 5721 604 5760 a
616 5706 716 5778 nobis,
727 5710 757 5763 et
768 5722 837 5780 quae
850 5707 914 5764 sola
968 5710 1151 5768 subsistunt.
1168 5711 1247 5783 Ergo
1260 5711 1319 5768 fide
1331 5710 1395 5768 sola
1410 5711 1585 5769 subsistunt
1598 5710 1633 5769 in
1646 5724 1685 5768 no
