3742 6082
115 207 167 263 039

490 198 643 254 HUGONlS
663 199 708 252 DE
729 196 758 252 S.
776 189 927 287 vicaonis
946 186 1022 244 ῠΡΡ.
1042 189 1130 246 PARS
1150 190 1196 246 lll.
1222 218 1257 233 ·-
1277 191 1436 248 ulsncn.

1781 184 1830 246 tlt

115 326 144 379 et
157 320 233 376 bene
249 316 448 387 subjungitur,
457 332 517 370 non
532 320 574 369 est
586 315 691 369 satiram
704 312 777 379 filice
789 306 944 364 Cnaldno-
961 305 1061 359 Anien
1072 307 1135 374 ejus
1148 313 1174 363 et
1190 307 1268 363 disce
1282 306 1485 375 prudentiam,
1507 320 1582 376 qliae,
1608 320 1676 360 curn
1699 320 1761 360 rien
1783 304 1832 361 la

115 425 184 465 rurn
195 422 206 480 ,·
219 407 290 479 quia
307 423 385 478 serpe
401 405 492 459 homo
506 402 588 474 apud
602 401 676 456 alios
690 404 771 454 tanto
785 395 881 464 magis
896 391 945 447 ‹lc-

117 503 236 572 spectus
250 496 386 563 habetur,
401 497 516 566 quanto
532 491 629 561 magis
643 489 722 562 apud
741 488 873 559 scipsum
893 499 946 554 per

117 592 265 644 tumorem
282 582 458 651 arrogantia
475 579 634 643 extollitur,
661 583 692 633 ut
714 576 873 648 impleatur
897 570 945 626 illa

118 679 261 733 sententia
275 670 481 742 veritatisque
496 670 602 725 (licitur
617 687 622 723 :
639 669 739 723 Orrmis
755 667 807 737 qui
819 680 849 719 se
864 662 945 717 caal-

118 772 162 822 tat
176 763 394 829 humiliabitur,
411 766 437 815 et
453 761 548 814 errrrris
563 760 656 829 quise
671 757 810 812 letemilial
830 752 945 808 cralto-

117 854 197 908 lritur
212 852 295 921 (Luc,
311 850 381 920 xiv).
412 852 451 904 lte
473 864 534 919 quo
558 847 657 902 ailliuc
680 843 861 899 subinfertur
875 856 945 895 cum

116 941 222 997 dicitur
238 958 244 996 :
261 940 345 1007 Sede,
362 943 437 1008 tace,
453 941 535 993 intra
549 936 694 1000 tenebras,
710 935 776 1002 iilia
790 931 946 987 Clietdree-

115 1047 194 1099 runt,
209 1031 281 1101 quia
296 1045 356 1085 nen
371 1029 520 1084 caeteteris
538 1029 620 1080 ultra
640 1026 760 1079 donnae
785 1037 945 1091 rapueram

116 1121 185 1191 (Isa.
200 1120 298 1190 xtuli).
317 1122 422 1186 lingna
436 1117 546 1173 etenim
561 1121 629 1171 tunc
645 1114 798 1169 lierninem
808 1110 944 1166 conlusio

116 1209 259 1280 sequitur,
275 1207 399 1280 quando
414 1223 444 1261 se
460 1206 499 1262 al)
515 1205 579 1260 aliis
601 1203 714 1274 ‹lespici
735 1201 825 1262 sidet,
856 1199 945 1255 etiam

115 1313 170 1370 pro
186 1313 220 1352 eo
233 1296 263 1351 in
277 1313 338 1368 quo
353 1297 416 1368 ipse
432 1295 583 1365 gloriatur.
602 1293 657 1347 Sed
682 1290 752 1363 quia
777 1288 898 1344 lascivia
918 1292 945 1342 ct

116 1386 253 1442 mollities
270 1386 369 1441 amica
383 1389 426 1440 est
440 1384 619 1456 procacibus
642 1387 670 1437 et
684 1379 830 1452 superbis,
853 1378 945 1433 incre-

115 1480 188 1547 pata
204 1474 384 1543 arrogantia,
399 1473 552 1528 lasciviam
565 1473 653 1528 etiamn
667 1469 763 1541 algisii
785 1485 853 1523 cum
876 1468 946 1521 suli-

112 1563 212 1634 jungit
227 1580 232 1617 :
250 1564 331 1618 Tolle
345 1564 465 1631 arolam,
478 1564 553 1618 mute
569 1563 715 1631 teatinam,
739 1558 857 1613 clrnruda
884 1564 944 1611 tur-

1000 389 1064 444 icat
1078 391 1192 457 ducem,
1208 407 1262 447 nec
1270 397 1493 461 praeceptorem,
1509 405 1562 449 trec
1572 391 1759 459 principem,
1780 405 1831 458 pa-

999 479 1047 528 rat
1063 480 1165 531 astarte
1180 477 1278 531 citum
1289 476 1354 544 siti,
1369 481 1396 531 et
1412 480 1574 546 conprepat
1594 473 1675 545 quod
1697 475 1832 530 comedat

998 556 1027 612 in
1044 559 1141 614 hieme
1157 561 1256 631 (Prae.
1273 564 1324 621 vit.
1340 564 1412 615 ltcm
1428 559 1464 615 de
1480 559 1586 631 pigro:
1607 558 1691 614 Sicut
1714 565 1832 615 acelina

998 643 1147 713 dentibus,
1163 647 1305 716 elicimus
1321 646 1424 710 areclis,
1449 646 1492 700 sic
1516 645 1602 714 piper
1625 643 1661 698 iis
1676 644 1731 714 qui
1749 645 1833 700 raise-

998 734 1069 782 ruat
1085 730 1170 784 illum
1187 731 1288 796 (Prae.
1301 729 1340 801 x).
1360 732 1392 785 Et
1405 729 1441 783 de
1455 727 1621 783 dissoluto:
1638 727 1750 783 Marcus
1764 729 1832 797 sar-

999 813 1071 868 tium
1087 814 1300 882 claririnalitur,
1317 829 1383 886 qrra’
1399 819 1497 870 antem
1508 813 1631 869 remissa
1642 817 1695 878 est,
1709 813 1832 868 tributis

998 898 1104 952 seruiet
1116 900 1216 964 tl’roe.
1227 899 1330 969 sistit
1342 896 1449 952 iterum
1464 897 1500 953 dc
1517 896 1601 969 pigro
1619 915 1625 951 ε
1647 897 1716 951 Vult
1733 903 1760 953 el
1772 914 1831 953 non

999 983 1063 1035 vim
1078 983 1177 1051 piper,
1205 984 1307 1039 aniam
1327 988 1425 1038 aretem
1451 983 1638 1051 operantium
1664 981 1832 1053 imptnpua-

1000 1065 1080 1120 eitra·
1101 1067 1199 1130 (Pron.
1216 1074 1287 1138 suri
1306 1070 1434 1122 Rursum
1445 1065 1481 1120 cle
1497 1064 1645 1121 dissoluto
1663 1085 1669 1120 ε
1688 1065 1748 1134 Oai
1760 1067 1830 1122 rnol-

1000 1150 1035 1204 lis
1049 1157 1076 1206 et
1091 1152 1253 1207 (lr'ssalatus
1262 1158 1304 1207 est
1315 1153 1346 1206 in
1358 1167 1444 1221 opere
1454 1167 1517 1221 stro,
1532 1151 1634 1220 irater
1647 1156 1688 1206 est
1700 1165 1756 1205 saa
1767 1167 1830 1221 ape·

997 1249 1034 1288 ra
1045 1235 1218 1305 dissipantis
1241 1237 1342 1306 (Prae.
1372 1236 1461 1307 xviri).
1490 1239 1562 1290 ltem
1587 1234 1624 1289 ‹le
1648 1234 1737 1307 pigro
1752 1251 1758 1290 ε
1774 1234 1828 1290 At-

998 1320 1113 1375 sramtit
1124 1322 1211 1390 piper
1226 1336 1347 1375 inanum
1364 1336 1448 1375 sicam
1461 1320 1514 1375 sert
1530 1321 1653 1389 ascella,
1667 1325 1694 1375 el
1714 1318 1828 1375 laborat

998 1405 1024 1457 si
1038 1405 1078 1458 ad
1092 1421 1122 1459 os
1135 1421 1221 1460 serrem
1231 1405 1415 1474 applicuerit
1430 1419 1493 1460 earn
1517 1403 1619 1474 (Prae.
1635 1402 1708 1474 xix).
1736 1407 1826 1459 ltem:

998 1488 1151 1544 Desideria
1162 1489 1302 1544 accidunt
1315 1491 1447 1559 piprnm,
1462 1489 1625 1544 statuerunt
1648 1489 1729 1544 enim
1748 1488 1827 1559 quid·

999 1588 1087 1642 qrrcun
1102 1588 1207 1628 nranus
1220 1577 1283 1641 eires
1299 1574 1421 1642 operari
1435 1573 1537 1644 (Prae.
1551 1572 1624 1641 sm).
1650 1574 1683 1628 Et
1698 1572 1803 1628 iterum
1818 1588 1825 1628 ι

110 1654 291 1722 pitudiuem,
315 1653 482 1721 discooperi
508 1654 675 1714 lnmrernm,
706 1649 807 1704 tercia
839 1658 980 1716 crurass
1000 1658 1177 1727 [ιῑςῑιρρῃρν
1198 1673 1209 1713 ,·
1223 1660 1280 1712 Lep
1295 1664 1336 1713 ese
1353 1659 1384 1711 in
1401 1659 1458 1726 reip,
1486 1659 1517 1712 tp
1539 1657 1634 1712 predio
1658 1657 1825 1726 platearum

116 1744 214 1798 transi
223 1743 361 1811 (Iuntina,
375 1743 445 1812 arcia
461 1742 542 1796 ultra
558 1757 617 1795 rien
640 1739 789 1795 crocrrtreris
802 1738 901 1792 rrroltis
918 1744 944 1791 ct

117 1836 218 1886 tenera
233 1830 338 1903 (ibid).
355 1833 452 1892 Quam
466 1830 501 1884 sit
514 1845 585 1898 ergo
601 1827 719 1882 odibilis
742 1825 824 1897 apud
852 1827 945 1880 Deum

115 1917 239 1975 lascivia
251 1923 278 1973 ct
290 1918 466 1991 procacitas,
484 1934 518 1972 ex
537 1918 593 1972 lioc
609 1920 744 1988 patainei·
768 1914 942 1978 ostenditur,

115 2006 199 2080 quod
226 2007 376 2080 Scriptura
400 2012 460 2062 tam
482 2006 614 2061 districta
638 2003 897 2059 animaduersione
918 2009 946 2056 et

116 2096 312 2167 dejectionem
323 2096 544 2167 arrogantibus
559 2101 587 2150 el
601 2094 791 2166 asperitatem
804 2091 945 2146 mollibus

117 2193 365 2261 superventuram
394 2189 603 2244 comminatur.
648 2186 721 2240 Hinc
750 2189 793 2239 cst
825 2200 945 2238 rursum

115 2278 198 2350 quod
214 2295 267 2350 per
282 2279 423 2334 eumdem
440 2278 545 2333 isaiam
559 2281 661 2331 contra
677 2273 803 2329 lascivos
827 2279 855 2330 ct
878 2289 946 2345 pro-

116 2362 201 2423 caces
215 2368 322 2423 dieitur
337 2385 343 2422 :
363 2369 437 2423 Ha’c
457 2368 529 2421 dicit
553 2367 696 2429 Qorrrinus
711 2379 722 2419 .·
743 2365 804 2418 Pro
819 2379 851 2419 eo
866 2363 946 2434 pared

115 2458 237 2513 clarata
251 2463 320 2512 sarit
334 2458 406 2525 filia
419 2457 500 2523 Sion,
526 2462 553 2511 et
573 2455 802 2509 arnltclaeernnt
826 2457 945 2507 calente

116 2546 204 2615 cello,
220 2551 247 2601 et
263 2546 385 2601 trictibus
407 2547 561 2600 cecderunt
587 2543 668 2598 tanin
693 2547 719 2597 et
746 2541 943 2610 plaudebant,

117 2635 324 2703 anrbrclalraut,
336 2641 362 2689 et
375 2634 499 2703 petillius
514 2635 575 2688 sais
589 2632 747 2701 canrposita
759 2631 858 2700 pirata
869 2631 946 2684 ince-

117 2721 406 2790 tlcbant,deealualrit
421 2724 564 2776 Dominus
576 2722 712 2777 uerticem
726 2720 859 2786 tiliarum
875 2718 945 2772 Sion

118 2810 186 2881 (isa.
200 2814 251 2882 nr).
266 2811 471 2867 Ambulabeat
486 2816 604 2867 eateuto
615 2811 692 2864 cella
703 2814 730 2864 et
742 2808 862 2862 nudibus
878 2823 945 2861 octr-

118 2900 275 2970 leram,hic
290 2905 409 2956 notatur
423 2899 603 2969 arrogantia.
613 2899 698 2953 lbrrrrt
710 2903 736 2960 et
747 2896 942 2966 plerrdetmut,

1000 1742 1176 1797 occidendas
1190 1758 1253 1797 secra
1280 1744 1379 1812 (Pron.
1396 1750 1477 1812 xxii).
1505 1745 1576 1796 item
1593 1758 1599 1795 :
1616 1741 1701 1796 Sicut
1724 1742 1823 1797 ostiam

1000 1827 1030 1880 in
1044 1827 1167 1881 cardine
1180 1843 1242 1896 scen,
1265 1829 1307 1881 sic
1319 1828 1407 1895 piper
1422 1827 1550 1882 uertitur
1573 1827 1605 1880 in
1627 1827 1704 1881 lecto
1730 1827 1823 1895 (Pron.

998 1917 1087 1987 xxvi).
1104 1915 1271 1971 atlanteo
1288 1915 1492 1982 Ecclesiastico
1515 1914 1552 1969 tle
1579 1916 1675 1986 pigro,
1702 1914 1786 1969 tardo
1800 1919 1826 1970 ct

999 2004 1143 2059 dissoluto
1156 2004 1263 2059 <licitur
1280 2022 1285 2059 :
1303 2006 1339 2059 ln
1364 2005 1463 2073 lapide
1479 2006 1558 2059 litteo
1576 2004 1765 2072 lapidabitur
1783 2005 1825 2072 pi·

998 2110 1062 2163 per,
1076 2100 1102 2149 et
1119 2109 1217 2150 orrrrres
1233 2096 1393 2165 loqueretar
1416 2109 1506 2163 snper
1531 2095 1772 2163 aspernationem
1793 2093 1825 2147 il·

1001 2183 1068 2237 lias.
1082 2185 1123 2238 lle
1137 2191 1265 2239 stercore
1281 2183 1365 2238 batem
1383 2183 1570 2252 lapidabitur
1577 2184 1675 2252 piper,
1692 2188 1721 2238 et
1736 2183 1824 2237 ornan

999 2273 1053 2342 qrri
1065 2272 1193 2342 tctiperit
1209 2274 1416 2333 etermercntiet
1431 2287 1616 2327 nranassues
1631 2271 1737 2342 (Eccli.
1747 2276 1823 2340 xxa).

1000 2362 1087 2417 llulla
1101 2366 1170 2417 sunl
1184 2362 1242 2417 alia
1258 2362 1281 2416 si
1296 2378 1471 2417 crinmcrare
1491 2362 1668 2433 velimque
1683 2360 1724 2416 ad
1736 2361 1824 2416 inore·

999 2449 1162 2521 potionem,
1185 2450 1232 2505 sel
1247 2451 1286 2505 ad
1301 2449 1468 2505 irrisionem
1490 2451 1598 2505 horum
1613 2449 1644 2504 in
1671 2448 1824 2521 scripturis

999 2539 1149 2607 (licuntur,
1175 2540 1211 2594 de
1231 2539 1342 2611 quilius
1362 2540 1425 2594 hree
1450 2539 1489 2594 ad
1503 2538 1743 2594 exhortationem
1756 2553 1826 2611 pne

1000 2632 1112 2684 sentem
1127 2628 1212 2683 vobis
1228 2629 1307 2684 dieta
1320 2628 1455 2684 suffic-erc
1468 2633 1604 2702 possunt.

1036 2717 1146 2773 Citatus
1172 2717 1218 2773 uel
1242 2718 1393 2790 inquietus
1421 2718 1508 2773 sirnul
1527 2724 1556 2773 et
1576 2717 1714 2772 turbidus
1729 2719 1826 2786 gestus

998 2823 1052 2880 per
1066 2807 1257 2864 Salomonem
1273 2807 1381 2862 iterum
1392 2807 1663 2880 reprehenduntur,
1678 2806 1740 2873 ubi,
1756 2805 1828 2861 sicut

997 2897 1061 2966 jam
1076 2896 1262 2968 insuperiori
1275 2897 1413 2968 exemplo
1425 2896 1712 2963 demonstravimus,
1720 2895 1758 2952 de
1766 2895 1826 2951 viro

116 2990 322 3056 ambulabant,
331 2996 358 3045 et
370 2990 494 3060 pedibus
506 2991 567 3044 ,stris
584 2990 743 3057 correptrsita
753 2987 852 3057 prada
866 2987 944 3040 iace·
966 3012 987 3068 c
1001 2990 1138 3058 apostata
1151 2985 1258 3042 dieitur
1276 3004 1282 3040 :
1296 2989 1391 3042 Horae
1400 2992 1548 3056 apostata,
1564 2987 1611 3042 eir
1625 2986 1827 3056 inutilispra-

116 3078 235 3145 debant,
251 3078 299 3133 hio
311 3082 430 3134 notatur
440 3078 572 3133 lascivia.
596 3077 753 3148 Sequitur:
770 3074 942 3131 decalcabit

115 3166 259 3222 Dominus
270 3169 407 3224 verticem
420 3169 554 3236 tiliarum
570 3168 652 3231 Sina,
665 3166 728 3220 laec
740 3169 785 3220 cst
796 3179 886 3235 poeim
899 3179 945 3218 ar·

114 3255 337 3324 rogantiumdt
348 3259 491 3311 Dorulaus
503 3257 614 3310 crinem
625 3269 728 3309 earum
741 3252 944 3320 rrrcclatrit,l1aec

115 3348 159 3398 est
170 3358 261 3415 poena
275 3345 475 3400 lasciviorum.
495 3347 525 3398 Et
540 3343 611 3415 quia
622 3344 685 3396 laec
701 3342 868 3396 villaluxus
880 3357 944 3411 pre·
967 3391 969 3395 ι

115 3431 261 3488 tiosarum
275 3437 402 3488 vestium
422 3433 507 3503 sequi
521 3431 604 3497 solet,
620 3446 710 3502 perna
732 3445 853 3501 quoquc
877 3429 942 3498 cJ'us

115 3522 296 3578 subinfertur
309 3538 377 3577 crim
393 3521 500 3576 dicitur
516 3537 522 3574 :
539 3520 574 3575 In
587 3520 634 3574 die
649 3520 704 3573 illa
715 3520 831 3587 uerteret
847 3518 943 3573 llerrri-

114 3627 169 3667 nas
184 3619 325 3668 ornatum
339 3613 608 3666 calceamentorum
624 3616 650 3665 et
669 3609 803 3674 luriculas,
829 3613 856 3663 ct
881 3613 942 3661 tor·

113 3717 192 3772 ques,
209 3707 236 3759 et
248 3703 384 3770 rrronilia,
401 3707 428 3757 ct
442 3702 590 3769 urrnitlas,
607 3706 633 3756 et
649 3701 765 3765 mitras,
787 3705 812 3754 ct
836 3698 942 3752 discri-

111 3793 279 3860 minalia,et
287 3792 491 3860 periscelidas,
501 3800 527 3846 et
539 3791 757 3858 nrrcrenulus,et
769 3787 941 3857 olfactoria,

112 3883 139 3932 et
154 3881 286 3946 inaures,
301 3886 326 3933 el
341 3882 479 3945 (retardes,
503 3887 529 3933 et
550 3895 680 3947 pcnurms
707 3881 735 3933 in
755 3881 856 3946 fiuntc
867 3892 941 3945 perr

112 3965 224 4031 dentes,
236 3970 262 4018 el
273 3969 446 4031 rnataturia,
457 3972 483 4020 et
493 3968 602 4033 pallia,
616 3968 802 4032 linteanu'na,
817 3971 842 4020 et
859 3982 941 4027 tritius,

115 4056 141 4107 et
154 4053 316 4120 speculum
331 4054 479 4117 sindones,
502 4060 528 4107 et
543 4055 628 4121 citas,
638 4060 664 4107 et
676 4055 818 4107 theristra
830 4059 874 4118 ‚·et
887 4055 940 4108 erit

111 4142 381 4213 praeuaricatore,
395 4143 493 4212 fetor;
506 4147 532 4198 et
545 4158 602 4211 pro
615 4157 701 4201 zerra,
717 4143 873 4211 farncutns
883 4157 894 4205 ‚·
914 4148 941 4197 et

1000 3076 1084 3130 ditur
1097 3092 1146 3131 ore
1153 3092 1306 3146 peruerse,
1322 3078 1430 3131 arrrruit
1441 3078 1545 3146 aculis,
1562 3077 1826 3146 terrendamque

1003 3165 1146 3235 loqtritnr,
1159 3181 1255 3234 praua
1271 3167 1358 3221 corde
1372 3166 1566 3221 martinatnr
1582 3167 1697 3221 rnalmn
1708 3170 1736 3222 et
1751 3164 1827 3220 omni

1001 3262 1131 3324 tmepore
1140 3257 1247 3326 jnrpia
1264 3257 1388 3311 serainat
1405 3257 1505 3325 (Prae.
1522 3256 1572 3326 vt).
1597 3255 1669 3310 lluic
1692 3253 1825 3327 exemplo

999 3346 1096 3400 ueniet
1109 3345 1234 3416 perutilia
1245 3362 1309 3410 sua,
1326 3362 1381 3400 nec
1395 3345 1519 3401 habehit
1535 3345 1610 3401 ultra
1631 3345 1822 3401 medicinam.

998 3436 1093 3498 Quam
1109 3434 1144 3489 sit
1159 3434 1237 3489 enim
1255 3435 1413 3506 perditioni
1428 3434 1592 3506 proximus,
1615 3435 1680 3506 ipse
1710 3451 1766 3490 sua
1783 3449 1825 3489 ae·

999 3523 1077 3579 tione
1093 3524 1371 3594 satisilomonstrat,
1388 3524 1439 3597 qui
1466 3541 1518 3596 per
1545 3515 1763 3597 inquietudinis
1790 3523 1826 3579 ui-

999 3613 1072 3668 tium
1088 3612 1117 3667 in
1133 3613 1292 3684 senretipso
1307 3629 1414 3684 pacem
1429 3614 1526 3685 perdit
1539 3614 1629 3668 etiam
1650 3613 1824 3687 prinsquam

997 3703 1068 3758 loris
1084 3702 1278 3757 ol‘rsistentem
1291 3701 1431 3758 inveniat.
1460 3706 1492 3758 lli
1505 3719 1568 3776 qua
1591 3703 1824 3776 praecipitandus

998 3794 1033 3847 sit
1048 3797 1137 3866 patet,
1163 3792 1185 3848 si
1210 3793 1399 3848 occasionem
1423 3792 1530 3848 luroris
1552 3792 1709 3857 invenerit,
1739 3807 1825 3866 quem

996 3881 1079 3937 nullo
1096 3881 1233 3937 turbante
1247 3881 1375 3937 exterius
1388 3897 1445 3936 sua
1459 3881 1539 3936 intus
1552 3880 1658 3936 leuitas
1681 3884 1712 3936 et
1735 3880 1826 3950 impa-

997 3970 1097 4026 tientia
1113 3970 1150 4025 ad
1174 3970 1305 4025 furorem
1321 3970 1502 4042 praecipitem
1527 3969 1615 4041 rapit.
1645 3969 1729 4026 Unde
1753 3968 1825 4023 hene

996 4064 1157 4130 postquam
1172 4059 1378 4115 inconstantiae
1388 4064 1417 4114 et
1431 4058 1555 4114 levitatis
1570 4058 1655 4128 signa
1670 4071 1826 4111 enumera-

996 4148 1046 4215 rit,
1072 4149 1192 4204 dicens:
1209 4151 1325 4204 Arrrrait
1347 4150 1441 4204 ceretis
1469 4150 1561 4219 dipita
1585 4147 1727 4218 loqrcitur,
1758 4147 1824 4202 terit

105 4246 165 4302 pro
176 4234 324 4303 crispanti
336 4234 428 4302 crine,
443 4234 596 4289 calvitium
608 4248 620 4301 ,·
632 4239 658 4287 et
671 4247 728 4299 pre
736 4233 835 4300 fascia
847 4237 942 4299 pecta
993 4240 1078 4307 pede,
1095 4238 1257 4293 novissime
1268 4239 1412 4294 imlicium
1426 4239 1533 4294 luroris
1544 4234 1825 4310 expressit,dieens;

110 4324 181 4390 tall,
197 4325 327 4379 cilicium
345 4323 451 4393 (ibid-l·
478 4325 549 4377 Ecce
564 4338 657 4394 (luam
673 4321 827 4389 ‘lllltlfflllffl'
840 4320 941 4376 omnia
959 4365 980 4418 D
998 4329 1085 4382 (inim
1099 4330 1343 4397 tcnrporejarpia
1358 4331 1494 4384 seminat.
1511 4328 1595 4392 Quia,
1618 4325 1695 4381 sicut
1715 4325 1826 4380 dictum

109 4412 249 4467 vanitatis
259 4411 390 4479 insignia
399 4415 563 4476 enumerat,
575 4413 676 4465 crtlnuc
686 4409 837 4479 inquibus
849 4410 941 4464 hoini-

110 4513 163 4552 nes
185 4499 299 4552 nullam
325 4498 372 4553 vel
397 4499 563 4553 admodum
588 4514 713 4570 paruum
738 4498 858 4570 culpam
874 4516 941 4555 esse

110 4589 226 4658 putant,
242 4581 480 4656 quam'tlistricte
494 4602 511 4640 a
526 4590 583 4640 lieo
604 4592 776 4658 permeatur,
793 4589 938 4644 ostcmlat.

89 4717 91 4722 -
146 4683 328 4739 Dissolutum
345 4687 374 4738 et
388 4683 507 4739 tardum
524 4685 664 4740 Salomon
689 4687 785 4756 argmt
808 4687 911 4742 dicens
932 4706 938 4742 :

109 4772 169 4827 Per
183 4786 290 4842 aprum
304 4773 430 4829 tamirris
443 4775 527 4844 pipri
541 4775 678 4840 transiet,
704 4782 732 4830 et
753 4791 810 4845 per
826 4778 939 4831 cineam

109 4861 168 4917 viri
178 4863 273 4929 stulti,
284 4868 311 4917 et
326 4878 391 4918 ecce
404 4869 497 4918 toturn
520 4866 709 4933 repleverant
734 4868 847 4928 urtica,
872 4880 940 4933 ope-

108 4953 427 5020 ruer¹anisuperficiem
440 4956 648 5022 ejusspinre‚et
660 4956 792 5009 uraceria
805 4955 940 5022 lapidum

108 5039 260 5096 destructa
273 5047 348 5097 erat.
366 5042 450 5108 (tired
464 5058 531 5097 crim
549 5044 694 5109 rielrssem,
711 5044 799 5111 positi
818 5044 850 5097 in
875 5059 940 5098 ιρι·-

108 5129 144 5185 de
157 5145 220 5186 mea
235 5137 261 5186 et
278 5133 414 5200 exempto
426 5131 521 5187 didici
531 5132 722 5201 disciplinam
734 5133 835 5203 (l’rou.
848 5133 939 5199 xxiv).

112 5219 266 5292 Usqueqaa
286 5223 376 5291 piper
398 5221 537 5290 dormies,
552 5237 702 5293 aspiraque
717 5223 866 5276 demuma
883 5238 941 5276 nou

109 5312 265 5379 consurpis
279 5313 293 5364 t
309 5310 408 5379 (l’rea.
425 5314 475 5381 vi).
503 5311 671 5366 Paululam
689 5310 827 5376 dorrnies,
853 5311 943 5363 arodi·

109 5412 173 5453 cum
183 5399 538 5467 dormitatispraecellitur
551 5415 656 5455 ricinus
669 5411 802 5451 conseres
812 5402 843 5450 ut
851 5399 943 5467 mdes-

108 5501 167 5555 cas,
181 5493 209 5542 et
225 5488 318 5542 ueniet
334 5504 420 5557 prieur
446 5503 550 5543 cursor
565 5492 676 5555 epestas
693 5491 755 5554 tua,
779 5490 806 5540 ct
829 5489 944 5542 literuli-

108 5572 558 5645 citastrraqnaeiuirarmatus
579 5575 680 5643 (Prae.
708 5578 799 5635 nstv).
829 5577 861 5630 nt
879 5592 943 5631 rur·
976 5566 980 5575 ¹

120 5672 174 5714 um
188 5675 200 5716 .·
216 5663 346 5721 Vadead
371 5665 539 5734 serenicum,
569 5676 585 5718 e
608 5664 710 5734 piper,
739 5669 766 5720 et
789 5666 946 5724 considera

996 4422 1049 4485 cst,
1066 4417 1198 4487 primum
1210 4432 1264 4488 per
1278 4416 1406 4473 levitatis
1419 4417 1523 4472 vilium
1546 4422 1575 4472 ct
1589 4414 1825 4488 inquietudinem

995 4522 1056 4578 pax
1071 4505 1193 4560 interme
1211 4507 1430 4579 tranquillitatis
1443 4505 1623 4572 dissolvitur,
1636 4521 1673 4560 ac
1691 4505 1735 4560 sic
1750 4504 1827 4560 dein·

995 4594 1156 4664 ‹longilata
1179 4612 1264 4651 mens
1280 4596 1311 4651 in
1338 4597 1457 4652 foveam
1481 4596 1589 4651 timoris
1614 4593 1824 4667 praecipitatur.

1000 4686 1141 4749 tirtamvis
1156 4686 1236 4740 enim
1251 4686 1281 4741 id
1296 4686 1395 4758 ipsum
1411 4685 1494 4757 quod
1520 4684 1603 4751 dixit,
1627 4682 1765 4752 graditm·
1779 4696 1825 4737 ore

995 4791 1145 4848 pervaso,
1155 4778 1264 4831 anarrit
1279 4777 1382 4843 rectilis,
1398 4779 1466 4832 terit
1473 4776 1559 4845 pede,
1573 4775 1668 4844 dipito
1683 4774 1824 4845 loqrdtur,

996 4869 1056 4919 tam
1072 4864 1178 4918 terroris
1193 4879 1286 4935 quam
1301 4864 1515 4936 inquietudinis
1529 4863 1651 4932 signum
1664 4861 1711 4930 sit,
1729 4867 1825 4919 nmen

995 4952 1120 5007 lacesse
1137 4950 1210 5006 solet
1227 4951 1302 5008 ordo
1316 4952 1501 5025 perditionis,
1530 4955 1563 5007 ut
1587 4950 1724 5024 primum
1738 4952 1824 5007 homo

996 5056 1048 5111 per
1060 5039 1514 5111 inquietudinem,constantiam
1529 5039 1685 5111 gravitatis
1698 5040 1824 5105 deserat,

996 5148 1030 5186 ac
1044 5134 1068 5188 si
1082 5133 1203 5188 tandem
1217 5150 1311 5205 usquc
1327 5135 1365 5189 ad
1381 5134 1599 5206 impatientiam
1610 5131 1723 5188 lusoris
1735 5147 1826 5189 erum·

996 5227 1056 5294 pat.
1084 5224 1175 5278 llalret
1204 5225 1292 5279 etiam
1322 5224 1369 5279 hic
1394 5230 1506 5294 gestus,
1532 5223 1563 5277 id
1580 5225 1626 5276 est
1647 5222 1826 5278 citatussire

998 5311 1156 5382 inquietae,
1170 5330 1238 5367 erun
1251 5312 1332 5368 molli
1352 5329 1387 5368 ac
1401 5312 1520 5385 procaci
1544 5310 1736 5379 affinitatem,
1759 5310 1826 5384 qma

998 5401 1100 5456 levitas
1116 5402 1278 5473 aliquando
1297 5402 1458 5468 lasciviam,
1484 5400 1648 5474 aliquando
1673 5401 1827 5474 impatien-

1000 5489 1070 5544 tiam
1085 5491 1231 5557 ‹lesianat
1249 5491 1399 5564 inquietus
1413 5497 1513 5559 aestus
1526 5489 1639 5546 lascivo
1666 5495 1695 5546 et
1709 5488 1825 5564 procaci

999 5582 1180 5649 concordat,
1207 5581 1282 5637 sieut
1309 5598 1361 5653 per
1386 5581 1578 5637 Salomonem
1611 5578 1722 5636 dicitnr
1750 5598 1757 5636 z
1786 5581 1825 5635 De

999 5671 1132 5739 fenestra
1146 5670 1249 5728 domus
1260 5686 1333 5729 mea
1342 5686 1400 5742 per
1413 5673 1562 5729 cancellos
1570 5673 1729 5742 prosperi,
1750 5677 1780 5728 ct
1789 5668 1827 5727 ui
