3742 6082
51 247 105 305 701
656 241 710 298 ΒΕ
729 237 836 297 ARCA
853 231 936 291 NOIl
953 233 1136 294 MYSTICA.
1707 240 1761 298 702

49 371 174 444 juvenis
192 369 283 425 flores
304 369 422 441 aspicit.
437 367 616 423 Autumnus
638 367 671 421 in
690 364 773 421 virili
787 367 877 420 aetate
889 355 917 412 Α
933 366 1077 422 machina
1089 367 1300 424 universitatis
1313 369 1346 423 in
1355 372 1441 441 parte
1451 370 1517 441 eJus
1532 371 1682 442 superiori
1696 368 1759 428 me'

52 474 216 532 expressus
239 458 358 513 fructus
384 456 513 511 naribus
538 455 680 511 admovet
707 457 737 509 et
763 453 876 508 olfacit.
930 456 1026 526 jesias
1048 471 1066 509 a
1090 455 1224 527 scapulis
1245 472 1380 526 sursum,
1404 457 1594 531 pedibusque
1619 459 1761 516 deorsum

52 548 161 604 Hiems
173 547 304 602 formam
320 544 402 600 senis
417 548 541 615 gestans
555 543 674 598 fructus
688 541 828 597 comedit.
841 540 880 595 Et
932 545 1081 614 eminens,
1103 548 1133 600 et
1152 547 1241 618 quasi
1266 547 1297 600 in
1322 546 1398 602 solio
1414 546 1522 603 sedens
1537 548 1698 604 formatur.
1715 549 1762 605 lta

52 651 160 694 omnes
186 651 207 690 a
232 634 347 690 lumbis
371 648 493 689 sursum
513 632 685 704 pinguntur
709 628 823 699 singuli
846 628 880 682 in
933 636 969 688 ut
993 635 1137 705 expansis
1160 632 1211 689 hic
1232 634 1304 689 iude
1327 633 1461 690 brachiis
1483 637 1587 691 omnia
1607 637 1763 693 continere

52 724 213 799 principiis
229 723 303 779 suis.

70 812 145 869 Cle.
163 811 227 867 XV.
243 815 287 866 De
296 811 501 880 proprietate
520 810 665 876 quatuor
679 811 861 874 temporum

221 901 316 968 anni,
332 903 364 953 et
378 898 584 952 conclusione
598 895 713 964 operte.

90 990 150 1046 Ver
164 988 259 1044 hahet
272 986 502 1043 delectationem
524 984 657 1053 aurium,
674 986 765 1039 aestas
779 982 879 1038 oculo·

54 1093 135 1148 rum,
151 1079 320 1132 autumnus
334 1072 505 1141 olfaciendi,
521 1071 620 1128 hiems
632 1070 776 1143 gustandi
782 1087 791 1140 3
807 1071 882 1142 quia

55 1166 314 1225 oblectamentum
325 1163 464 1235 pueritiae
473 1162 505 1215 in
516 1159 626 1217 auditu
637 1160 793 1228 doctrinae,
800 1158 881 1214 oble-

56 1258 245 1312 ctamentum
257 1251 430 1325 juventutis
440 1251 473 1304 in
483 1248 621 1320 exemplo
631 1248 744 1320 operis,
755 1246 883 1303 oblecta·

55 1347 196 1399 mentum
209 1340 306 1397 virilis
329 1339 429 1394 atatis
443 1337 476 1393 in
495 1337 634 1408 appetitu
648 1340 695 1391 eat
708 1335 881 1408 probitatis,

933 721 1084 777 videatur.
1099 721 1272 795 Tribusque
1287 722 1393 793 digitis
1407 738 1461 796 per
1475 723 1611 779 medium
1627 726 1763 782 extensis

934 809 1323 881 usqueaborbemterrae,et
1331 812 1631 884 ceterisinpalmum
1644 813 1763 870 reflexis

934 896 1763 971 coeloscouciuditEtindexteraquidemsuatenetthro·

934 985 1519 1061 num,quiobliquedeorsumdependet
1535 1007 1588 1063 per
1600 994 1679 1049 aeris
1694 1008 1762 1066 spa·

935 1075 1024 1143 tium,
1035 1091 1131 1148 usque
1142 1090 1236 1147 supra
1246 1075 1422 1133 eumlocum
1430 1077 1521 1134 ubiin
1530 1094 1605 1135 cono
1614 1081 1762 1154 inferiori,

936 1164 1016 1219 sicut
1023 1162 1169 1232 diximus,
1176 1163 1215 1219 ad
1221 1164 1360 1219 dextram
1366 1168 1481 1237 partem
1489 1166 1576 1223 electi
1587 1175 1763 1242 resurgunt,

936 1267 1014 1323 quos
1028 1255 1058 1307 et
1073 1251 1172 1323 augeli
1187 1252 1301 1308 ibidem
1318 1255 1481 1326 praeparati
1497 1256 1530 1311 in
1545 1257 1654 1313 coelum
1669 1260 1763 1315 susci·

935 1339 1628 1417 piunt.ideoqueinipeothronoscriptumeet:
1644 1349 1764 1419 Venite,

57 1432 315 1488 oblectamentum
331 1426 496 1483 senectutis
506 1426 539 1481 in
549 1424 736 1497 experientia
746 1424 881 1480 virtutis.
937 1429 1097 1483 benedicti
1116 1430 1229 1485 Patris
1254 1433 1329 1497 mei,
1340 1434 1501 1501 percipite
1524 1450 1663 1504 reanum
1679 1438 1765 1507 quod

56 1521 175 1576 Tenent
185 1522 216 1574 et
226 1513 488 1587 siugulisingulos
498 1514 571 1568 auni
581 1512 885 1584 quadrantesAEstas
938 1517 1025 1571 cobis
1033 1522 1262 1586 praeparatum
1278 1524 1327 1574 est
1337 1521 1377 1574 ab
1394 1522 1493 1577 initio
1504 1525 1618 1578 soeculi
1633 1524 1762 1595 (Mettis.

56 1611 140 1664 tenet
154 1606 352 1678 superiorem,
364 1602 720 1671 hiemeinieriorem‚ver
730 1601 882 1670 dextrum,
938 1603 1025 1673 xxv).
1042 1605 1077 1660 ln
1093 1605 1218 1661 sinistra
1230 1610 1333 1663 autem
1349 1624 1405 1664 sua
1421 1613 1503 1665 tenet
1511 1615 1675 1683 sceptrum,
1683 1613 1766 1685 quod

56 1693 402 1752 autumnnseinistrum.
417 1692 456 1747 Et
469 1692 502 1746 in
513 1690 643 1762 siugulis
657 1689 884 1762 quadrantibus
899 1699 926 1759 Β
938 1691 1082 1764 dirigitur
1095 1693 1236 1750 deorsum
1247 1711 1345 1768 usque
1356 1696 1473 1753 adeum
1484 1698 1658 1769 locum‚ubi
1668 1702 1765 1758 malos

57 1786 270 1840 extensaeenut
283 1780 372 1853 quasi
381 1779 449 1835 duae
458 1779 578 1836 chordae
592 1783 716 1852 propter
730 1779 884 1850 geminam
939 1781 978 1837 ad
993 1782 1150 1838 sinistram
1165 1789 1357 1854 resurgentes
1372 1784 1525 1843 daemones
1536 1788 1618 1845 obvii
1628 1790 1763 1862 rapiunt,
1844 1806 1847 1810 ’

58 1870 249 1943 singulorum
265 1869 493 1941 proprietatem,
506 1867 620 1940 quibus
632 1867 670 1923 ad
684 1866 815 1923 invicem
825 1865 884 1923 col·
940 1875 970 1926 et
981 1868 1051 1926 ideo
1061 1871 1093 1926 in
1109 1871 1177 1942 ipso
1191 1875 1309 1943 sceptro
1323 1874 1470 1945 scripturn
1484 1880 1530 1931 est
1545 1893 1551 1931 :
1563 1878 1621 1945 Ite,
1632 1881 1767 1935 maledi·

57 1961 129 2017 latis
145 1959 297 2015 musicum
312 1957 539 2013 octochordium
563 1956 755 2028 exprimitur,
771 1956 808 2011 de
824 1971 885 2028 quo
941 1961 995 2028 cti,
1010 1962 1046 2014 in
1062 1961 1170 2029 iguem
1186 1965 1359 2029 aeteruum,
1372 1965 1431 2031 qui
1440 1970 1584 2032 paratus
1599 1971 1648 2021 est
1662 1969 1766 2023 diabe-

59 2048 221 2106 harmonia
235 2045 401 2102 concordiae
417 2044 601 2102 universalis
614 2048 809 2116 temperatur.
826 2044 886 2100 Ver
942 2051 981 2116 lc,
998 2053 1030 2103 et
1043 2051 1171 2117 angelis
1184 2051 1255 2116 eius
1274 2049 1387 2120 (ibid).
1404 2050 1520 2108 Deinde
1543 2052 1625 2110 linea
1643 2068 1765 2126 genera·

61 2141 106 2195 est
120 2135 283 2193 humidum
303 2139 333 2190 et
352 2133 495 2191 calidum.
511 2133 614 2189 AEstas
628 2132 727 2188 calida
749 2137 780 2189 et
793 2133 882 2189 sicca.
940 2136 1035 2192 tionis
1048 2134 1088 2191 ad
1099 2135 1197 2192 Adam
1213 2149 1336 2193 sursum
1351 2142 1437 2194 extra
1449 2155 1551 2196 arcam
1562 2156 1616 2215 per
1629 2142 1765 2199 medium

60 2228 239 2284 Autumnus
263 2224 362 2279 siccus
383 2225 413 2278 et
434 2221 575 2293 frigidus.
592 2221 699 2277 Hiems
721 2221 833 2292 frigida
856 2224 887 2278 et
942 2224 1144 2297 prominentis
1158 2225 1227 2280 coni
1240 2225 1392 2297 usquead
1402 2227 1470 2283 oceli
1478 2229 1622 2286 verticem
1630 2230 1766 2287 extendi·

60 2313 198 2375 humida.
213 2312 251 2368 ln
265 2312 380 2384 quibus
393 2310 537 2366 omnibus
554 2310 652 2366 multo
666 2324 805 2367 sermone
818 2325 885 2383 pro·
942 2313 1003 2381 tur,
1013 2316 1043 2367 et
1051 2312 1127 2367 inea
1133 2327 1187 2384 per
1194 2311 1332 2368 ordinem
1341 2328 1394 2370 sex
1400 2315 1507 2371 rotulae
1516 2315 1714 2387 circinantur,
1722 2318 1767 2375 its

61 2408 129 2477 pter
142 2400 244 2474 operis
268 2397 481 2471 compendium
501 2397 757 2470 supersedebitur.
774 2397 809 2453 Iu
830 2397 887 2453 hoc
942 2404 978 2456 ut
989 2400 1159 2457 novissima
1171 2401 1270 2473 ipsius
1284 2416 1361 2458 arcae
1375 2403 1537 2460 introitum
1552 2405 1710 2478 complecti
1721 2406 1766 2462 vi·

61 2485 889 2561 eodemspatioduodecimventidisponnntur,singuiis
942 2486 1060 2544 deatur.
1077 2489 1148 2544 Istae
1163 2491 1265 2545 autem
1279 2505 1332 2545 sex
1355 2490 1464 2547 rotulae
1485 2493 1662 2564 exprimunt
1677 2508 1770 2567 opera

62 2577 253 2651 temporibus
277 2576 357 2632 terni
380 2575 522 2631 attributi
545 2574 603 2630 sub
627 2575 758 2631 aetherea
786 2573 887 2646 plaga,
944 2591 997 2632 sex
1008 2575 1137 2632 dierum.
1149 2576 1253 2632 Prima
1262 2592 1395 2649 namque
1403 2584 1508 2651 quaet
1516 2580 1770 2652 supremataliter

62 2667 153 2742 quasi
172 2666 315 2722 deorsum
338 2663 520 2737 praecipites,
536 2666 566 2718 et
589 2677 609 2717 a
629 2661 764 2736 scapulis
776 2661 889 2735 promi·
943 2664 1177 2735 figuraridebet,
1190 2663 1291 2737 qualis
1305 2664 1772 2741 fuitmundusprimadiequan·

61 2759 171 2813 nentes
179 2749 887 2824 alatisubsiugulismensibussinguliordinati.
944 2751 983 2807 do
993 2750 1050 2807 lux
1063 2755 1164 2808 creata
1178 2756 1234 2808 eet.
1246 2751 1395 2823 Secunda,
1407 2754 1531 2826 quando
1540 2754 1769 2812 firmamentum

61 2844 107 2901 De
121 2844 172 2900 his
187 2845 321 2916 quatuor
333 2844 408 2897 suut
422 2838 602 2908 cardinales,
617 2839 671 2911 qui
686 2837 799 2909 singuli
813 2837 890 2894 duos
944 2839 1026 2896 iuter
1039 2855 1136 2912 aquas
1145 2843 1176 2895 et
1190 2840 1430 2913 squaspositum
1440 2844 1496 2898 est.
1512 2842 1629 2912 Tertia,
1646 2843 1773 2915 quando

61 2930 220 2989 hincinde
234 2930 350 2988 habent
368 2929 587 2999 suffraganeos.
603 2927 630 2982 A
650 2926 749 2984 medio
763 2927 891 2985 orientis
945 2943 1034 3001 aquae
1046 2929 1079 2984 in
1091 2942 1188 2985 annm
1203 2927 1335 2985 collectae
1349 2932 1432 2997 sunt,
1444 2934 1474 2985 et
1486 2932 1567 2986 terra
1582 2930 1774 3001 germinibus

61 3021 118 3077 ilat
131 3018 317 3076 subsolanus
332 3017 409 3074 duos
432 3016 504 3073 hinc
524 3015 596 3072 inde
618 3014 736 3072 habens
749 3015 807 3071 sibi
820 3031 890 3072 con·
909 3017 1065 3090 creetita.
1081 3016 1209 3086 Quarta,
1222 3016 1346 3089 quando
1359 3016 1415 3085 ecl,
1437 3021 1468 3074 et
1479 3016 1564 3088 luna,
1577 3021 1608 3075 et
1621 3017 1717 3076 stellae
1732 3018 1776 3075 ia-

63 3108 253 3182 spirantes,a
268 3106 384 3162 dextris
393 3104 586 3173 vulturnum,
598 3119 616 3158 a
629 3103 764 3159 sinistris
773 3119 892 3161 eurum.
948 3109 1003 3163 ctae
1019 3109 1101 3162 sunt.
1118 3104 1242 3174 Quinta,
1259 3103 1383 3176 quando
1397 3105 1496 3178 pisces
1505 3105 1537 3162 in
1553 3120 1645 3179 aqua,
1656 3110 1687 3164 et
1701 3122 1774 3164 aves

63 3198 91 3253 A
107 3195 235 3253 meridie
245 3195 299 3250 ssat
314 3197 418 3249 auster
432 3192 496 3248 sive
510 3190 738 3258 notus,habene
749 3206 767 3246 a
779 3191 894 3248 dextris
947 3195 980 3251 in
995 3209 1063 3249 aere
1072 3192 1211 3249 collocati
1225 3195 1307 3248 sunt.
1317 3191 1419 3262 Sexte,
1430 3193 1554 3265 quando
1566 3194 1673 3251 bestiae
1685 3194 1775 3253 iactae

64 3288 259 3352 euronotum,
273 3282 371 3355 quiet
386 3283 576 3349 euroauster,
592 3295 611 3335 a
626 3279 762 3335 sinistris
776 3278 893 3335 libono-
948 3282 1067 3339 suntin
1081 3285 1163 3337 terra
1174 3283 1205 3336 et
1216 3280 1317 3337 homo.
1331 3280 1373 3337 Ut
1383 3281 1512 3338 verbum
1523 3282 1563 3338 ab
1573 3284 1774 3356 oremajesta·

67 3378 144 3443 tum,
159 3372 214 3445 qui
236 3373 267 3427 et
285 3373 390 3426 austro
413 3369 536 3425 cincus
553 3369 581 3424 A
601 3366 702 3423 medio
729 3366 894 3425 occidentis
947 3368 1773 3444 tisexeat,etomnisordocreaturarumsubsequatnr‚

67 3462 121 3518 flat
134 3460 298 3534 zephyrus,
313 3459 368 3531 qui
393 3462 424 3514 et
440 3456 584 3514 favonius
606 3455 724 3512 habens
739 3471 758 3510 a
778 3455 895 3512 dextris
948 3461 979 3513 et
1000 3457 1099 3530 ipsius
1122 3471 1200 3512 arcae
1221 3457 1377 3529 protensio
1402 3458 1557 3529 pertingat
1582 3472 1601 3514 a
1623 3459 1774 3533 principio

69 3550 197 3606 airicrun
212 3548 266 3621 qui
281 3544 545 3614 etlibs,asiuitris
554 3559 670 3614 corum,
684 3543 737 3617 qui
752 3547 782 3600 et
792 3559 896 3615 argen·
948 3545 1057 3601 mundi
1071 3560 1169 3617 usque
1184 3542 1326 3600 adfinem
1342 3544 1456 3613 saeculi,
1471 3559 1525 3616 per
1537 3545 1672 3601 medium
1684 3548 1773 3603 terrm

70 3641 124 3694 tes.
140 3638 168 3693 A
190 3635 291 3692 medio
311 3633 528 3708 septentrionis
553 3632 608 3688 fiat
622 3631 785 3704 aparctias,
798 3632 895 3703 quiet
949 3631 1106 3689 hincinde
1124 3631 1242 3689 habeus
1256 3631 1333 3701 loca,
1347 3635 1477 3701 montes,
1494 3631 1633 3700 flumina,
1649 3632 1774 3689 castella

72 3724 238 3800 septentrio
252 3723 371 3779 babens
384 3738 401 3777 a
414 3719 530 3776 dextris
544 3719 682 3788 circium,
697 3719 753 3792 qui
767 3723 798 3776 et
812 3719 894 3775 thre·
949 3725 979 3778 et
993 3719 1105 3793 oppida
1113 3719 1291 3788 constituta,
1303 3718 1342 3775 ad
1352 3723 1493 3775 austrum
1502 3718 1681 3791 AEgyptum,
1693 3725 1724 3776 et
1734 3720 1779 3777 ad'

72 3815 145 3882 cias,
153 3816 184 3868 et
192 3816 327 3868 trasceas
341 3809 390 3865 vei
404 3807 565 3877 thrascias,
576 3823 595 3862 a
609 3807 745 3863 sinistris
759 3807 895 3877 boream,
949 3807 1124 3882 aquilonem
1140 3806 1352 3879 Babyloniam.
1369 3807 1443 3864 Post
1456 3808 1520 3864 heec
1531 3808 1612 3865 circa
1626 3808 1774 3868 thronum

72 3902 124 3974 qui
141 3905 172 3956 et
186 3899 298 3972 aquilo.
312 3898 352 3954 llt
370 3895 555 3970 principales
569 3895 692 3967 quidem
716 3893 831 3966 singuli
845 3908 895 3966 ge·
950 3913 987 3954 ex
1008 3900 1140 3969 utraque
1158 3898 1255 3968 parte,
1274 3894 1354 3951 circa
1377 3895 1512 3952 medium
1536 3896 1598 3953 duc
1619 3897 1775 3971 seraphim

70 3982 893 4062 minisspirantcordibussuffraganeisiugnlisingulis.
949 3984 1130 4056 pinguntur,
1144 3982 1198 4055 qui
1219 3982 1355 4038 estensis
1368 3981 1426 4038 aiis
1440 3998 1562 4039 sursum
1587 3986 1618 4040 et
1632 3983 1774 4042 deorsum

71 4079 144 4136 Post
157 4078 224 4135 haec
244 4076 325 4132 alius
346 4075 446 4131 adhuc
459 4072 591 4129 circulus
604 4071 760 4144 predictis
774 4071 896 4129 duobus
949 4072 1056 4128 valant
1067 4073 1161 4143 caput
1174 4071 1346 4142 majestatis
1359 4075 1390 4127 et
1403 4071 1505 4144 pedes,
1520 4071 1598 4128 facie
1611 4075 1713 4130 tamen
1727 4074 1773 4129 iu·

70 4167 204 4223 sumnus
215 4164 465 4232 circumducitur,
481 4165 512 4219 et
525 4161 659 4235 epatium
670 4160 753 4233 quod
767 4158 897 4217 includit
950 4162 1187 4217 tectamanente.
1197 4158 1261 4215 Sub
1269 4158 1434 4215 alisautem
1441 4158 1595 4232 seraphim
1603 4160 1734 4233 desuper
1741 4162 1774 4216 iu

70 4271 123 4328 pro
138 4254 270 4310 aetherea
284 4252 376 4325 plaga
386 4251 543 4324 accipitur.
554 4249 589 4305 In
601 4265 663 4322 quo
674 4249 774 4322 spatio
784 4248 895 4306 duode·
951 4245 1776 4319 eospatio,quodestinterecapulasmajestatisetalas

69 4345 127 4400 cim
142 4357 264 4399 menses
278 4336 663 4412 disponuntursecundum
673 4337 811 4394 ordinem
826 4341 895 4393 tem·
910 4370 940 4430 D
951 4350 989 4392 ex
1002 4339 1132 4406 utraque
1145 4338 1232 4408 parte
1246 4332 1368 4390 ordines
1389 4333 1567 4404 angelorum
1583 4334 1775 4391 constituun-

69 4447 189 4505 porum,
198 4427 560 4487 etmensibusduodecim
569 4427 658 4497 signa
668 4429 896 4499 supponuntur,
952 4427 1003 4479 tur
1016 4438 1137 4492 novem,
1149 4422 1189 4478 ad
1200 4420 1466 4494 contemplandam
1480 4421 1589 4478 taciem
1604 4424 1776 4495 majestatis

68 4520 113 4577 ita
125 4525 161 4577 ut
174 4535 294 4592 semper
309 4519 341 4575 in
356 4518 456 4574 medio
481 4516 596 4572 mensis
615 4515 738 4586 signum
759 4515 896 4587 incipiat,
951 4511 1099 4567 conversi.
1115 4511 1187 4583 lpsa
1199 4524 1332 4581 namque
1342 4525 1463 4566 summa
1474 4514 1587 4566 etvera
1598 4511 1701 4567 unitas
1715 4525 1778 4568 me·

69 4611 100 4664 et
113 4623 279 4665 econverso
292 4607 406 4663 mensis
418 4606 451 4661 in
465 4604 566 4662 medio
581 4604 671 4675 signi.
682 4603 795 4661 atheo
809 4603 899 4674 signa
951 4599 1036 4655 dium
1052 4601 1082 4654 et
1091 4613 1268 4671 supremum
1277 4597 1378 4654 locum
1386 4598 1513 4655 obtinet.
1533 4597 1651 4655 Deinde
1657 4599 1778 4673 primus

70 4696 195 4768 singula
209 4695 340 4767 desuper
354 4694 483 4766 triginta
496 4692 642 4764 gradibus
652 4691 897 4762 distinguuntur,
951 4686 1025 4744 orde
1036 4685 1213 4757 augelorum
1223 4685 1551 4742 diadematehiuciude
1561 4686 1661 4757 binos,
1670 4702 1778 4745 secun-

69 4785 159 4842 initio
174 4784 305 4857 desuper
318 4785 443 4855 sumpto
457 4797 475 4837 a
497 4781 596 4855 primo
610 4779 708 4852 gradu
728 4779 842 4835 arietis.
860 4778 899 4835 ut
952 4775 1010 4832 dus
1022 4775 1095 4831 ordo
1108 4774 1180 4830 binc
1192 4773 1263 4829 iude
1275 4776 1379 4830 ternos
1386 4790 1394 4842 ;
1411 4775 1521 4830 tertius
1535 4775 1610 4831 erdo
1624 4775 1779 4835 hincinde

70 4873 114 4930 sic
124 4876 233 4930 eontra
244 4871 396 4927 mundum
407 4871 441 4926 in
451 4870 581 4927 circuitu
591 4866 744 4944 ordinatis
754 4866 899 4923 omnibus
953 4868 1133 4937 quaternos3
1149 4865 1279 4934 quartus
1292 4860 1366 4918 ordo
1378 4861 1532 4918 hincinde
1547 4864 1659 4935 quinos
1664 4880 1673 4936 3
1688 4867 1779 4938 quin·

70 4960 169 5033 signis
183 4959 337 5034 supinatis
350 4957 474 5032 quidem
491 4957 531 5013 ad
544 4958 646 5030 ipsum
660 4956 899 5025 firmamentum,
954 4956 1005 5008 tus
1018 4952 1093 5008 ordo
1107 4949 1263 5007 hincinde
1277 4964 1381 5019 senos,
1398 4954 1503 5006 sextus
1527 4951 1602 5011 orde
1623 4952 1780 5013 hincinde

70 5050 233 5107 mensibus
255 5052 359 5105 autem
373 5047 412 5104 ab
436 5045 575 5102 inferiori
587 5058 710 5100 sursum
726 5043 843 5112 erectis,
855 5043 902 5098 ita
954 5044 1110 5114 septenos;
1126 5037 1276 5112 septimus
1290 5037 1363 5094 ordo
1376 5036 1530 5097 hincinde
1544 5044 1684 5111 octonos;
1698 5047 1779 5100 ceta·

70 5143 106 5195 ut
129 5138 221 5210 signa
244 5136 368 5210 quidem
386 5149 510 5191 sursum
529 5147 620 5190 versa
643 5131 676 5187 in
695 5131 763 5203 ipso
776 5129 900 5199 circulo,
953 5144 1013 5185 vus
1026 5124 1417 5195 ordohincindenovencs;
1432 5143 1532 5186 nouus
1544 5130 1617 5186 ordo
1628 5130 1781 5185 hincinde

72 5227 127 5300 qui
137 5224 265 5300 aplanes
274 5224 398 5292 dicitur,
409 5227 491 5278 stare
500 5219 551 5277 vel
560 5218 718 5275 ambulare
727 5217 900 5276 videantur.
955 5217 1132 5284 denos,uta
1145 5216 1245 5289 prima
1256 5216 1375 5273 unitate
1386 5217 1520 5291 sitorigo
1534 5219 1681 5275 omnium.
1699 5217 1781 5274 litiu

69 5315 193 5373 Menses
202 5318 306 5370 autem
316 5317 387 5386 post
397 5311 461 5379 illa,
475 5313 505 5366 et
515 5309 574 5365 sub
582 5307 644 5364 illis
654 5307 687 5363 iu
698 5306 810 5363 rathere
822 5311 903 5365 stan·
955 5305 1089 5364 secunda
1098 5305 1218 5361 unitate
1228 5309 1458 5363 consummetur
1467 5307 1581 5362 creatio
1590 5303 1782 5375 augelorum,

71 5408 119 5461 tes
133 5406 314 5477 appareant,
321 5401 424 5474 sicque
436 5400 469 5455 in
479 5411 621 5471 supremo
631 5397 730 5467 signa,
736 5396 794 5452 sub
805 5397 903 5468 signis
956 5396 1011 5468 qui
1024 5393 1199 5452 simulsuut
1212 5397 1335 5451 centum
1347 5399 1378 5452 ct
1388 5398 1465 5450 octo.
1482 5393 1528 5449 De
1539 5391 1782 5464 singullsautem

71 5507 205 5562 menses,
221 5491 281 5548 sub
295 5489 454 5547 mensibus
467 5487 563 5557 venti,
578 5485 637 5542 sub
650 5485 751 5542 ventis
766 5487 904 5557 tempora
957 5484 1116 5540 ordinibus
1124 5481 1436 5554 singulislabentibus
1446 5485 1606 5538 remanent
1614 5479 1785 5552 nonagmta

73 5580 338 5637 demonstrantur.
357 5578 394 5634 In
413 5593 475 5651 qua
489 5573 706 5631 distributione
720 5586 834 5643 magna
847 5587 899 5627 na·
956 5585 1077 5641 novem,
1092 5570 1206 5644 quibus
1220 5569 1312 5627 hemo
1328 5571 1492 5627 centesima
1514 5570 1582 5626 ovis
1603 5567 1737 5642 additur,
1751 5574 1783 5629 et

74 5674 154 5728 turae
174 5669 265 5739 ratio,
288 5668 473 5740 effectusque
496 5664 646 5736 signatur,
667 5664 812 5733 totusque
835 5658 903 5717 coeli
958 5673 1090 5732 superna
1104 5659 1214 5716 civitas
1230 5660 1469 5715 consummatur.
1487 5657 1561 5714 Hac
1575 5658 1613 5715 de
1636 5672 1714 5716 arcae
1727 5675 1781 5717 nc·

75 5757 216 5817 ambitus
228 5756 275 5815 sic
287 5770 341 5829 per
355 5754 520 5828 perficitur.
537 5752 602 5810 Hoc
616 5750 707 5810 mode
728 5751 906 5811 constructa
959 5748 1030 5805 stra
1042 5745 1227 5819 demetiam
1239 5744 1641 5817 didmusmtsischtbaa.
1653 5744 1814 5798 assam
