3742 6082
64 233 116 286 ter
593 231 639 288 DE
659 230 848 290 Funeribus
868 233 993 291 CARNlS
1013 235 1056 290 ET
1075 234 1239 295 srtlttltis.
1314 253 1321 260 ·
1719 255 1772 310 aba

63 358 134 423 tere,
150 369 205 411 nee
215 353 403 410 bonumesse
415 369 460 423 ea,
472 370 540 428 quae
552 355 639 427 fiunt,
650 356 824 429 insipienter
835 356 892 413 ias·
910 358 1027 425 Atutis,
1043 358 1172 417 multum
1187 360 1306 421 diversa
1324 370 1447 424 currunt
1467 368 1526 438 ria,
1542 371 1594 444 qui
1609 389 1664 446 pro
1687 377 1774 432 noris

63 444 159 500 tidire.
174 443 229 510 Qui
242 442 322 500 enim
337 458 457 516 semper
471 445 554 517 quod
569 461 631 503 non
645 446 715 503 lacit
729 447 850 521 appetit,
866 450 894 502 et
947 453 1047 505 vetera
1062 449 1216 522 abjiciunt,
1242 453 1337 527 etqui
1360 455 1400 511 ab
1420 454 1609 518 interioribus
1624 463 1664 518 nd
1685 480 1773 538 supe-

62 536 145 607 qnod
161 535 231 590 lacit
251 532 403 607 fastidivit,
422 551 478 592 neo
495 536 690 608 presentibus
705 537 821 607 fruitur,
837 553 893 594 nee
947 538 1026 594 riora
1039 539 1255 598 conscendunt.
1272 541 1328 608 Qui
1341 543 1422 602 enim
1437 548 1633 607 mutationem
1657 553 1774 627 querit,

62 623 169 682 futuris
189 623 321 680 satietur.
339 625 481 682 inchoata
504 625 583 682 enim
607 630 676 682 ante
700 641 893 683 consumma·
947 625 1119 684 fastidiosus
1138 634 1182 686 est
1203 630 1280 688 sicut
1300 632 1354 705 qni
1376 634 1543 707 profectum
1571 626 1776 715 appeu't,'stu-

63 714 175 771 tionem
190 713 309 781 deserit,
325 718 353 770 et
373 712 545 771 inchoanda
568 719 636 772 ante
651 720 770 788 ternpus
785 731 893 790 appre-
948 715 1052 773 diosus
1066 722 1119 774 est.
1136 719 1306 778 Rectissime
1320 737 1392 793 crgo
1406 724 1527 795 incedit,
1542 728 1595 800 qui
1608 729 1650 786 sic
1665 736 1709 790 est
1719 732 1776 790 ler-

62 803 175 860 lrendit.
190 805 348 876 Propterea
363 803 479 861 bonum
494 809 538 860 est
551 802 633 861 bono
657 821 713 861 suo
732 821 798 862 esse
821 821 893 863 con·
947 822 1021 863 vens
1033 807 1073 863 ad
1087 807 1205 880 melius,
1219 814 1252 868 ut
1266 810 1298 868 in
1312 811 1394 871 bono
1409 830 1471 870 non
1484 815 1520 871 sit
1531 816 1711 890 fastidiosus,
1722 822 1776 879 sed

63 897 189 963 tentum,
206 897 235 948 et
254 893 414 966 praesentia
432 893 514 950 bona
539 893 815 967 supervenientibus
838 895 893 952 bo·
948 896 1092 955 sustineat
1105 897 1198 971 prius,
1213 897 1311 961 donec
1324 903 1472 976 posterius
1495 910 1627 980 tempore
1650 924 1705 966 suo
1726 924 1778 983 ap

63 981 110 1039 nis
125 997 245 1053 augere,
259 998 322 1039 non
334 998 389 1056 pro
404 983 510 1040 futuris
522 983 661 1055 abjicere.
686 985 799 1042 Levites
813 987 894 1042 enim
948 984 1124 1056 prehendat.

63 1074 108 1126 est
121 1070 272 1128 bonorum
296 1070 502 1140 commutatio,
527 1072 697 1130 exercitatio
722 1078 824 1131 autem
838 1073 894 1130 vir-

63 1247 1769 1296 ww

493 1386 592 1505 nn
640 1386 1035 1512 turtureus
1078 1390 1344 1519 cruris

730 1662 797 1750 ΕΤ
837 1664 1108 1756 SPIRITUS.

872 1872 969 1885 —-

63 1996 130 2050 cir.
147 1996 170 2076 Ι.Ι
182 1993 226 2050 Dc
240 1993 335 2077 tribus
347 1995 508 2078 virtutibus¹
522 1996 704 2068 theotonicis,
721 2004 747 2054 et
763 2005 895 2070 quatuor·
908 2001 1116 2058 cardinalibus
1130 2015 1168 2059 ec
1181 2001 1352 2062 bumilitate
1363 2007 1673 2066 nascentibus-Cir.
1684 2013 1715 2065 tt.
1733 2012 1777 2067 lle

94 2080 218 2148 paucam
234 2071 313 2121 mter
325 2081 355 2121 se
369 2071 397 2148 et
414 2082 480 2122 cum
496 2068 661 2136 stuporibus
683 2069 853 2139 collatione,
869 2077 902 2126 ut
918 2073 1063 2130 virtutum
1087 2088 1153 2130 cum
1174 2074 1346 2145 virtutibus,
1370 2077 1509 2133 uitiorum
1536 2095 1602 2135 cum
1630 2082 1720 2145 vitias,
1739 2096 1775 2138 ac

98 2142 244 2194 obtutum
259 2152 325 2192 cum
342 2139 422 2193 vitris
449 2170 483 2178 -
496 2139 565 2192 Cir.
584 2141 627 2194 111.
640 2141 682 2196 De
694 2142 844 2210 superbia.
862 2149 889 2199 et
909 2145 972 2213 eJ'us
996 2145 1161 2201 comitibus.
1182 2175 1218 2185 -
1233 2146 1300 2202 Car.
1318 2148 1360 2203 IV.
1375 2149 1418 2203 De
1431 2164 1509 2205 varia
1523 2151 1633 2220 (storin,
1662 2158 1690 2208 et
1711 2155 1775 2223 ejus

95 2209 260 2290 cernitibun
277 2239 311 2248 -
327 2211 394 2265 Cir.
411 2211 442 2264 V.
460 2211 503 2265 Dc
516 2211 640 2276 inuidia,
656 2217 684 2267 et
699 2213 853 2269 cornitibus
877 2216 950 2283 ejtcs.
966 2247 1000 2254 -
1013 2220 1080 2272 Cir.
1098 2219 1140 2271 Vt.
1156 2216 1200 2273 De
1216 2217 1273 2285 ira,
1289 2223 1318 2273 et
1332 2221 1475 2275 comitatu
1490 2223 1563 2290 ejrts.
1585 2253 1620 2261 —
1634 2224 1700 2279 Cir.
1717 2225 1773 2280 Vll.

94 2281 288 2362 betruano,
304 2295 354 2363 scu
370 2280 484 2351 acedia,
502 2286 528 2337 et
544 2283 687 2339 comitatu
702 2285 776 2352 ejus.
792 2316 827 2324 —
852 2287 923 2342 Crtr.
941 2288 1007 2341 Vttt.
1025 2289 1068 2344 lle
1083 2288 1226 2358 auaritia,
1240 2293 1268 2344 et
1287 2290 1430 2346 comitutu
1447 2293 1520 2361 cJ'us.
1545 2325 1579 2332 -
1594 2296 1661 2350 Cir.
1675 2297 1718 2350 nt.
1732 2295 1776 2351 De

93 2351 228 2420 resoluere
240 2357 362 2434 centias,
379 2366 430 2408 seu
445 2353 529 2422 quta,
546 2358 573 2408 ct
586 2353 623 2409 de
637 2356 780 2411 comitatu
795 2358 868 2425 ejus.
893 2388 928 2396 —
943 2359 1009 2413 mr.
1027 2361 1057 2414 ll.
1073 2359 1117 2415 De
1132 2359 1267 2428 lunaria,
1283 2366 1311 2416 et
1333 2363 1475 2417 comitutu
1489 2365 1563 2431 ejus.
1587 2395 1622 2404 -
1644 2366 1711 2420 Cir.
1728 2367 1772 2421 xl.

94 2423 138 2478 De
161 2422 339 2505 bumilitate,
366 2429 394 2478 ct
418 2425 482 2492 ejus
506 2424 670 2480 comitibus.
687 2457 722 2467 -
739 2428 806 2483 Cre.
832 2430 885 2482 xit.
909 2428 953 2484 De
968 2430 1144 2501 prudentia,
1165 2434 1194 2485 et
1218 2431 1361 2487 comitatu
1384 2434 1458 2502 ejus.
1482 2464 1516 2473 —-
1538 2437 1605 2490 drr.
1636 2436 1703 2491 litt.
1730 2437 1775 2493 De

88 2496 223 2576 justum,
237 2499 265 2550 et
286 2495 428 2550 comitatu
443 2497 517 2563 eJ'us.
534 2525 568 2535 —
584 2497 651 2552 Cir.
673 2498 738 2552 lttV.
764 2499 806 2554 lle
818 2498 1008 2567 fortitudine,
1034 2507 1062 2557 et
1076 2501 1231 2558 comitibus
1249 2502 1352 2572 ipsius.
1375 2534 1410 2543 —
1426 2504 1492 2561 Cir.
1521 2507 1575 2561 liv.
1600 2506 1644 2562 Dc
1668 2510 1778 2577 tempe-

93 2571 207 2626 rantia,
221 2572 247 2621 et
270 2567 334 2636 ejm
350 2566 513 2633 conatibus.
530 2598 565 2606 -
580 2569 647 2623 Car.
671 2571 736 2624 livt.
759 2570 803 2625 Dc
822 2570 892 2637 fide.
921 2577 947 2628 et
972 2575 1036 2642 ejus
1057 2572 1222 2629 comitibus.
1248 2603 1283 2614 -
1305 2575 1373 2630 Car.
1398 2576 1475 2630 livit.
1506 2577 1551 2631 De
1574 2592 1634 2646 spe,
1657 2582 1686 2634 et
1710 2579 1774 2648 ejice

94 2635 258 2778 aedzrgtctgus
274 2667 309 2677 -
325 2639 391 2695 Car.
408 2639 499 2695 liVltt.
514 2638 731 2708 bectoritum,
747 2647 775 2697 et
789 2642 932 2699 comitatu
953 2646 1027 2712 ejus.
1043 2676 1078 2685 -
1099 2646 1166 2701 Cir.
1183 2646 1248 2702 lllll.
1264 2645 1308 2702 De
1321 2644 1490 2714 dilectione,
1513 2652 1541 2702 et
1567 2650 1631 2716 ejus
1655 2648 1774 2704 ratione

373 2863 568 2921 PROLOGUS.
904 2867 924 2920 B
939 2866 1037 2923 initiat
1051 2865 1239 2924 exaltabitur
1253 2867 1337 2934 (Luc.
1352 2866 1422 2938 xm).
1444 2869 1477 2922 Et
1498 2867 1684 2942 pauperihus
1708 2869 1771 2940 spi·

93 2955 168 3010 Cum
181 2951 279 3009 omnis
293 2951 402 3009 divinae
416 2953 535 3027 paginae
547 2969 645 3011 sermo
657 2953 840 3021 idintendat,
851 2957 885 3011 ut
939 2956 1001 3010 ritu
1015 2970 1142 3026 reanum
1157 2956 1298 3012 caeierum
1320 2955 1458 3026 aperitur
1471 2956 1592 3027 (tratti.
1615 2960 1652 3029 r).
1671 2956 1773 3014 Prima

56 3041 172 3098 homini
186 3041 301 3098 bonum
312 3042 486 3099 humilitatis
496 3041 685 3117 persuadent,
698 3048 726 3099 et
736 3043 884 3118 superbire
937 3047 1039 3099 autem
1052 3043 1194 3101 virtutum
1205 3041 1365 3101 humilitati
1383 3041 1458 3100 fides
1480 3044 1604 3115 aceedit,
1620 3045 1692 3119 quia
1712 3046 1765 3102 im-

55 3132 171 3188 malum
186 3131 399 3189 declinantium
414 3133 553 3189 attentius
568 3133 703 3200 suadeat,
719 3132 884 3206 presertim
934 3133 1075 3203 possibile
1089 3139 1132 3189 est
1154 3133 1217 3190 siue
1237 3133 1297 3202 fide
1313 3134 1437 3203 placere
1458 3133 1540 3205 Deo,·
1567 3141 1593 3191 et
1603 3137 1706 3206 justus
1725 3119 1776 3192 ca!

55 3221 273 3279 cuminaltero
288 3222 391 3279 salutis
405 3222 524 3292 etritre,
540 3223 570 3279 in
585 3222 678 3281 altero
692 3223 786 3279 ruine
800 3223 883 3296 prin·
935 3221 995 3291 fide
1020 3222 1093 3278 vivit
1120 3221 1224 3292 (Hebr.
1252 3221 1301 3296 ru).
1326 3207 1383 3279 Sed
1406 3221 1467 3278 fide
1493 3222 1568 3295 quid
1588 3220 1716 3295 prolenis
1745 3237 1760 3275 s

55 3311 168 3384 cipium
184 3312 231 3382 sit,
244 3312 446 3369 necessarium
464 3312 580 3369 videtur
600 3312 694 3386 ipsius
709 3310 884 3369 humilitatis
939 3326 991 3384 spe
1018 3327 1079 3368 non
1101 3310 1212 3385 queris
1240 3309 1325 3387 quod
1345 3310 1406 3369 tide
1430 3311 1658 3386 complecteris?
1688 3309 1774 3380 Quod

55 3405 84 3457 et
108 3400 255 3474 superbiae
275 3400 405 3458 fructum
421 3405 449 3457 et
471 3399 637 3458 efficaciam
651 3401 739 3475 quasi
753 3401 883 3457 formam
939 3402 1016 3457 enim
1030 3401 1162 3458 nondum
1183 3402 1316 3458 eidernus
1330 3417 1486 3473 spmamus
1500 3407 1527 3459 ct
1544 3417 1608 3473 spes
1625 3416 1686 3457 raon
1704 3416 1774 3464 οοιιι,

54 3490 222 3563 quamdam
235 3490 383 3548 visibilem
407 3491 551 3548 virtutum
573 3490 678 3548 cultori
700 3490 774 3549 facie
799 3496 884 3547 tenus
937 3490 1050 3560 fundit.
1080 3490 1172 3562 (Rom.
1191 3491 1227 3563 v).
1256 3490 1333 3557 Ouia
1360 3506 1432 3548 vero
1461 3490 1612 3563 sperando
1631 3505 1773 3547 amamus

54 3579 222 3649 ostendere,
235 3586 384 3656 quatenus
400 3580 568 3638 alterutrius
583 3581 702 3655 speciei,
724 3582 883 3656 superbire,
938 3579 1021 3652 quod
1034 3579 1098 3651 jam
1116 3579 1174 3636 tide
1186 3584 1333 3648 tenemus,
1351 3579 1415 3652 spei
1438 3579 1567 3636 ebaritas
1590 3578 1723 3636 succedit
1743 3582 1772 3634 et

54 3671 102 3727 rel
125 3671 299 3729 humilitatis
325 3671 457 3728 imitator
485 3675 647 3743 cognoscat
672 3687 710 3726 ex
733 3670 885 3726 fructuum
939 3669 981 3725 sic
995 3668 1083 3738 fides,
1099 3685 1166 3742 quae
1180 3685 1234 3742 per
1248 3667 1437 3725 dilectionem
1456 3672 1606 3740 operatur,
1619 3672 1773 3739 rectepro·

54 3760 207 3834 qualitate,
224 3759 298 3834 quid
312 3759 458 3817 mercedis
472 3763 651 3833 assequatur
665 3775 702 3815 ex
716 3758 886 3815 utriuslibet
940 3756 1027 3814 cedit.
1044 3755 1174 3823 Qualiter
1189 3760 1290 3812 autem
1301 3755 1364 3810 iste
1378 3759 1435 3811 tres
1451 3755 1582 3822 virtutes,
1594 3754 1623 3810 id
1636 3757 1680 3809 est
1690 3768 1770 3827 spes,

55 3850 257 3907 exsecutione.
285 3852 365 3907 liuns
401 3849 502 3923 itaque
530 3848 706 3906 arbusculas
736 3847 833 3904 fructu
859 3850 888 3903 et
939 3845 1025 3914 tides,
1042 3843 1170 3901 charitas
1184 3842 1412 3914 distinguendae,
1426 3841 1772 3916 tenendiequesintpru·

55 3955 187 3997 ascensu
200 3938 370 4011 dissimiles,
386 3938 502 4010 etrudi,
517 3944 546 3995 et
560 3936 678 3994 novello
688 3936 808 3994 cuilibet
819 3951 887 3992 con·
940 3934 1041 3991 dentia
1055 3934 1142 3990 docet
1154 3938 1183 3989 et
1193 3933 1345 3990 informat.
1359 3933 1475 3989 lustitia
1487 3937 1574 3989 ornat
1589 3936 1617 3988 et
1631 3947 1772 3989 cousum-

55 4045 152 4101 rerso,
167 4028 315 4100 adjunctis
330 4028 471 4086 vitiorum
481 4029 542 4084 sire
550 4028 692 4084 virtutum
709 4025 814 4101 paucis
830 4025 886 4081 dil-
941 4026 1012 4081 mat.
1031 4022 1180 4080 Fortitudo
1194 4022 1300 4081 retinet
1311 4026 1340 4079 et
1358 4022 1490 4095 roborat,
1508 4028 1536 4078 ct
1550 4039 1587 4078 ne
1611 4023 1772 4079 excurrant

55 4118 249 4175 nnitiuncutis
263 4118 471 4192 proponimus,
495 4135 532 4175 ex
557 4133 689 4192 quarum
710 4116 811 4174 radice
825 4115 887 4171 iru-
941 4114 971 4170 in
985 4112 1080 4170 nimia
1092 4118 1120 4169 et
1143 4129 1180 4169 ne
1195 4112 1432 4185 incompetenter
1449 4112 1527 4168 intra
1544 4128 1615 4167 suos
1629 4110 1771 4167 terminos

55 4215 158 4267 otuum
174 4214 336 4281 proventus
347 4214 456 4282 patent,
472 4214 500 4266 et
514 4225 582 4283 qun¹
595 4207 686 4266 arbor
708 4223 744 4264 ex
764 4205 885 4264 duabus
903 4226 924 4282 ρ
941 4207 1137 4271 coarctentur,
1155 4201 1352 4275 temperantia
1375 4201 1547 4257 moderatur
1569 4204 1597 4256 et
1619 4198 1772 4263 discernit,

56 4297 194 4369 eligenda
209 4297 246 4354 sit
265 4297 388 4354 allectus
404 4297 503 4355 fructu
521 4297 679 4354 discernat.
703 4299 737 4353 Et
759 4295 884 4369 quidem
939 4293 968 4351 Si
982 4308 1053 4363 ergo
1067 4293 1123 4348 has
1135 4295 1265 4364 quatuor
1278 4289 1400 4345 virtutes
1417 4288 1512 4345 addas
1527 4288 1620 4344 tribus
1635 4286 1771 4361 superio-

56 4386 197 4460 superbia
210 4385 323 4444 tructus
342 4387 441 4444 carnis
454 4387 540 4444 radix
559 4391 612 4454 est,
636 4387 749 4444 tructus
765 4384 885 4459 spiritus
938 4383 1031 4450 ribus,
1041 4381 1226 4456 septenarius
1240 4380 1294 4436 istc
1305 4377 1447 4435 virtutrmr
1458 4375 1771 4451 numerusplenitudi·

55 4475 220 4533 humilitas.
237 4478 308 4543 Quoe
333 4475 489 4532 diversitas
503 4474 640 4547 inspecta
664 4474 811 4543 radicmn‚
827 4474 887 4530 lru·
939 4489 1009 4529 nem
1034 4470 1214 4546 septiformis
1237 4470 1337 4542 gratim
1353 4468 1415 4525 suis
1438 4466 1661 4525 exsecutoribus
1676 4465 1772 4523 addu-

56 4571 139 4622 ctum
155 4580 260 4620 earum
283 4562 505 4621 moderabiliter
528 4562 691 4635 quaerentis
714 4563 883 4636 appetitum
941 4562 989 4635 cit,
1004 4578 1058 4636 per
1072 4577 1167 4634 quam
1181 4560 1321 4617 vitiorum
1337 4575 1487 4634 compago
1508 4555 1691 4628 dissolvitur,
1706 4571 1773 4612 eor·

57 4654 196 4711 ostendit.
213 4653 346 4727 lienique
361 4656 446 4709 vetus
459 4651 556 4708 Adam
571 4666 603 4707 se
626 4650 796 4708 collocatin
819 4668 887 4707 aree
942 4669 998 4726 pus
1021 4650 1132 4707 diaboli
1159 4655 1328 4723 superatur,
1354 4655 1382 4706 et
1408 4664 1462 4723 per
1490 4646 1628 4704 semitam
1649 4644 1772 4716 justitior

55 4743 168 4802 vitiosae
184 4743 310 4800 arboris.
328 4745 428 4798 Novus
439 4741 536 4798 Adam
549 4739 753 4814 principatum
776 4739 890 4796 obtinet
942 4742 1009 4797 lons
1026 4743 1054 4795 et
1067 4739 1152 4810 origo
1165 4737 1309 4794 virtutum
1324 4737 1461 4794 omnium
1478 4734 1586 4791 aditur.

55 4837 222 4907 proventus
232 4831 405 4906 spiritualis.
421 4831 449 4889 Si
460 4846 531 4902 ergo
539 4829 730 4904 praestantius
741 4827 888 4896 deteriori,
943 4833 1010 4888 Cir.
1027 4833 1059 4884 u.
1076 4828 1120 4884 De
1130 4827 1252 4896 parium
1266 4827 1346 4882 inter
1358 4841 1389 4882 se
1402 4831 1430 4881 et
1445 4841 1510 4882 cum
1530 4822 1697 4892 imparibus
1713 4824 1774 4882 cet.-

56 4922 88 4980 id
102 4927 147 4980 est
159 4922 277 4979 bonum
289 4920 371 4978 malo
386 4919 562 4978 altrinsecus
586 4918 787 4991 conjunxeris,
807 4916 890 4991 quod
981 4917 1101 4982 tatione,
1124 4918 1159 4969 ut
1176 4914 1321 4970 virtutum
1346 4928 1413 4969 cum
1433 4911 1605 4979 virtutibus,
1630 4911 1772 4969 uitiorum

56 5012 88 5070 ln
102 5012 151 5069 his
164 5012 304 5080 emineat,
320 5010 403 5086 quod
422 5010 633 5085 propenderet
655 5008 786 5066 valenter
807 5007 892 5065 intel·
981 5022 1047 5063 cum
1061 5004 1140 5060 uitiis
1152 5018 1188 5059 ac
1199 5003 1344 5060 virtutum
1354 5018 1421 5059 cum
1437 5002 1525 5058 uitiis.
1646 5056 1651 5061 ,

56 5101 174 5159 lexeris.
203 5101 322 5159 Callatis
339 5087 427 5156 'enim
450 5099 645 5173 qualitatibus
674 5098 892 5156 contrariorum
983 5093 1009 5151 Si
1027 5090 1200 5165 adjunxeris
1214 5090 1324 5147 similia
1338 5089 1494 5158 similibus
1507 5090 1638 5163 partium
1652 5086 1775 5161 equali

58 5191 116 5248 cito
130 5190 290 5248 meliorum
303 5188 461 5247 estimatio
482 5183 604 5261 patebit.
626 5187 788 5261 Perspectis
803 5185 893 5256 igitur
944 5189 991 5241 tas
1004 5181 1160 5255 utriusque
1174 5179 1268 5254 partis
1282 5178 1488 5237 excellentiam
1503 5177 1649 5252 perbibet.
1664 5175 1693 5231 Si
1703 5185 1775 5229 vero

56 5280 210 5339 radicibus
224 5281 318 5338 ramis
334 5284 362 5337 et
375 5277 523 5335 fructibus
536 5277 646 5335 nostris
663 5276 776 5334 arbitrii
790 5275 833 5334 tui
854 5275 892 5332 sit
945 5271 1101 5330 dissimilia
1125 5269 1293 5338 contuleris
1312 5269 1409 5342 magis
1431 5271 1514 5343 patet
1528 5263 1685 5323 diversitas
1706 5260 1776 5318 alte·

54 5369 167 5440 eligere
179 5370 264 5443 quod
277 5369 418 5426 volueris.
944 5364 1016 5420 rius.
1034 5362 1140 5435 sicque
1156 5348 1328 5432 conjunctio
1342 5359 1462 5433 parium
1481 5353 1679 5413 differentiam
1695 5353 1776 5407 arcet

58 5462 127 5516 Cir.
138 5462 158 5514 l.
170 5460 214 5515 De
229 5460 324 5516 tribus
340 5458 501 5516 uirtutibus
517 5457 701 5527 theotonicis,
717 5461 744 5512 et
761 5463 892 5528 quatuor
942 5453 1076 5526 partium
1088 5450 1286 5522 singularum,
1302 5452 1331 5506 et
1344 5447 1463 5504 diversa
1474 5442 1603 5518 qualitas
1617 5439 1776 5511 utriusque

58 5585 60 5589 ψ
140 5548 348 5604 cardinalibus
365 5563 402 5605 ea
416 5546 587 5604 bumilitate
606 5544 808 5602 nascentibus.
911 5556 1076 5636 Bcresccre
1087 5527 1776 5611 rideturenutroquedonieratbumnigrona·

56 5655 64 5680 -·
95 5638 279 5695 cunctarum
301 5637 391 5702 enim,
417 5640 449 5692 ut
465 5633 643 5708 praedictum
669 5639 723 5704 est,
750 5633 892 5691 virtutum
946 5630 1078 5706 pientcm
1092 5627 1191 5700 stulto,
1209 5626 1376 5700 superbum
1386 5620 1503 5689 humili,
1515 5618 1629 5676 malum
1644 5616 1779 5716 bonust

59 5724 295 5785 baudementum
310 5730 355 5783 est
367 5723 612 5796 humiliantium
625 5723 720 5781 omnis
731 5725 784 5797 qui
796 5738 827 5781 se
840 5723 894 5780 bu·
946 5735 984 5786 ex
992 5718 1067 5794 ipsis
1078 5716 1236 5783 muneris
1244 5713 1424 5774 distandbus
1431 5710 1643 5784 argumentum
1649 5721 1778 5782 proprus
