3742 6082
110 194 163 256 ae1
413 185 593 246 HUGONIS
610 184 665 244 Dii
682 184 712 242 S.
732 179 905 241 VICTORE
923 174 1008 234 OPP.
1028 176 1128 238 PARS
1146 179 1186 239 11.
1211 210 1247 224 -
1272 181 1517 241 multamus.
1769 186 1823 248 632

112 322 193 378 citur
207 319 247 376 ab
260 317 350 374 initio
362 315 546 373 determines
560 330 622 370 non
643 317 765 386 tempus
780 311 941 368 occisionis
956 299 983 355 Α
994 306 1140 377 plationis
1155 309 1306 382 adipsum
1329 326 1392 365 non
1411 310 1606 365 inclinamur.
1631 309 1719 366 Unde
1744 313 1823 366 recte

114 410 167 466 sad
182 407 367 478 salutis‚jam
381 405 600 460 inconveniens
614 401 735 457 nullum
750 401 848 470 erit,si
861 403 939 456 etse·
993 397 1025 452 ln
1034 397 1168 454 Canticis
1177 399 1365 454 canticorum
1374 415 1488 471 sponsa
1496 398 1642 455 dilectum
1653 415 1745 454 suum
1750 405 1824 468 post

112 494 183 565 mel,
195 498 225 550 et
239 495 278 550 ab
292 492 383 548 initio
397 491 517 547 dicatur
530 505 595 544 esse
610 488 831 545 occisus.Prius
846 490 938 545 etiam
987 488 1151 556 parietem
1166 477 1821 561 stare(Cont.1r)commemorat,quia'quan-

111 600 195 641 mors
208 585 274 656 ejus
289 582 415 655 proluit,
428 595 522 652 quam
538 579 597 634 fuit
612 579 698 650 prius
713 579 887 651 promissio,
904 594 938 634 ac
993 575 1045 630 diu
1071 575 1165 648 hujus
1190 577 1395 647 corruptionis
1424 577 1558 647 tegmine
1583 576 1820 647 circumdamur,

111 673 219 730 deinde
232 669 441 728 exhibitio.Ab
451 669 541 724 initio
556 683 627 739 ergo
641 667 743 723 saeculi
752 668 870 722 occisus
881 671 937 736 est,
992 667 1082 738 quasi
1097 666 1231 738 quodam
1251 666 1367 737 pariete
1380 666 1564 738 interposito
1589 666 1629 720 ab
1654 665 1721 738 eJus
1746 666 1822 722 facie

113 763 187 836 quia
203 761 241 816 ab
255 760 345 815 initio
361 757 463 814 saeculi
478 757 524 813 ilii
539 757 676 825 fuerunt,
698 771 754 827 pro
777 756 891 828 quibus
906 756 938 811 in
992 756 1199 829 prohibemur.
1214 754 1330 820 Quarta
1342 759 1444 811 autem
1460 758 1490 811 et
1509 755 1619 827 quinta
1641 755 1765 812 mansio
1789 757 1821 813 in

111 850 172 906 fine
187 847 290 904 saeculi
303 847 421 904 occisus
435 849 495 902 est..
508 844 565 901 Sed
580 849 683 900 tamen
699 844 822 916 quando
837 843 939 899 induit
994 861 1122 902 ascensu
1142 860 1197 901 suo
1216 844 1256 900 ad
1277 860 1374 900 unum
1395 843 1593 915 colliguntur,
1612 844 1686 915 quia
1711 845 1821 901 anima

110 939 259 1007 decorem,
273 937 362 993 idest
373 950 496 992 carnem
510 933 875 1002 immaculatam,carnem
886 934 939 988 im·
994 939 1169 991 sanctorum
1185 937 1215 990 et
1229 949 1311 989 nunc
1322 932 1460 1005 deposito
1475 933 1577 988 camis
1598 949 1689 989 onere
1703 934 1737 990 in
1754 950 1820 990 con·

110 1027 273 1100 pollutam,
289 1041 412 1084 carnem
430 1025 597 1097 speciosam
617 1023 654 1080 de
672 1023 819 1094 virgineis
845 1039 938 1079 mem·
993 1024 1192 1097 templatione
1206 1023 1255 1078 sui
1269 1022 1436 1079 conditoris
1451 1021 1606 1091 laetantur,
1629 1026 1745 1079 etcum
1768 1023 1820 1080 ite·

110 1116 176 1173 bris
189 1115 367 1188 assumpsit,
383 1118 413 1170 et
426 1112 587 1186 praecinxit
602 1128 634 1168 se
648 1112 878 1181 tortitudine‚id
892 1115 939 1167 est
994 1129 1062 1169 rum
1079 1127 1205 1185 corpora
1220 1127 1277 1169 sua
1288 1111 1476 1168 immortalia
1488 1114 1518 1166 et
1530 1110 1736 1184 impassibilia
1749 1127 1822 1169 rece

110 1221 166 1278 per
179 1205 278 1262 crucis
291 1203 428 1276 trophaea
438 1203 537 1258 aerias
547 1204 713 1274 potestates
725 1201 939 1271 debellavit,ex
993 1202 1104 1274 perint,
1121 1207 1195 1258 tunc
1210 1201 1332 1273 plenius
1346 1204 1377 1256 et
1386 1201 1519 1257 vicinius
1534 1201 1562 1255 ei
1577 1216 1631 1272 par
1640 1200 1823 1275 contempla·

111 1296 185 1349 tunc
199 1297 308 1366 parata
323 1296 370 1347 est
384 1290 470 1347 sedes
484 1291 550 1362 ejus
572 1306 610 1346 ex
625 1293 699 1346 tunc
714 1289 871 1362 redempta
893 1292 940 1346 est
994 1292 1088 1347 tionis
1103 1290 1299 1362 praesentiam
1311 1289 1521 1345 adhaerebunt.
1538 1288 1625 1353 Quod
1640 1290 1723 1345 enim
1752 1306 1820 1346 arca

111 1382 238 1438 ecclesia
250 1382 325 1453 ejus,
342 1384 453 1436 extunc
469 1379 597 1436 raducta
611 1382 657 1435 est
669 1379 746 1447 ciris,
763 1395 831 1450 quae
847 1379 940 1450 peria·
993 1383 1025 1437 in
1043 1385 1121 1437 tecto
1141 1397 1197 1436 suo
1217 1396 1339 1436 sursum
1368 1381 1401 1434 in
1430 1394 1526 1434 unum
1555 1379 1720 1451 colligitur,
1750 1382 1823 1454 quid

110 1475 170 1541 rat,
185 1475 298 1527 extunc
313 1469 443 1526 coelestis
465 1469 550 1539 regni
572 1468 675 1523 aditus
687 1467 859 1540 patefactus
881 1469 937 1534 θεῖ,
994 1469 1078 1526 aliud
1091 1469 1252 1541 significat,
1269 1469 1329 1523 nisi
1345 1467 1509 1540 quodcum
1525 1468 1564 1522 ab
1579 1469 1673 1540 hujus
1685 1470 1759 1526 vitae
1780 1474 1820 1527 te-

111 1561 165 1633 qui
181 1561 268 1633 prius
283 1559 405 1616 clausus
419 1558 530 1613 iuerat.
553 1556 645 1613 Vides
672 1571 744 1627 ergo
771 1571 941 1628 nuncque
993 1559 1098 1614 nebris
1113 1557 1214 1614 educti
1229 1557 1390 1625 fuerimus,
1407 1560 1481 1611 tunc
1506 1556 1644 1611 omnium
1659 1556 1820 1614 desiderio·

110 1649 202 1705 modo
217 1663 287 1704 arca
301 1650 331 1703 et
345 1650 549 1702 trecentorum
572 1646 744 1701 cubitorum
762 1644 855 1716 longa
879 1647 937 1714 est,
952 1646 1060 1703 Brum
1075 1649 1251 1702 nostrorum
1265 1645 1356 1700 finem
1373 1644 1412 1699 ad
1434 1660 1531 1700 unum
1557 1645 1735 1714 referemus,
1754 1662 1824 1719 quo·

109 1741 254 1794 ettamen
266 1752 328 1793 non
343 1735 497 1804 trecentis,
511 1734 564 1791 sed
578 1738 700 1790 centum
727 1735 818 1790 annis
842 1733 941 1788 labri·
995 1736 1079 1791 niam
1092 1735 1182 1791 sicuti
1198 1736 1255 1804 est,
1270 1734 1368 1790 Deum
1390 1731 1493 1788 videre
1520 1733 1679 1806 ecepimus,
1703 1737 1740 1791 ut
1758 1735 1820 1807 jam

109 1831 178 1883 cata
191 1830 247 1896 ast,
263 1825 337 1898 quia
351 1823 496 1891 Ecclesia,
513 1838 581 1895 quae
592 1823 631 1877 ab
645 1823 733 1879 initio
749 1822 852 1879 saeculi
867 1823 937 1893 fuit,
994 1825 1039 1880 nil
1052 1824 1157 1893 libeat,
1171 1824 1232 1880 nisi
1247 1824 1313 1895 ejus
1323 1823 1432 1878 faciem
1448 1822 1514 1878 sine
1526 1823 1754 1880 intermissione
1775 1824 1820 1880 in·

111 1917 144 1972 in
159 1914 219 1971 tine
232 1914 336 1971 saeculi
351 1912 507 1984 redempta
521 1910 750 1976 eetQuodvaro
765 1911 937 1967 sexieslon·
994 1914 1084 1981 tueri,
1100 1914 1166 1985 ejus
1188 1911 1347 1969 dulcedine
1372 1912 1438 1967 sine
1464 1910 1588 1967 fastidio
1611 1912 1729 1982 satiari,
1757 1914 1822 1986 ejus

109 2020 149 2076 ga
164 2007 210 2059 eat
224 2004 263 2059 ad
277 2001 472 2058 latitudinem
488 2015 576 2056 suam
597 2000 662 2056 haec
681 2015 761 2070 arca,
785 2004 815 2057 et
840 2000 939 2056 decies
994 2018 1097 2058 amore
1112 2002 1178 2058 sine
1192 2002 1311 2057 defectu
1325 2001 1450 2072 perfrui.
1467 2000 1533 2056 Hoc
1547 2003 1593 2056 est
1608 2001 1689 2057 enim
1714 2001 1755 2057 ad
1781 2001 1822 2073 ip

112 2093 151 2150 ad
166 2092 476 2161 altitudinem,suam‚
490 2089 619 2145 humani
632 2089 769 2161 corporis
782 2089 881 2145 instar
895 2106 939 2144 os·
994 2108 1063 2147 sum
1078 2092 1242 2161 tendere,et
1257 2091 1296 2145 ad
1310 2091 1412 2164 ipsum
1425 2091 1607 2162 pertingere,
1619 2107 1739 2164 semper
1752 2106 1821 2147 aum

111 2181 221 2251 tendit,
245 2183 277 2237 in
300 2196 363 2253 quo
384 2178 526 2235 Christus
541 2178 704 2250 apparuit,
719 2193 792 2233 nam
819 2180 850 2233 et
870 2178 938 2251 ipsa
994 2184 1024 2236 et
1047 2195 1101 2253 per
1115 2180 1299 2236 desiderium
1316 2194 1462 2251 quaerere,
1490 2182 1519 2234 et
1543 2195 1597 2251 per
1616 2180 1821 2252 cognitionem

111 2285 222 2342 corpus
237 2271 304 2341 ejus
319 2272 374 2324 est.
389 2267 532 2339 Corporis
546 2267 628 2321 enim
642 2265 802 2337 longitudo
820 2282 836 2321 a
852 2282 936 2322 aver·
992 2268 1141 2339 invenire,
1158 2273 1188 2324 et
1211 2284 1265 2340 per
1292 2272 1418 2339 gustum
1434 2272 1567 2339 tangere.
1592 2269 1641 2325 illi
1655 2271 1820 2340 mansioni,

112 2359 172 2413 tice
193 2372 291 2429 usque
316 2356 354 2410 ad
375 2355 540 2425 vestigium
569 2355 668 2409 sexies
695 2356 816 2409 tantum
844 2354 938 2410 habet
993 2373 1062 2429 quaa
1077 2357 1173 2413 fundo
1189 2359 1251 2413 erat
1275 2357 1430 2433 contigua,
1455 2357 1621 2430 deputatus
1643 2362 1708 2414 erat
1731 2359 1821 2415 timus

110 2448 263 2519 quantum
277 2443 491 2515 latitudc,quae
502 2441 598 2504 estab
609 2456 671 2497 uno
685 2441 780 2497 latere
793 2441 937 2514 usquead
993 2445 1186 2515 animalium,
1202 2446 1255 2517 qui
1271 2449 1350 2501 recte
1364 2445 1461 2501 vitam
1477 2446 1645 2502 carnalium
1665 2447 1820 2520 exprimit,

109 2533 241 2589 alterum
256 2532 349 2601 latus,
365 2534 395 2587 et
409 2531 507 2587 decies
522 2533 643 2586 tantum
658 2533 810 2602 quantum
824 2535 854 2586 et
868 2530 934 2586 alti·
992 2535 1139 2607 quoniam
1150 2534 1172 2589 ii
1188 2534 1242 2607 qui
1257 2535 1358 2590 carnis
1378 2534 1535 2590 desideriis
1550 2535 1733 2605 inserviunt,
1747 2536 1833 2609 quid·

18 2685 20 2689 ,
109 2622 287 2695 tudo,cujus
302 2619 476 2677 altitudinis
501 2634 646 2675 mensura
673 2622 719 2674 θεῖ
746 2619 778 2674 in
803 2618 897 2675 latere
919 2634 937 2674 a
992 2622 1077 2678 alind
1089 2638 1181 2697 quam
1197 2622 1325 2696 putredo
1341 2621 1444 2679 fiunti
1458 2622 1597 2679 Secunda
1610 2623 1723 2680 abhinc
1738 2640 1822 2681 man·

108 2710 201 2768 dorso
220 2712 253 2766 in
276 2713 425 2778 ventrem,
450 2708 534 2764 velut
556 2708 582 2764 si
602 2708 753 2779 jacentem
780 2709 935 2764 hominem
992 2711 1187 2769 siocontinet
1207 2711 1324 2767 cibaria
1347 2711 1528 2768 animalium
1554 2728 1609 2784 per
1623 2729 1691 2786 quse
1717 2728 1822 2770 conve·

109 2800 248 2857 metiaris
270 2799 416 2872 supinum
441 2797 505 2852 sive
523 2812 666 2868 pronum,
690 2797 788 2853 sexies
814 2800 935 2853 tantum
973 2800 1111 2867 ,nienter
1129 2800 1331 2871 designantur
1352 2799 1384 2869 ii,
1414 2800 1468 2872 qui
1492 2801 1525 2855 in
1552 2805 1658 2858 sancta
1684 2800 1820 2858 Ecclesia

25 2889 30 2894 '
108 2887 314 2960 longitudinis
331 2891 378 2942 est
394 2885 523 2958 acapite
537 2900 635 2956 usque
656 2884 695 2940 ad
721 2884 823 2957 pedes,
838 2901 934 2957 quan·
991 2887 1155 2960 quemdam
1170 2888 1305 2944 medium
1322 2890 1722 2962 statumtenent,quineque
1735 2907 1818 2964 pror·

109 2979 176 3033 tum
187 2977 270 3033 latus
286 2975 426 3043 adextra
435 2975 468 3031 in
484 2975 652 3044 sinistram,
668 2973 748 3030 vela
762 2974 889 3030 sinistra
903 2975 935 3030 in
955 2988 978 3046 c
995 2992 1048 3032 sus
1062 2992 1116 3050 per
1130 2976 1237 3032 illicita
1247 2976 1397 3032 desideria
1409 2976 1493 3033 carni
1504 2979 1820 3053 succumbunt,nsque

109 3064 276 3133 dexteram,
286 3066 316 3119 et
331 3063 429 3120 decies
444 3065 596 3135 quantum
611 3062 694 3118 latus
710 3079 728 3117 a
741 3062 938 3120 terra.Sexies
993 3081 1047 3137 per
1061 3069 1270 3137 contemptum
1285 3064 1393 3120 mundi
1408 3065 1445 3120 ad
1467 3064 1649 3137 dignitatem
1676 3069 1819 3140 spiritua-

110 3155 157 3209 θεῖ
171 3167 318 3208 numerus
333 3152 618 3224 quinquagenarius
627 3151 660 3206 in
673 3151 827 3221 trecentis,
840 3155 870 3207 et
885 3167 939 3208 sex
992 3153 1069 3209 lium
1083 3155 1256 3227 pertingere
1271 3156 1411 3225 possunt.
1431 3154 1471 3209 Hi
1486 3159 1589 3211 autem
1604 3155 1677 3212 dum
1692 3172 1711 3211 a
1731 3157 1820 3231 spiri-

110 3243 217 3297 aatates
231 3242 304 3295 sunt
318 3239 351 3293 in
363 3239 463 3294 tribus
476 3238 665 3310 temporibus
681 3240 794 3296 saeculi.
811 3239 866 3295 Vel
879 3243 938 3296 tre·
992 3241 1158 3297 ritualibus
1170 3241 1323 3313 spirituali
1338 3247 1549 3315 comparantes
1570 3259 1625 3317 pro
1645 3246 1820 3316 erogatione

111 3329 192 3385 canti
204 3327 378 3399 significant
388 3327 478 3383 fidem
488 3326 710 3395 Trinitatis,vel
721 3343 841 3383 crucem
853 3344 939 3401 prop
992 3329 1079 3385 verbi
1104 3329 1161 3385 Dei
1186 3328 1363 3385 doctoribus
1393 3330 1458 3386 suis
1479 3333 1606 3388 terrenae
1639 3333 1822 3390 substantiae

109 3419 158 3474 ter
173 3419 252 3486 Tau,
266 3414 348 3488 quod
363 3415 395 3470 in
411 3415 547 3471 numeris
559 3417 711 3471 trecentos
729 3416 891 3486 significet,
908 3420 938 3472 et
993 3418 1130 3473 subsidia
1172 3417 1332 3488 reddunt,
1366 3418 1442 3490 quid
1488 3418 1573 3477 aliud
1607 3437 1700 3493 quam
1734 3437 1818 3478 sano

110 3505 211 3561 adhuc
224 3504 306 3577 apud
320 3519 392 3562 suos
406 3503 536 3559 formam
553 3503 663 3558 retinet
673 3503 938 3576 crucis.Quinqua-
959 3528 962 3532 “
992 3508 1095 3562 totum
1108 3506 1289 3561 animalium
1300 3506 1448 3579 apotheca
1457 3507 1536 3564 fiunt
1547 3507 1561 3562 l
1572 3509 1676 3566 Tertia
1686 3509 1818 3584 denique

108 3595 196 3664 ginta
210 3594 421 3650 remissionem
434 3595 627 3665 peccatorum
642 3591 816 3663 designant,
834 3593 938 3664 trigin-
992 3595 1112 3650 mansio
1127 3594 1274 3650 animalia
1289 3595 1411 3666 quidem
1432 3600 1515 3651 tenet
1533 3596 1586 3652 sed
1599 3598 1818 3669 immansueta,

108 3685 142 3737 ta
161 3698 336 3739 mensuram
353 3681 454 3738 aetatis
468 3681 669 3755 plenitudinis
684 3681 808 3738 Christi.
825 3681 946 3740 Secum.
991 3698 1046 3755 per
1060 3698 1128 3755 quae
1141 3682 1320 3754 designatur
1333 3684 1398 3740 vita
1411 3683 1626 3757 spiritualium,
1648 3686 1702 3757 qui
1717 3702 1818 3758 quan·

108 3771 182 3827 dum
196 3772 282 3827 illam
298 3771 493 3840 sententiam,
519 3786 581 3843 qua
594 3771 780 3827 intrinsecus
800 3771 936 3827 altitudi·
992 3772 1045 3828 diu
1059 3773 1092 3828 in
1107 3772 1164 3829 hac
1179 3774 1372 3845 corruptione
1387 3777 1539 3842 tenentur,
1558 3776 1588 3829 et
1609 3772 1671 3845 legi
1690 3773 1749 3830 Dei
1765 3791 1819 3849 per

108 3874 181 3914 nem
195 3874 272 3914 arca
299 3858 519 3929 distinguimus
536 3859 570 3913 in
590 3859 726 3931 quinque
749 3860 935 3928 mansiones,
991 3863 1140 3918 rationem
1157 3862 1286 3934 subjecti
1303 3865 1386 3932 sunt,
1412 3868 1441 3919 et
1459 3866 1561 3918 tamen
1589 3862 1623 3919 in
1646 3878 1702 3919 sua
1727 3879 1817 3920 carue

110 3962 181 4001 arca
195 3949 241 4001 est
265 3944 418 4014 Ecclesia,
441 3950 471 4001 et
497 3945 634 4017 quinqua
659 3948 835 4002 mansiones
864 3951 937 4003 sunt
991 3953 1116 4021 portant
1129 3965 1183 4022 per
1202 3950 1284 4023 quod
1304 3949 1403 4006 adhuc
1417 3950 1478 4022 legi
1501 3951 1725 4007 contradicunt.
1743 3952 1815 4007 Ani·

109 4035 248 4107 quinque
263 4037 373 4101 status,
388 4037 450 4088 tres
463 4034 624 4104 praesentis
640 4035 723 4103 vitae,
740 4038 770 4090 et
783 4035 843 4089 duo
857 4036 938 4091 iutu·
991 4038 1085 4092 malla
1099 4053 1170 4110 ergo
1185 4043 1268 4108 sunt,
1285 4038 1358 4111 quia
1372 4039 1483 4095 vivunt
1496 4055 1550 4112 per
1562 4041 1711 4097 rationem
1733 4057 1816 4098 men·

108 4122 295 4178 acepsimas
308 4124 409 4177 status
429 4124 476 4177 eat
490 4119 612 4176 illorum
627 4120 798 4190 hominum,
824 4122 877 4194 qui
892 4122 935 4177 di·
991 4126 1031 4181 tis
1044 4127 1097 4181 sed
1111 4127 1318 4182 immansueta
1331 4142 1385 4200 per
1398 4127 1505 4183 illicita
1532 4127 1682 4185 desideria
1704 4133 1814 4186 carnis.

109 4215 222 4268 cuntur
236 4209 383 4279 carnales,
397 4208 433 4265 de
448 4209 562 4281 quibus
576 4208 651 4266 dicit
664 4210 830 4282 Apostolus
843 4226 849 4264 τ
863 4213 935 4266 Νοη
991 4212 1028 4268 Ιη
1043 4217 1154 4285 quarta
1168 4216 1328 4270 mansione
1343 4217 1416 4270 sunt
1442 4215 1530 4271 mitia
1558 4217 1714 4286 animalia,
1745 4220 1817 4290 quia

103 4302 201 4370 potui
217 4301 306 4370 loqui
321 4299 407 4354 cobis
423 4299 521 4368 quusi
535 4299 778 4367 spiritualibus,
792 4301 847 4354 sed
861 4315 937 4368 quu-
947 4333 975 4388 D
991 4302 1070 4357 sicut
1084 4302 1158 4359 dicit
1173 4302 1358 4375 Apostolus:
1376 4305 1436 4363 Qui
1456 4309 1607 4360 mortuus
1623 4311 1680 4376 est,
1695 4308 1816 4380 iustifi-

106 4393 140 4446 si
155 4390 346 4445 carnalibus
363 4389 510 4443 luceolis
519 4393 635 4457 potum
647 4390 734 4457 dedi,
747 4403 812 4443 riou
828 4403 934 4444 escam
990 4397 1083 4447 cutus
1097 4396 1144 4446 est
1159 4405 1180 4446 a
1190 4397 1322 4460 peccato
1339 4392 1438 4463 (Rom.
1454 4390 1552 4461 milit
1567 4392 1734 4449 secuudum
1746 4394 1815 4450 Pro-

109 4474 935 4548 (lCor.111).Secundusstatusestillorumhominum
989 4478 1089 4550 phetas
1106 4480 1298 4535 sententiam.
1316 4481 1356 4534 Ira
1371 4481 1433 4534 illa
1456 4482 1511 4535 die
1527 4482 1686 4550 parabunt
1705 4497 1817 4538 omues

109 4565 165 4637 qui
180 4566 330 4620 vocantur
344 4562 502 4631 animales,
518 4562 680 4634 dequibus
697 4563 771 4621 dicit
791 4580 933 4622 rursum:
990 4569 1201 4637 cogitationes
1216 4582 1328 4623 eorum
1344 4568 1443 4640 (Paul.
1460 4569 1564 4639 cxiv).
1590 4568 1742 4635 Quoniam
1763 4571 1815 4626 ubi

108 4654 277 4708 Animalia
293 4653 385 4707 bomo
400 4665 464 4706 uon
477 4653 621 4720 percipit
635 4667 673 4708 ea
691 4669 763 4722 quoe
777 4661 857 4710 suut
877 4657 935 4710 Dei
988 4655 1152 4711 avinculis
1165 4657 1267 4712 carnis
1290 4655 1499 4728 corruptibilis
1527 4660 1650 4727 exeunt,
1674 4657 1816 4733 deinceps

109 4741 140 4814 (l
146 4740 486 4811 Cor.11);tertiusstatus
502 4740 935 4816 astspiritualium,dequibus
988 4743 1027 4798 ab
1042 4743 1158 4800 illicitis
1172 4744 1331 4801 desideriis
1341 4745 1720 4812 mansuescuntouintam
1734 4763 1816 4804 man·

108 4831 366 4899 aitzdpiritualis
377 4831 509 4898 iudicat
527 4832 691 4899 cruciaci
697 4834 790 4900 ipseo
802 4835 934 4889 nemine
988 4832 1104 4889 sionem
1117 4832 1209 4889 homo
1221 4835 1314 4903 tenet,
1332 4835 1361 4889 et
1375 4832 1585 4890 volatilia.Per
1594 4834 1751 4891 hominem
1765 4836 1813 4892 de·

103 4917 858 4991 judicaturltidemtlbidem);quartusstatusest
868 4922 932 4976 aui·
987 4923 1128 4993 signatur
1142 4923 1290 4978 vivacitas
1305 4922 1444 4994 rationis,
1458 4928 1488 4980 et
1502 4923 1713 4996 intelligentiae
1725 4926 1757 4982 in
1766 4941 1816 4982 vo

106 5022 229 5063 marum
235 5009 397 5062 exutarum
413 5021 563 5080 acorpore
570 5023 579 5075 ;
593 5007 720 5079 quintus
733 5012 833 5065 status
844 5013 890 5064 est
900 5010 933 5064 in
985 5010 1074 5067 latilli
1087 5012 1270 5084 exprimitur
1284 5010 1408 5082 agilitas
1421 5012 1665 5086 incorruptibilis
1681 5018 1811 5072 natura.

108 5096 377 5167 animaetcorpore
386 5095 620 5166 resurgentium,
632 5097 686 5168 qui
699 5111 860 5168 supremus
875 5101 931 5167 est,
985 5099 1113 5165 Quando
1128 5114 1200 5171 ergo
1213 5103 1353 5156 mortale
1366 5102 1422 5156 boc
1435 5101 1585 5158 induerit
1617 5104 1805 5159 immortali
1810 5134 1819 5145 -

106 5188 135 5242 θῖ
155 5184 258 5242 cubito
273 5199 417 5256 supremu
434 5183 697 5255 contiguusQuod
711 5199 759 5239 res
772 5185 932 5241 interiores
985 5193 1130 5258 tutemet
1142 5190 1353 5258 corruptibile
1369 5190 1426 5245 boc
1446 5189 1583 5245 vestierit
1598 5192 1816 5261 incorruptio·

105 5271 454 5330 mansionessecundum
470 5270 666 5328 altitudinem
681 5271 832 5344 parietum
845 5273 878 5326 in
886 5272 930 5327 di·
985 5291 1059 5332 uem
1076 5278 1106 5348 (l
1123 5277 1190 5332 Cor.
1203 5275 1268 5346 xv),
1285 5279 1359 5332 tunc
1378 5280 1480 5333 mente
1495 5279 1620 5350 pariter,
1637 5283 1666 5335 st
1686 5295 1814 5353 corpore

105 5366 221 5418 rectum
237 5359 421 5428 ascendunt,
436 5362 466 5415 et
479 5375 588 5415 versus
600 5374 777 5431 supremum
791 5359 930 5417 cubitum
985 5364 1137 5437 spiritales
1150 5365 1259 5432 effecti,
1276 5366 1445 5422 secundum
1455 5366 1614 5423 modulum
1630 5372 1816 5439 nostrum,et

102 5447 433 5515 noninclinantur,hoc
447 5445 932 5519 siguificat‚quodquantumlibet
983 5468 1038 5526 per
1051 5454 1163 5510 mentis
1175 5453 1434 5510 illuminationem
1450 5456 1554 5512 omnia
1564 5457 1706 5527 sciemus,
1722 5461 1817 5532 stper

101 5534 136 5592 in
157 5539 214 5594 hac
235 5537 301 5591 vita
317 5533 930 5608 proficimus,adhuctamenaiaciecondi·
983 5543 1118 5614 corporis
1132 5542 1385 5616 incorruptubilis
1397 5543 1553 5600 levitatem
1562 5545 1756 5618 ubiqueesse
1766 5563 1818 5621 po

103 5624 179 5680 toris
195 5623 293 5681 nostri
308 5623 398 5696 quasi
412 5622 512 5680 aversi
524 5637 642 5692 sumus,
657 5622 732 5694 quia
746 5627 776 5680 et
799 5640 853 5698 per
867 5642 928 5683 me·
982 5631 1120 5688 terimus.
1136 5630 1317 5687 volabimus
1329 5635 1431 5688 mente
1445 5648 1500 5705 per
1512 5634 1816 5708 contemplationem,

101 5711 197 5770 ritum
211 5710 416 5781 caunumus,
430 5709 484 5769 sad
502 5725 558 5785 per
580 5711 776 5785 presentiam
794 5719 927 5774 contam-
981 5719 1291 5793 volabimuscorpore
1312 5733 1368 5793 per
1386 5721 1660 5796 incorruptionem.
1691 5723 1815 5784 Discer-
