3742 6082
113 221 168 281 387
422 212 600 274 Huaoms
618 215 672 273 DE
690 215 720 273 S.
741 215 912 274 VICTORli
930 217 1015 277 OPP.
1036 221 1136 279 PARS
1154 221 1194 279 11.
1214 249 1249 261 -
1268 214 1511 275 DOGMATICA.
1764 214 1821 275 388

114 343 172 400 hoc
184 341 279 398 dixit:
296 354 334 396 ns
347 340 635 410 scandalizarentur,
660 343 714 414 qui
736 342 933 410 mirarentur,
947 336 975 390 A
990 354 1052 395 non
1067 344 1132 396 erat
1146 355 1238 396 causa
1250 336 1404 411 pergendi,
1421 336 1447 391 si
1461 331 1632 405 compassio
1656 344 1719 386 non
1740 322 1822 384 esset

115 445 171 486 nec
184 429 373 503 susciperent
384 429 438 500 qui
449 444 510 483 non
525 432 675 501 caperent.
690 429 939 484 Ideoreverenter
993 428 1209 484 subveniendi.
1224 428 1325 481 Stulti
1339 431 1370 480 et
1385 425 1476 478 tardi
1502 423 1596 477 corde
1621 421 1665 473 ad
1688 420 1821 473 creden-

116 534 148 574 se
172 516 333 590 suggessit,
351 531 413 571 non
431 516 657 587 praecipitanter
676 517 814 588 ingessit.
826 519 936 585 Quem,
993 519 1083 584 dum,
1102 532 1209 572 nonne
1221 515 1384 584 opportuit
1399 513 1473 580 pati
1489 511 1653 565 Christum
1670 511 1700 561 et
1716 507 1825 560 itain-

115 607 228 678 inquit,
241 608 358 661 dicunt
372 606 518 659 homines
530 620 597 660 ease
620 607 746 661 Filium
769 602 938 660 hominia?
993 610 1084 659 trare
1098 606 1134 658 in
1148 606 1290 674 gloriam
1305 617 1401 656 auam
1414 597 1515 670 illuc.
1532 600 1633 660 artu.)
1647 593 1820 650 Intendite:

119 692 857 765 (Matthxvr)Nonpraedicavit,sedinterrogavit.
869 692 937 748 Dici
993 692 1135 764 Oportuit
1148 692 1263 762 itaque,
1279 690 1392 761 inquit,
1407 687 1472 760 pati
1485 685 1652 752 Christum,
1667 687 1697 737 et
1710 682 1756 736 ita
1771 682 1821 735 in-

115 781 224 848 voluit,
235 779 285 835 sed
300 779 398 834 dicere
414 778 564 848 noluit,ne
576 796 638 836 non
649 782 809 837 veritatem
822 781 937 849 docere,
992 783 1073 835 trare
1087 780 1120 834 in
1135 779 1262 850 gloriam
1277 792 1374 833 suam.
1391 774 1469 840 Quid
1486 777 1531 829 est
1543 768 1611 827 ita?
1624 770 1682 825 Per
1697 770 1817 841 passio·

117 868 168 924 sed
182 867 309 938 gloriam
318 882 454 938 quaerere
463 868 775 925 videretur.Creditis
792 872 827 924 in
836 872 937 924 Deum
994 882 1072 922 nem.
1103 868 1176 922 Post
1202 867 1386 938 passionem,
1414 860 1675 933 glorificationem.
1716 855 1822 923 Quid?

116 960 147 1010 et
162 957 198 1009 ia
211 969 262 1009 me
270 956 392 1009 credite
405 954 497 1023 (Joan
512 955 588 1024 xiv).
607 956 772 1011 Considera
787 956 938 1027 quomodo
994 955 1073 1025 Ergo
1087 955 1229 1010 Christus
1245 970 1305 1009 non
1320 952 1420 1025 potuit
1431 952 1548 1006 intrare
1556 949 1588 1003 in
1603 946 1742 1018 gloriam,
1761 946 1822 1001 nisi

115 1041 249 1098 modeste
264 1056 296 1096 se
315 1040 465 1112 adjungit,
488 1043 561 1114 quia
581 1044 697 1099 sciebat
720 1049 806 1100 extra
827 1043 938 1100 intelli·
994 1042 1139 1097 transiret
1153 1058 1207 1115 per
1218 1039 1436 1114 posnamiQuid
1450 1041 1496 1093 est
1510 1037 1591 1093 enim
1603 1035 1751 1108 oportuit,
1762 1035 1823 1089 nisi

115 1129 250 1200 gentiam
260 1127 394 1183 hominis
410 1143 474 1183 esse
490 1134 525 1184 ut
539 1130 630 1186 homo
651 1131 733 1187 Deus
757 1132 936 1188 crederetur.
994 1131 1067 1201 quia
1079 1130 1168 1185 aliter
1183 1145 1245 1186 non
1258 1126 1383 1201 potuit?
1397 1125 1554 1192 Quomodo
1579 1139 1650 1194 ergo
1672 1137 1772 1190 suam,
1796 1122 1823 1177 si

114 1214 641 1288 Proptereahumanaeintelligentiae
653 1219 940 1275 adhucsubtuserat
994 1218 1148 1289 oportuit,
1164 1221 1194 1273 et
1208 1215 1360 1288 quomodo
1373 1214 1519 1286 oportuit,
1533 1213 1563 1268 si
1574 1209 1685 1268 suam?
1699 1210 1732 1265 Si
1757 1209 1821 1280 glo·

115 1304 217 1373 homo,
233 1316 331 1374 neque
342 1303 376 1358 in
390 1301 448 1358 fide
462 1304 596 1360 hominis
611 1306 711 1362 adhuc
724 1311 760 1363 ut
771 1307 854 1364 Deus
877 1323 938 1362 cre·
993 1306 1040 1361 ria
1055 1307 1122 1377 ejus
1134 1305 1193 1360 tuit
1209 1303 1361 1376 quomodo
1376 1305 1411 1357 ut
1426 1302 1465 1357 ad
1485 1300 1570 1356 illam
1594 1300 1733 1367 intraret,
1757 1299 1823 1370 pati

116 1390 247 1459 deretur,
277 1389 463 1445 ascenderat.
493 1392 564 1448 ldeo
588 1392 742 1450 dubitanti
770 1398 800 1450 et
823 1395 939 1450 amanti
995 1391 1225 1465 oportuitiSed
1241 1407 1329 1447 suam
1343 1395 1521 1463 propterse,
1537 1388 1673 1461 oportuit
1699 1390 1824 1459 propter

107 1478 212 1534 dixit:
228 1479 305 1532 Noli
319 1493 370 1533 me
386 1482 530 1548 tangere,
545 1483 692 1536 nondum
705 1484 793 1538 enim
805 1484 940 1538 arcendi
995 1497 1064 1537 nos.
1080 1481 1203 1538 Poterat
1217 1479 1340 1552 quidem
1353 1479 1494 1534 Christus
1505 1478 1530 1532 si
1543 1477 1692 1533 voluisset
1703 1474 1825 1530 aliavia

117 1569 161 1621 ad
175 1567 309 1621 Patrem
327 1580 435 1620 meum
452 1567 556 1636 (Joan.
573 1568 641 1638 xx).
658 1569 785 1642 Propter
798 1569 856 1625 hoc
869 1585 940 1640 ergo
994 1570 1109 1624 intrare
1123 1570 1155 1623 in
1171 1568 1299 1640 gloriam
1315 1571 1451 1636 suam3et
1466 1565 1618 1638 quomodo
1632 1563 1724 1620 uellet
1735 1563 1822 1618 illam

117 1654 191 1725 quia
203 1653 317 1709 sciebat
330 1653 363 1708 in
378 1655 563 1710 conscientia
577 1655 713 1711 humana
727 1673 759 1712 se
770 1658 880 1713 subtus
895 1673 939 1713 es·
954 1666 980 1724 Β
994 1659 1154 1730 accepisse,
1169 1656 1426 1729 quemadmodum
1449 1656 1475 1710 si
1493 1652 1585 1710 vellet
1602 1666 1762 1723 nunquam
1780 1667 1826 1706 ca-

118 1758 160 1811 se,
176 1745 205 1798 et
218 1744 253 1796 ut
279 1741 407 1813 aequalis
435 1743 606 1800 crederetur
629 1745 725 1800 eidem
751 1747 942 1801 conscientia
996 1747 1117 1814 ruisset,
1133 1745 1185 1800 sed
1199 1760 1318 1816 semper
1327 1743 1495 1799 habuisset.
1516 1740 1678 1796 Sedvoluit
1698 1743 1825 1812 propter

116 1829 320 1902 longinquum
335 1833 365 1886 et
379 1833 558 1887 extraneum
584 1847 660 1902 esse,
684 1833 832 1905 paulatim
856 1834 941 1890 illam
996 1849 1052 1890 nos
1066 1849 1120 1906 per
1134 1848 1255 1905 poenam
1270 1833 1314 1888 ire
1325 1833 1358 1887 in
1373 1831 1501 1902 gloriam
1516 1845 1615 1898 suam,
1630 1832 1665 1883 ut
1688 1828 1824 1883 moriens

117 1917 251 1986 fovebat,
267 1920 302 1972 ut
317 1917 356 1972 ad
369 1918 529 1973 veritatem
545 1921 756 1990 assuefaceret,
770 1926 806 1977 ut
829 1923 943 1977 veritas
996 1924 1136 1978 timorem
1158 1920 1277 1976 tolleret
1298 1919 1470 1992 passionis;
1498 1932 1659 1986 resurgens
1685 1914 1825 1971 redderet

117 2003 201 2059 illam
215 2003 415 2074 illuminaret,
428 2020 490 2060 non
504 2007 625 2061 novitas
641 2008 870 2064 scandalizaret.
894 2010 943 2065 Sic
998 2026 1081 2083 spem
1095 2008 1333 2080 glorificationis.
1349 2008 1415 2063 Hac
1427 2007 1478 2062 via
1490 2007 1535 2060 ire
1549 2005 1657 2072 voluit,
1672 2003 1746 2075 quia
1766 2019 1824 2059 nos

118 2107 188 2162 ergo
202 2089 343 2147 Christus
358 2091 449 2148 homo
472 2093 553 2148 inter
574 2094 714 2151 homines
735 2097 942 2153 conversando
997 2100 1055 2154 hac
1068 2099 1120 2154 via
1131 2099 1174 2153 ire
1187 2097 1359 2164 debuimus,
1369 2096 1423 2167 qui
1435 2095 1495 2149 alia
1509 2109 1570 2149 non
1585 2091 1822 2164 potuimusNos

118 2177 285 2234 secundum
309 2178 569 2250 dispensationem
591 2181 684 2239 saluti
708 2183 851 2240 humanae
873 2200 941 2241 con·
996 2186 1149 2254 volumus,
1164 2185 1217 2240 sed
1232 2200 1293 2241 non
1303 2199 1475 2256 possumus.
1493 2182 1561 2254 Ipse
1576 2181 1686 2253 potuit,
1702 2180 1754 2235 sed
1767 2194 1822 2235 uo·

118 2281 229 2337 gruum
244 2281 298 2338 per
308 2270 480 2341 temporum
490 2269 652 2325 intervalla
664 2272 746 2343 quod
760 2273 792 2328 in
805 2288 836 2328 se
851 2273 944 2328 simul
996 2274 1055 2328 luit
1063 2290 1072 2342 ;
1087 2273 1159 2345 quia
1175 2272 1304 2328 sialiter
1325 2272 1442 2339 ivisset,
1469 2270 1668 2343 pervenisset,
1688 2267 1742 2322 sed
1760 2283 1824 2323 non

118 2358 183 2410 erat
196 2356 327 2427 aperuit,
343 2358 373 2411 et
388 2355 471 2427 quod
478 2357 589 2428 ipseab
603 2359 692 2414 initio
706 2359 830 2432 plenum
845 2365 945 2433 etper·
998 2361 1199 2417 subvenisset.
1215 2359 1274 2424 Qui
1286 2374 1357 2430 ergo
1373 2359 1529 2414 Christum
1552 2358 1584 2412 in
1607 2355 1750 2428 passione
1773 2355 1825 2410 ali-

117 2442 232 2498 iectum
245 2442 378 2499 habebat
392 2442 534 2501 humanae
549 2446 715 2516 cognitioni
726 2462 779 2520 per
794 2449 944 2520 quosdam
997 2448 1072 2522 quid
1086 2449 1233 2504 meruisse
1243 2447 1362 2516 asserit,
1378 2448 1422 2502 ita
1434 2450 1470 2502 ut
1481 2445 1585 2502 eadem
1597 2445 1764 2517 passionne
1774 2444 1826 2500 bo-

117 2530 272 2603 profectus
286 2531 481 2587 revelationis
493 2548 525 2589 se
539 2533 661 2604 habere,
673 2536 773 2606 magis
788 2553 822 2593 ac
844 2538 944 2607 magis
997 2553 1071 2594 num
1093 2536 1217 2608 aliquod
1236 2536 1275 2591 ad
1294 2535 1487 2591 commodum
1511 2533 1559 2590 vel
1584 2533 1748 2589 utilitatem
1775 2531 1824 2588 vel

117 2622 209 2690 Pl0¹¹t
224 2618 384 2690 0P0rtebat
399 2621 541 2675 Oitessdil·
996 2625 1124 2698 gloriam
1140 2640 1227 2680 suam
1251 2639 1321 2679 eum
1349 2623 1519 2679 obtinuisse
1546 2620 1720 2690 contendat,
1740 2621 1824 2693 quod

90 2782 93 2787 -
153 2705 211 2762 Sed
225 2705 348 2762 dicunt:
364 2707 395 2763 Si
409 2708 441 2762 in
455 2708 577 2764 Christo
591 2709 715 2766 homine
729 2712 768 2767 ab
785 2712 875 2769 initio
904 2729 942 2768 ex
994 2716 1077 2787 Juste
1091 2713 1202 2769 habere
1221 2728 1283 2768 non
1294 2713 1455 2785 potuisset,
1469 2712 1495 2767 si
1509 2726 1620 2783 passus
1634 2709 1822 2778 noniuisset,

118 2793 290 2850 obedientia
305 2795 505 2867 suscipienda
527 2797 680 2868 passionis
703 2800 847 2856 meritum
871 2801 940 2871 fuit,
997 2802 1152 2858 Christum
1167 2801 1300 2873 planein
1316 2800 1528 2856 necessitatem
1550 2798 1702 2871 passionis
1725 2797 1820 2868 ducit,

117 2881 150 2937 in
166 2881 223 2937 hoc
237 2882 304 2954 ipso
314 2883 378 2954 jam
393 2887 514 2939 constat
538 2885 631 2956 quod,
660 2887 686 2941 si
708 2902 856 2959 passurus
880 2905 941 2945 non
980 2877 982 2882 ’
997 2895 1026 2946 et
1040 2891 1155 2963 pariter
1168 2889 1385 2960 redemptionis
1400 2889 1530 2960 gratiam
1546 2903 1615 2960 quae
1630 2887 1765 2942 inmorte
1779 2887 1822 2958 ip

115 2970 226 3025 fuisset
235 2970 274 3025 ab
289 2970 539 3040 imitamentum
552 2972 731 3031 obedientiae
743 2977 879 3048 patiendi
892 2978 942 3033 ha·
959 3003 982 3061 C
997 2980 1061 3035 sius
1082 2978 1218 3034 exhibita
1230 2981 1274 3033 est
1289 2977 1480 3045 imminuere,
1496 2975 1543 3030 vel
1560 2976 1821 3047 potiusevacuare

115 3055 187 3112 bere
201 3072 262 3113 non
274 3060 433 3130 potuisset.
463 3060 495 3115 Si
520 3061 601 3117 enim
623 3062 727 3119 lutura
750 3066 853 3137 passio
877 3081 939 3121 non
993 3068 1184 3124 convincitur
1191 3082 1200 3135 3
1216 3066 1270 3138 qui
1284 3081 1408 3121 causam
1422 3065 1575 3137 passionis
1589 3066 1655 3136 ejus
1670 3078 1731 3120 non
1754 3078 1821 3118 nos

117 3144 236 3214 fuisset,
251 3145 424 3202 obedientia
438 3148 575 3219 patiendi
589 3150 674 3206 nulla
688 3152 806 3208 fuisset.
824 3153 855 3209 Si
871 3155 939 3210 obe·
994 3160 1083 3225 tram,
1100 3155 1152 3211 sed
1167 3155 1262 3228 ipsias
1276 3155 1488 3210 necessitatem
1503 3154 1597 3209 fuisse
1620 3153 1749 3225 probare
1771 3166 1819 3206 co·

118 3231 233 3288 dientia
248 3234 436 3303 nonluisset,
451 3237 595 3292 meritum
604 3238 783 3296 obedientie
798 3257 859 3297 non
870 3242 942 3297 fuis
994 3248 1096 3299 natur.
1106 3244 1185 3313 Ergo
1197 3242 1338 3298 Christus
1352 3258 1413 3297 non
1429 3242 1540 3296 meruit
1554 3241 1643 3313 quasi
1659 3241 1717 3295 sibi
1741 3239 1823 3294 inde·

117 3319 379 3392 setsicitaquead
393 3322 590 3379 obtinendam
602 3325 729 3394 gloriam
740 3328 940 3402 incorruptio·
994 3332 1093 3386 bitum
1109 3329 1227 3401 aliquid
1242 3331 1424 3402 acquirens,
1440 3333 1469 3384 et
1486 3332 1589 3384 tamen
1607 3329 1718 3384 meruit
1742 3342 1821 3399 opus

118 3402 321 3476 nis,inducere
334 3414 484 3465 conantur
499 3413 708 3469 necessitatem
714 3416 876 3487 passionis.
885 3416 942 3472 Sed
995 3417 1122 3474 virtutis
1134 3418 1262 3488 dignum
1274 3418 1518 3473 remuneratione
1530 3417 1698 3489 perficiens.
1715 3415 1823 3486 Neque

119 3496 223 3551 minus
237 3495 433 3552 considerant
444 3498 518 3569 quia
528 3499 632 3554 eadem
640 3501 777 3558 bonitate
789 3520 849 3574 qua
865 3520 897 3559 se
904 3505 943 3560 ad
997 3507 1078 3563 enim
1092 3505 1160 3561 ideo
1176 3506 1249 3577 quia
1263 3506 1350 3577 prius
1364 3507 1429 3577 ipse
1443 3504 1554 3575 dignus
1573 3505 1634 3560 fuit
1646 3520 1734 3576 opus,
1762 3504 1823 3559 vir-

120 3583 326 3640 obedientiam
338 3586 491 3657 passionis
500 3591 702 3658 spontaneum
718 3591 944 3664 exhibuit3quia
997 3595 1074 3649 tutis
1092 3596 1198 3666 postea
1222 3593 1394 3648 exhibitum
1418 3592 1639 3656 remunerabile
1660 3608 1722 3647 non
1742 3592 1824 3661 suit,

119 3671 308 3757 pativoluit,
321 3673 424 3745 justus
440 3678 469 3730 et
483 3675 580 3732 bonas
594 3681 624 3733 et
634 3678 730 3749 gloria
742 3680 854 3753 dignus
868 3682 943 3737 fuis·
998 3697 1096 3754 neque
1111 3696 1234 3736 rursum
1249 3682 1322 3753 quia
1336 3697 1392 3753 pro
1407 3694 1494 3753 opere
1505 3679 1630 3734 virtutis
1652 3695 1827 3734 remunera·

121 3760 271 3828 set,etiam
280 3762 376 3834 sipati
383 3763 541 3835 noluisset;
553 3766 667 3823 sienim
675 3769 740 3839 pati
748 3770 896 3826 voluisset
906 3770 945 3827 ad
998 3774 1049 3826 tus
1064 3769 1185 3837 dicitur,
1201 3770 1287 3840 prius
1299 3769 1392 3825 etiam
1407 3783 1499 3841 quam
1512 3770 1688 3839 operaretur
1708 3766 1826 3837 dignus

120 3847 517 3918 patiendumobediensnon
533 3854 716 3924 fuisset,non
731 3860 834 3914 tamen
846 3859 947 3915 tuobe
999 3858 1094 3913 fuisse
1106 3843 1245 3927 negatur.
1261 3856 1374 3913 Meruit
1397 3872 1468 3928 ergo
1491 3858 1640 3928 quantum
1665 3855 1704 3909 ad
1727 3856 1826 3911 virtu·

121 3933 675 4006 diensiuisset,quiavoluntatiPatris
686 3944 742 3998 hoc
757 3945 864 4001 nolens
884 3962 946 4002 non
1000 3949 1060 3999 tem
1075 3945 1185 4016 operis,
1197 3945 1270 4016 quia
1283 3960 1336 4015 pro
1343 3959 1442 4016 opere,
1452 3942 1697 3999 remuneratione
1712 3942 1827 4012 dignus

33 4047 38 4061 ·
120 4021 944 4100 contradixisset,quoniamhocetipsePaternoluisset.
1000 4033 1070 4101 fuit
1085 4049 1139 4088 nec
1155 4037 1257 4088 tamen
1270 4032 1313 4087 sic
1327 4032 1439 4087 meruit
1454 4032 1542 4104 quasi
1555 4032 1667 4102 dignus
1679 4046 1740 4086 non
1749 4032 1826 4086 suis·

120 4108 945 4184 Namsicutobediensfuitquiavolentivolensconsen-
1001 4125 1056 4190 set,
1071 4122 1163 4176 etiam
1178 4121 1204 4176 si
1219 4125 1362 4193 operatus
1376 4135 1437 4177 non
1452 4120 1570 4175 fuisset.
1587 4120 1677 4175 Pater
1690 4118 1827 4174 familias

122 4198 171 4267 sit,
181 4197 332 4272 itaprocul
343 4199 437 4255 dubio
451 4201 595 4259 obediens
605 4203 753 4274 fuisset,si
764 4207 879 4263 nolenti
891 4210 948 4266 hoc
1000 4209 1120 4265 laborat
1134 4211 1166 4265 in
1176 4210 1267 4265 vinea
1282 4226 1347 4278 sua,
1364 4212 1394 4263 et
1412 4212 1482 4281 post
1496 4207 1616 4264 eumad
1631 4208 1826 4264 refectionem

122 4285 205 4341 Patri
214 4286 330 4344 idemet
342 4288 738 4360 ipsenolensconsensisset.
753 4295 859 4367 Itaque
871 4313 987 4393 sem·D
1001 4299 1087 4354 venit
1123 4298 1260 4370 postulat
1286 4298 1399 4367 cibum,
1420 4297 1498 4353 bene
1524 4311 1555 4351 se
1580 4296 1728 4351 meruisse
1752 4296 1829 4351 dicit

123 4373 326 4447 perobediens
334 4377 580 4447 luisset,etiamsi
590 4396 700 4452 passus
711 4384 949 4455 nonfuissetpe·
1002 4386 1084 4458 quod
1101 4389 1280 4458 accepturus
1298 4385 1416 4442 est.Sed
1437 4385 1525 4441 aliter
1535 4385 1741 4440 mercenarius
1765 4400 1827 4439 me·

124 4463 545 4538 quemeritoejusquidquam
553 4469 751 4539 minueretur,
768 4473 860 4528 etiam
868 4475 893 4529 si
908 4475 947 4530 ad
1002 4473 1551 4530 returaliterdominus.Merceuarius
1564 4477 1697 4528 meretur
1717 4473 1791 4544 quia
1801 4473 1829 4528 ei

125 4549 297 4621 passionem
312 4549 416 4622 (quam
434 4568 495 4608 non
514 4570 552 4609 ex
570 4555 681 4626 debito,
702 4559 755 4614 sed
779 4575 816 4615 ex
841 4561 946 4632 digna·
1000 4561 1338 4631 nondeberetur,sinon
1359 4565 1544 4634 operaretur,
1559 4562 1710 4617 Dourinus
1725 4564 1829 4617 autem

125 4636 208 4691 tione
222 4637 430 4710 suscepitlnou
440 4639 770 4702 humiliaretur.Unum
782 4651 895 4719 tamen,
906 4651 948 4706 in·
1000 4650 1192 4706 etiamsinon
1201 4654 1562 4723 operatur,panemsuum
1575 4650 1831 4722 manducat,quia

127 4724 248 4795 quiunt,
262 4724 603 4802 estquodChristusper
614 4733 788 4802 passionem
802 4737 946 4808 obtinuit,
1002 4741 1236 4806 suusest;etnon
1251 4754 1329 4810 opus
1346 4738 1469 4794 habetsi
1485 4736 1552 4794 vult
1565 4753 1620 4810 pro
1630 4754 1664 4794 eo
1671 4736 1823 4805 laborare,

125 4811 208 4883 quod
220 4812 327 4884 utique
340 4813 452 4870 habere
465 4831 526 4871 non
540 4819 699 4891 potuisset,
714 4823 740 4878 si
754 4839 864 4895 passus
885 4841 947 4881 non
1001 4826 1073 4898 quia
1083 4829 1210 4881 suusest
1221 4830 1250 4881 et
1263 4826 1534 4899 sincoperelllulta
1543 4830 1690 4898 suntquae
1698 4826 1759 4881 dici
1772 4841 1824 4898 po·

124 4899 242 4954 fuisset.
256 4899 403 4958 Patiendo
414 4904 526 4977 quippe
535 4908 678 4964 omuibus
691 4911 949 4970 credentibusiae·
1001 4914 1350 4986 tuissentsuperhis,sed
1362 4914 1575 4988 haecpraesenti
1589 4913 1831 4970 abbreviationis

124 4991 175 5043 tus
201 4992 247 5045 est
272 4989 444 5062 exemplum
470 4995 633 5065 passionis,
663 4999 743 5055 sicut
763 5002 948 5073 resurgendo
1001 5003 1161 5059 sufficiant.
1170 5003 1345 5059 Novissimo
1358 5007 1499 5075 quaerant
1511 5003 1547 5058 de
1556 5004 1660 5059 anima
1672 5001 1728 5058 illa
1741 5003 1832 5057 ratio

124 5076 266 5133 omnibus
284 5079 474 5150 patientibus
495 5083 594 5138 forma
616 5085 854 5156 glorificationis.
882 5091 948 5146 Hoc
1002 5092 1161 5164 naliquam
1176 5090 1303 5146 verbum
1315 5092 1831 5162 cumcarneinunitatempersonae

123 5180 193 5236 ergo
206 5165 342 5222 lucratus
357 5171 403 5223 est
424 5170 579 5241 patiendo,
606 5174 688 5244 quod
709 5176 810 5247 ipsum
836 5179 946 5248 magis·
1002 5181 1462 5251 assumpsit,utrumsicuteam
1486 5196 1523 5234 ex
1543 5179 1691 5235 ineffabili
1713 5179 1828 5234 unione

123 5257 205 5309 trum
220 5257 250 5309 et
259 5253 412 5310 doctorem
427 5263 599 5329 sequuntur
610 5277 716 5318 omnes
731 5265 784 5335 qui
800 5265 875 5320 bene
894 5281 947 5337 pa·
1001 5268 1172 5324 divinitatis
1183 5269 1348 5341 perfectam
1361 5269 1564 5342 sapientiam,
1581 5272 1610 5323 et
1629 5269 1777 5323 virtutem
1801 5270 1832 5322 et

123 5342 253 5397 tiuutur.
271 5341 416 5412 Magnum
432 5345 649 5416 quidlucratus
664 5352 719 5404 est.
732 5349 812 5414 Quid
825 5353 948 5424 ipsihoc
1000 5353 1170 5410 bonitatem
1182 5355 1332 5427 accepisse
1344 5356 1475 5411 dicimus
1484 5371 1492 5424 3
1507 5356 1552 5409 ita
1569 5369 1691 5427 quoque
1715 5355 1755 5408 ab
1777 5354 1832 5408 ini·

124 5427 274 5500 prodest?
289 5429 446 5501 Praecedit,
471 5438 501 5488 et
521 5448 626 5489 omnes
648 5441 826 5507 sequuntur.
852 5439 948 5511 Cujus
1001 5443 1045 5498 tio
1059 5443 1240 5514 priusquam
1258 5443 1386 5514 gloriam
1397 5444 1628 5499 resurrectionis
1642 5458 1696 5515 per
1710 5443 1833 5497 immor-

125 5518 241 5572 bonum
256 5517 379 5574 esthoc?
394 5519 539 5574 Errantes
551 5521 807 5592 inveni,proecessi
817 5532 851 5582 ut
866 5528 947 5585 viam
1001 5530 1151 5585 talitatam
1171 5532 1272 5587 carnis
1283 5532 1422 5609 indueret
1434 5548 1471 5587 ex
1485 5532 1588 5586 eadem
1603 5530 1833 5586 unionediviui·

113 5605 273 5674 docerem,
290 5621 396 5661 omncs
411 5607 507 5662 secuti
516 5611 598 5663 sunt.
615 5609 788 5683 Mihilquid
801 5616 949 5687 prodest?
1003 5619 1086 5686 tatis,
1103 5618 1223 5689 plenam
1237 5636 1359 5693 quoque
1373 5621 1594 5677 beatitudinem
1620 5619 1767 5674 habuisse
1791 5619 1833 5673 di·

128 5693 192 5764 ligo
208 5693 292 5749 viam
306 5695 449 5766 sciebam,
462 5710 516 5769 per
527 5712 576 5753 me
589 5697 726 5756 incedere
736 5705 883 5775 poteram,
896 5708 949 5763 sed
1001 5721 1115 5763 camus.
1132 5706 1258 5774 Quodsi
1272 5709 1475 5779 concedimus,
1491 5709 1650 5782 objiciunt,
1667 5707 1748 5781 quod
1765 5707 1832 5762 ani·
