3742 6082
153 206 205 260 959

541 193 694 251 HUGONlS
712 193 758 248 DE
779 190 807 246 S.
827 188 975 246 VICTORE
995 186 1070 243 OPP.
1091 186 1179 243 PARS
1199 189 1246 244 ΙΙΙ.
1262 217 1296 228 -
1310 186 1470 243 hrsrrcu.

1814 197 1851 252 tfl

82 312 86 317 ¹
152 323 307 402 privilegio
320 319 479 391 singularis
495 317 607 375 amoris
624 316 667 372 tui
687 314 811 371 societas
829 312 981 370 bonorum
1000 321 1023 372 A
1037 310 1126 368 bonis
1138 313 1245 370 dilecta
1259 330 1301 381 es,
1317 329 1379 387 prae
1394 311 1535 369 omnibus
1550 310 1639 367 malis
1651 309 1762 367 dilecta
1777 326 1817 367 es.
1835 311 1863 367 nt

153 411 330 489 praescrihit,
352 410 424 482 quia
439 422 568 480 sponsus
584 410 654 461 tuns
678 405 710 461 in
732 401 874 460 omnibus
887 400 982 471 diligit

153 510 191 572 te,
207 518 286 575 quos
299 499 394 571 diligit
407 501 578 570 propterte,
594 512 629 551 ac
643 511 696 567 per
707 492 765 549 hoc
780 492 870 549 etiam
882 491 982 561 singu·

153 592 252 649 lariter
266 589 361 657 diligit
376 594 411 653 te,
426 584 499 658 quia
521 584 595 640 nihil
607 583 703 656 diligit
715 583 778 639 sine
795 586 831 638 te.
848 584 911 637 Non
927 597 980 636 au-

127 739 129 743 ,
153 682 213 732 tem
237 676 341 731 timeas
364 672 498 728 animum
525 668 604 724 illius
632 669 662 724 iu
689 683 824 724 amorem
847 664 1006 739 plurium·

153 762 239 836 quasi
255 778 308 834 per·
332 759 472 815 allectum
494 756 631 824 distrahi,
647 761 676 812 et
696 755 805 812 idcirco
832 753 980 810 minorem

152 868 219 909 esse
235 851 274 907 ad
289 849 433 919 stupidos,
461 846 544 919 quod
557 846 682 918 partitus
702 842 930 918 quodammodo
953 847 981 897 et

152 941 266 999 diuisus
277 940 410 996 rideatur
421 937 451 992 in
461 935 648 992 cunctosSic
660 933 784 1004 singulis
795 933 880 989 adest
893 930 980 1004 quasi

152 1030 304 1098 omnibus,
320 1028 390 1099 quia
406 1043 461 1082 nec
476 1024 569 1081 aliurn
583 1039 637 1079 nec
651 1023 799 1094 majorem
811 1021 977 1078 dilectionis

151 1120 292 1176 allectum
308 1115 432 1185 singulis
455 1112 653 1186 impenderet,
679 1112 702 1167 si
725 1111 842 1184 absque
858 1114 978 1167 cuncto-

150 1226 220 1265 rum
234 1205 460 1281 participatione
481 1202 616 1271 singulos
636 1206 759 1258 amaret.
784 1204 859 1272 Ergo
873 1215 979 1256 onrnes

150 1314 247 1354 unum
261 1297 346 1353 ruriee
363 1294 496 1364 diligant.
513 1297 545 1349 ut
560 1308 665 1347 ornnes
680 1291 719 1347 ab
734 1306 795 1346 uno
811 1289 897 1346 unice
912 1288 978 1344 dili-

151 1392 270 1458 gantnr,
287 1385 358 1458 quia
371 1401 426 1439 nec
439 1382 515 1439 alius
527 1386 634 1454 prreter
648 1396 742 1435 unum
756 1379 843 1435 unice
862 1378 902 1435 ab
917 1395 976 1435 oru-

150 1476 240 1532 nibus
254 1473 423 1543 diligendus
437 1477 489 1539 cst,
505 1487 561 1527 nec
574 1471 650 1527 alius
666 1473 771 1541 praeter
786 1485 881 1524 unum
892 1469 978 1524 urrice

150 1581 255 1622 onrnes
274 1564 395 1633 diligere
415 1565 520 1635 potest.
547 1562 657 1616 Omnes
682 1563 783 1615 autern
811 1557 842 1613 iu
871 1574 931 1613 uno
947 1575 977 1613 se

1037 417 1074 456 ue
1090 417 1199 474 parum
1213 401 1265 457 tihi
1278 401 1425 472 videatur,
1445 399 1528 474 quod
1542 415 1603 473 prae
1619 398 1765 455 omnibus
1784 397 1863 454 malis

1036 489 1143 547 dilecta
1158 507 1200 556 cs,
1217 491 1322 563 quanti
1335 489 1408 546 boni
1423 494 1503 558 sunt,
1518 488 1571 561 qui
1590 488 1693 544 minus
1706 492 1735 544 te
1745 501 1868 560 accepe¹

1036 582 1127 637 runt?
1149 581 1204 638 Sed
1220 581 1293 654 quia
1308 597 1363 654 pro
1387 579 1536 637 desiderio
1565 579 1728 650 singularis
1756 579 1869 635 amenis

1035 669 1074 724 ad
1089 687 1125 726 ca
1138 670 1248 744 potius,
1279 687 1347 743 quae
1373 669 1562 740 singulariter
1583 667 1653 726 data
1676 672 1748 725 sunt
1769 668 1862 725 ιιιιιιι

1033 759 1129 827 video,
1146 759 1286 832 quamvis
1302 759 1396 816 multa
1411 759 1511 816 adbuc
1524 758 1582 814 dici
1597 762 1725 832 possent
1738 757 1778 815 de
1790 756 1826 814 iis
1839 757 1861 814 in

1033 848 1145 921 quibus
1168 853 1197 905 et
1218 866 1288 904 cunr
1301 849 1413 922 quibus
1437 849 1545 906 dilecta
1560 865 1602 921 es,
1631 850 1689 905 hoc
1702 847 1789 921 quod
1805 848 1862 919 jan

1034 937 1207 994 dictumest
1222 937 1357 994 sufficere
1371 938 1449 995 volo.
1476 937 1548 994 Nolo
1571 943 1683 1005 tamen,
1709 942 1744 993 ut
1759 952 1860 1010 parurn

1034 1027 1183 1083 existimes
1197 1027 1243 1083 rel
1256 1027 1288 1083 in
1303 1027 1401 1095 tantis,
1425 1026 1472 1083 vel
1486 1045 1556 1084 curn
1569 1026 1680 1084 talibus
1697 1032 1724 1082 te
1746 1042 1814 1083 esse
1826 1026 1859 1083 di·

1033 1117 1152 1186 lectam,
1167 1117 1218 1172 nbi
1235 1121 1263 1172 et
1274 1117 1372 1173 bonos
1387 1132 1493 1173 omnes
1507 1117 1623 1174 habeas
1638 1116 1751 1187 socios,
1771 1115 1858 1172 malos

1032 1223 1114 1276 vero,
1142 1211 1174 1263 ut
1202 1224 1269 1280 quae
1296 1207 1415 1264 condita
1431 1213 1500 1263 sunt
1524 1207 1674 1273 universa,
1703 1206 1857 1278 subjector.

1033 1295 1136 1351 Vidisti
1149 1295 1394 1365 igitur,oanima
1409 1313 1486 1365 mea,
1515 1300 1630 1369 quanta
1659 1294 1784 1352 suntin
1802 1294 1857 1370 qui·

1031 1383 1089 1439 bus
1105 1384 1211 1440 dilecta
1227 1401 1268 1453 es,
1285 1385 1384 1441 vidisti
1400 1385 1505 1459 quales
1522 1389 1591 1441 sunt
1616 1402 1688 1442 cum
1698 1384 1809 1457 quibus
1821 1383 1855 1441 di·

1031 1471 1107 1527 lecta
1131 1489 1172 1543 es,
1197 1489 1277 1530 nunc
1299 1490 1361 1546 prae
1384 1475 1496 1548 quihus
1517 1473 1625 1531 dilecta
1639 1473 1680 1529 sis
1695 1472 1850 1539 considera

1032 1568 1178 1633 quantum
1194 1566 1302 1635 potest.
1318 1563 1381 1618 Tibi
1396 1563 1514 1635 loquor,
1531 1563 1633 1619 anima
1648 1579 1729 1628 mea,
1741 1566 1774 1618 ιιι
1787 1562 1849 1619 nost

149 1655 341 1729 quasiurrunr
352 1648 975 1721 diligant,etuniusdilecti0neunumfiant.
993 1670 1013 1723 p
1031 1651 1104 1724 quid
1125 1653 1284 1725 acceperis,
1309 1656 1338 1708 et
1362 1669 1483 1709 necesse
1511 1652 1606 1709 hahes
1630 1651 1733 1708 adhue
1757 1651 1847 1708 metu

149 1749 205 1801 lstc
217 1759 303 1799 arnor
314 1742 419 1799 unicus
433 1744 549 1795 estnon
561 1742 661 1794 tamen
674 1737 816 1810 privatus,
829 1736 911 1792 solus
922 1753 977 1792 nec

149 1840 249 1892 tamen
265 1830 422 1895 solit-rrius,
434 1827 628 1903 participatus
644 1845 698 1883 ιιιι
713 1826 827 1882 divisus
843 1842 977 1882 cominu-

148 1924 194 1980 uis
209 1929 238 1980 et
252 1920 423 1991 singularis,
444 1923 620 1974 cunctorum
644 1916 779 1987 singulus
794 1920 823 1971 et
847 1914 977 1985 singulo·

148 2029 216 2068 rurn
228 2016 317 2077 totus,
332 2025 387 2065 nec
401 2007 627 2080 participatione
643 2006 828 2071 rleerescenS,
853 2019 907 2059 nee
920 2020 976 2058 usu

148 2100 300 2172 deiciens,
320 2115 376 2155 nec
403 2103 535 2168 ternpore
558 2100 753 2161 veterascens,
779 2091 920 2164 antiquus
949 2094 977 2146 et

147 2204 257 2260 novus,
286 2188 394 2243 all'ectu
416 2182 635 2248 desiderabilis,
659 2183 841 2256 experientia
868 2179 975 2244 dulcis,

147 2277 245 2333 fructu
259 2279 396 2339 eternus,
421 2270 640 2341 judicanditate
660 2270 778 2340 plenus,
794 2268 929 2325 reficiens
948 2272 977 2323 et

147 2366 270 2433 satians,
282 2379 337 2419 nee
353 2375 489 2433 unquam
507 2359 660 2415 lastidiuru
675 2373 830 2428 generans.

181 2523 282 2573 hurur.
308 2547 342 2556 —
365 2512 440 2571 Salis
451 2509 595 2583 jncundae
615 2510 688 2565 inibi
712 2513 781 2566 sunt
795 2509 974 2565 assertiones

146 2612 213 2674 ture,
231 2609 259 2662 et
273 2605 368 2660 tateor
382 2600 528 2676 quoniam
541 2599 610 2655 inde
623 2599 686 2670 jam
703 2598 812 2671 incipio
821 2597 973 2654 ardentius

143 2696 235 2769 hujus
264 2709 397 2752 amorem
427 2693 577 2764 appetere,
603 2688 682 2744 uude
712 2688 795 2761 prius
821 2703 972 2761 creperanr

144 2803 214 2844 ιιιιιι
229 2783 359 2858 amplius
375 2782 523 2841 lastidere.
533 2781 608 2836 Sane
619 2794 715 2833 uuum
726 2777 825 2833 adhuc
837 2783 973 2850 superest

144 2875 292 2934 desiderio
306 2889 374 2930 meo
389 2870 509 2945 quodsi
524 2885 577 2943 per
592 2880 618 2925 re
633 2868 758 2940 adipisci
770 2872 885 2940 potero,
902 2867 972 2923 satis

143 2964 315 3040 peremnia
336 2963 409 3019 rnilri
424 2962 537 3017 tactum
552 2975 617 3016 esse
642 2974 703 3013 non
727 2956 884 3013 dubitabo.
910 2957 970 3012 Hoc

143 3061 244 3113 autern
260 3058 313 3124 est,
326 3052 349 3108 si
360 3049 515 3125 quomodo
527 3045 726 3104 demonstrari
736 3045 832 3119 possit
845 3044 971 3119 qualiter

141 3145 196 3203 istc
217 3158 346 3218 sponsus
370 3139 500 3197 casitatis
524 3135 649 3207 siugulis
673 3151 750 3208 quos
772 3133 867 3204 diligit
884 3135 971 3208 quasi

121 3243 124 3247 ’
142 3233 284 3291 omnihus
298 3232 407 3290 allec-tu
420 3235 449 3286 ct
462 3228 570 3285 effectu
584 3225 671 3281 adsit.
683 3227 714 3280 Et
729 3224 766 3279 de
781 3223 889 3280 affectu
904 3223 970 3297 qui-

141 3323 211 3382 dem
226 3322 362 3380 dubitare
383 3335 445 3375 uon
459 3321 573 3391 potero,
594 3314 618 3370 si
633 3315 690 3369 lruc
701 3314 731 3369 in
748 3312 853 3368 effectu
866 3329 969 3369 reruni

141 3430 206 3472 esse
220 3427 380 3485 cognosco.

176 3553 269 3606 ιιοιιο.
286 3550 308 3604 0
322 3545 424 3603 anima
438 3558 516 3608 mea,
528 3540 552 3597 si
562 3543 717 3611 tantopere
732 3536 763 3592 in
775 3536 894 3606 incepto
903 3548 968 3606 per-

140 3639 229 3707 sistis,
246 3654 301 3694 nec
325 3636 378 3693 tihi
403 3632 591 3690 satisfactum
616 3642 680 3684 esse
703 3625 832 3698 judicas,
855 3623 880 3678 si
905 3639 967 3679 non

138 3745 265 3804 prorsus
289 3725 441 3797 singulare
464 3719 647 3779 heneficium
671 3715 774 3790 sponsi
795 3713 838 3770 tui
852 3712 967 3786 impen-

139 3834 207 3872 sum
222 3832 383 3886 agnoscas,
399 3814 490 3870 etiarn
503 3811 534 3866 in
552 3809 610 3866 hoc
626 3812 684 3862 tuse
698 3802 831 3877 petitioni
843 3801 968 3858 libenter

138 3919 251 3971 annuo,
268 3903 414 3975 quoniam
437 3901 515 3955 hauc
530 3901 613 3953 tuam
636 3894 809 3951 instantiam
825 3908 861 3948 ex
876 3891 966 3948 devo·

136 3991 217 4047 ιιοιιι
231 3990 331 4062 potius
349 3988 442 4053 nasci,
457 4002 552 4059 quam
565 4000 602 4040 ex
616 3982 841 4055 importunitate
858 3996 966 4050 cogno

138 4094 200 4137 sce.
237 4082 312 4137 llam
351 4077 381 4134 in
417 4077 475 4132 hoo
502 4088 624 4147 quoque
650 4069 780 4142 providit
808 4069 861 4124 tibi
891 4069 965 4141 opti-

136 4187 204 4229 rnus
231 4174 348 4227 amator·
370 4173 449 4236 tuus,
471 4180 509 4220 ne
532 4161 607 4219 nihil
625 4164 702 4215 esset
727 4158 757 4214 in
778 4173 839 4230 qno
866 4157 965 4227 singu·

135 4261 235 4318 lariter
246 4259 283 4317 de
305 4258 371 4331 ipso
386 4253 505 4326 gloriari
520 4249 617 4326 possis
630 4247 683 4304 sed
697 4246 774 4302 sicut
788 4244 963 4302 communia

135 4355 163 4406 et
175 4347 305 4422 speciata
316 4345 408 4411 dedit,
425 4344 465 4399 sic
480 4346 509 4398 et
522 4336 686 4409 singularia
699 4333 808 4391 tribuit.
821 4337 961 4391 Commu·
982 4378 989 4390 .

134 4437 185 4495 nia
199 4435 323 4509 quidem
333 4436 402 4488 suut
414 4447 461 4501 ea,
472 4445 540 4503 quae
550 4427 680 4484 inrisum
693 4423 901 4479 universorum
914 4439 963 4479 re·

132 4524 229 4591 niunt,
245 4522 322 4578 sicut
332 4524 377 4576 est
389 4518 441 4575 lux
456 4517 535 4585 solis,
548 4515 700 4588 spiramen
712 4513 800 4569 aeris.
817 4512 962 4585 Specialia

133 4627 216 4683 vere,
229 4615 262 4668 ut
272 4625 318 4679 ea,
334 4626 402 4682 quae
417 4622 479 4663 nen
498 4605 649 4670 omnihus,
667 4602 719 4658 sed
735 4602 823 4675 quasi
837 4601 962 4674 quidam

134 4700 265 4758 societati
279 4715 422 4756 concessa
444 4700 522 4761 srrnt,
539 4695 615 4750 sicut
634 4697 678 4748 est
701 4690 786 4761 tides,
803 4689 960 4763 sapientia,

132 4790 301 4864 disciplina.
320 4786 486 4853 Singularis
501 4789 600 4841 autern
616 4787 648 4838 ιιι
663 4798 708 4849 ea,
722 4797 791 4853 quar
802 4779 960 4851 unicuique

133 4879 255 4951 propria
267 4878 416 4950 impertita
429 4880 507 4941 sunt,
521 4874 596 4930 sicut
609 4874 699 4927 Petro
713 4871 908 4940 principatus
929 4869 960 4923 in

132 4971 284 5039 apostolis,
304 4971 402 5025 l‘errto
418 4968 602 5036 rrpustotutrrs
626 4964 657 5017 in
679 4961 826 5030 perditius,
848 4959 962 5016 Joarrni

128 5060 321 5131 prinitepr'rrrn
345 5058 465 5114 artioris.
483 5054 644 5110 Considera
659 5067 731 5119 crgo
756 5049 859 5105 anirna
880 5062 957 5113 inca,

131 5166 199 5223 quae
214 5147 387 5205 communia
402 5162 472 5201 cunr
486 5142 639 5209 oruuibuS,
651 5157 720 5212 quen
734 5136 875 5211 specialia
890 5152 959 5191 cunr

130 5237 366 5310 aliquibus,qrrre
382 5231 544 5302 singularia
559 5230 633 5287 solla
647 5226 806 5300 acceperis.
818 5229 848 5279 ln
862 5222 958 5280 omni-

109 5325 187 5382 vlrus
202 5326 237 5381 iis
247 5331 274 5380 te
285 5323 395 5389 dilexit,
405 5336 473 5393 quui
483 5319 528 5375 vel
541 5314 740 5374 communiter
753 5318 852 5368 tecum
863 5310 958 5367 ouini·

128 5415 198 5481 bus,
208 5413 254 5469 vel
266 5411 430 5484 specialiter·
444 5408 639 5481 quibusdam,
653 5403 697 5458 rel
710 5400 897 5470 singulariter
907 5400 957 5456 tihi

128 5506 183 5561 soli
197 5503 308 5559 tribuit.
318 5506 392 5558 tium
401 5500 436 5556 iis
447 5512 567 5553 rursum
576 5492 717 5549 omnibus
729 5495 755 5546 te
766 5489 876 5557 dilexit,
888 5490 955 5564 qui-

127 5594 186 5648 bus
201 5599 227 5648 te
244 5589 470 5663 participatione
485 5583 557 5640 doni
572 5582 619 5637 sui
635 5579 767 5638 sociarit.
786 5583 844 5635 Prae
858 5580 954 5637 omni·

127 5682 186 5738 bus
199 5681 235 5736 iis
248 5686 276 5737 te
290 5679 401 5745 uitem,
418 5675 528 5749 quibus
546 5679 571 5728 te
587 5670 744 5744 singularis
757 5670 858 5744 gratire
872 5670 953 5726 dono

121 5768 304 5840 praetulitln
313 5767 395 5824 omni
405 5769 541 5822 creatura
554 5762 660 5819 dilecta
675 5766 800 5829 est,eum
812 5759 953 5815 omnibus

1030 1758 1130 1810 nosse,
1160 1759 1197 1798 ne
1221 1742 1347 1815 incipias
1369 1743 1415 1799 vel
1443 1744 1480 1799 de
1500 1743 1535 1798 iis
1557 1759 1625 1816 qure
1649 1741 1846 1814 nonaecepisti
1870 1728 1871 1792 ι

1030 1848 1222 1904 presumere,
1238 1833 1285 1888 vel
1299 1833 1336 1889 de
1349 1833 1384 1889 iis
1398 1850 1466 1906 quae
1493 1833 1633 1905 accepisti
1659 1833 1772 1903 gratias
1798 1847 1843 1887 nor

1030 1920 1147 1976 reterre.
1196 1922 1313 1978 Utinam
1341 1922 1471 1978 recolere
1513 1920 1628 1994 possim
1664 1937 1702 1977 ea
1734 1936 1868 1994 quomo·

1030 2008 1069 2064 do
1084 2008 1135 2064 tibi
1152 2009 1280 2082 expedit,
1297 2014 1325 2065 et
1346 2010 1500 2082 quomodo
1529 2009 1570 2065 illi
1599 2008 1708 2081 placet,
1736 2008 1789 2080 qui
1806 2006 1844 2064 tili

1029 2097 1093 2152 haec
1108 2097 1206 2153 dedit!
1223 2102 1296 2154 Narn
1312 2104 1341 2154 ot
1356 2099 1420 2170 ipse
1432 2098 1543 2161 ideireo
1558 2099 1622 2154 haec
1636 2097 1690 2154 tibi
1714 2096 1804 2164 dedit,
1824 2101 1843 2151 ut

1031 2191 1061 2241 ιιι
1076 2202 1195 2259 semper
1209 2205 1243 2244 ea
1259 2188 1288 2243 iu
1308 2187 1455 2244 memoria
1466 2186 1590 2257 habeas,
1604 2192 1633 2243 et
1645 2185 1843 2260 nunquamalr

1029 2276 1093 2347 ejus
1108 2292 1211 2333 amore
1226 2276 1376 2333 oblivione
1390 2282 1532 2350 tepescas.
1543 2280 1675 2334 Primum
1689 2276 1788 2348 cogita
1798 2274 1844 2332 an'r

1028 2379 1078 2418 nra
1094 2381 1171 2432 inea,
1201 2365 1284 2436 quod
1300 2365 1464 2439 aliquando
1479 2382 1541 2421 non
1556 2365 1656 2432 tueris,
1683 2369 1712 2422 et
1739 2369 1770 2420 ut
1793 2378 1843 2420 esre
1862 2363 1866 2451 j

1028 2451 1184 2523 inciperes,
1200 2453 1258 2508 hoc
1269 2454 1333 2525 ejus
1347 2453 1428 2510 dono
1451 2454 1612 2527 acceperis.
1644 2456 1764 2510 Donum
1788 2467 1843 2522 erge

1028 2540 1091 2610 ejus
1107 2546 1179 2607 erat,
1197 2545 1229 2596 ιιι
1244 2543 1338 2598 lieres.
1354 2542 1412 2600 Sed
1426 2543 1565 2615 nunquid
1579 2547 1611 2598 ιιι
1624 2541 1651 2599 ei
1667 2542 1782 2615 aliquid
1804 2541 1841 2598 dc·

1026 2628 1114 2686 deras
1128 2629 1308 2703 priusquam
1322 2631 1418 2700 fieres
1434 2631 1518 2706 quod
1534 2631 1584 2688 tilii
1599 2631 1656 2688 hoc
1670 2631 1711 2689 ab
1737 2648 1773 2688 eo
1792 2630 1843 2688 red-
1867 2640 1870 2691 r

1026 2717 1145 2774 deretur
1161 2724 1192 2775 ut
1205 2719 1307 2777 fieres?
1328 2721 1404 2777 Nihil
1419 2737 1553 2794 prorsus,
1570 2719 1645 2777 nihil
1658 2724 1691 2778 tu
1717 2720 1841 2789 dederat,
1869 2754 1871 2794 ι

1026 2805 1098 2863 nibil
1113 2808 1229 2864 dedisse
1244 2810 1354 2881 poteris
1369 2811 1547 2883 priusquam
1560 2810 1656 2879 lieres,
1684 2809 1737 2866 sed
1763 2808 1842 2881 gratis

1026 2897 1166 2970 accepisti
1178 2898 1217 2955 ab
1232 2914 1267 2955 eo
1281 2903 1315 2955 ut
1329 2899 1425 2956 fieres.
1440 2901 1491 2957 Cui
1504 2916 1574 2969 ergo
1587 2898 1713 2971 praelata
1725 2904 1769 2956 est
1779 2900 1807 2955 in
1817 2913 1843 2955 eo
1869 2931 1871 2953 ι

985 3029 1006 3086 C
1025 2986 1108 3060 qnod
1122 2987 1201 3044 lacta
1216 2991 1268 3044 cs?
1281 2989 1351 3054 Quis
1367 2990 1466 3045 miuus
1481 2985 1616 3061 accipere
1630 2989 1737 3062 potnit,
1760 3003 1841 3062 quau

1024 3078 1076 3149 qui
1089 3081 1122 3133 ut
1134 3077 1215 3133 fieret
1228 3077 1365 3151 accepit?
1379 3081 1411 3134 Et
1427 3083 1525 3135 tarnen
1541 3077 1597 3134 nisi
1621 3078 1679 3134 hoc
1701 3082 1778 3136 esset
1799 3077 1840 3134 ιιι
1865 3085 1868 3138 ι

1024 3165 1097 3238 quid
1110 3166 1244 3240 accipere
1257 3185 1263 3235 ;
1277 3183 1339 3223 non
1349 3172 1467 3240 poterat
1481 3168 1533 3240 qui
1551 3183 1612 3224 non
1635 3171 1699 3224 erat
1712 3166 1839 3241 incipere.
1857 3238 1860 3243 Ι

1024 3259 1051 3310 ιι
1066 3254 1124 3311 nisi
1138 3272 1201 3310 esse
1216 3271 1311 3329 quam
1321 3272 1382 3312 non
1398 3273 1464 3313 esse
1477 3255 1583 3312 melius
1597 3260 1685 3323 esset,
1711 3256 1784 3313 nibil
1804 3254 1839 3313 illt
1856 3266 1869 3321 ιι

1022 3345 1074 3416 qui
1088 3348 1134 3400 est
1144 3361 1189 3411 eo,
1205 3344 1258 3417 qui
1273 3361 1333 3401 nou
1348 3349 1404 3415 est,
1420 3345 1549 3419 amplius
1564 3344 1739 3419 accepisset.
1756 3324 1860 3412 Quen*-

1022 3447 1103 3501 crgO,
1120 3435 1197 3488 licus
1210 3450 1306 3501 meus,
1322 3433 1484 3504 iecistime,
1500 3433 1559 3490 nisi
1571 3433 1644 3506 quia
1668 3449 1736 3491 esse
1756 3431 1839 3504 magis
1869 3482 1871 3490 ι

1022 3537 1113 3592 quani
1125 3538 1186 3577 non
1202 3539 1267 3577 esse
1283 3522 1402 3579 voluisti
1416 3524 1489 3581 me?
1515 3525 1549 3579 Et
1561 3522 1631 3596 plus
1654 3522 1782 3582 dilexisti
1801 3536 1838 3580 nrt
1869 3560 1871 3580 ι

1021 3609 1162 3666 omnibus
1178 3611 1212 3666 iis
1225 3611 1276 3683 qrri
1292 3612 1427 3684 accipere
1442 3628 1503 3669 uon
1515 3612 1798 3671 merueruntilluda
1808 3617 1836 3669 tr.
1856 3646 1871 3695 i·

1022 3701 1096 3757 Cum
1110 3715 1192 3771 erge,
1208 3703 1284 3756 tteus
1300 3717 1395 3769 meus,
1407 3718 1472 3758 esse
1485 3701 1560 3758 mibi
1573 3700 1682 3758 dedisti
1696 3702 1838 3759 bonumrt
1857 3706 1870 3744 ἵ

1021 3806 1177 3862 inagnum,
1193 3791 1309 3848 bonnm
1323 3795 1352 3848 et
1364 3790 1524 3865 pulchrum
1543 3789 1660 3847 bonurn
1676 3796 1762 3848 tuum
1777 3788 1837 3846 miti
1854 3834 1871 3854 ,

1020 3877 1137 3951 dedisti,
1151 3886 1179 3936 ιι
1194 3896 1242 3935 nre
1257 3880 1337 3949 tcum
1352 3880 1410 3935 lroc
1424 3879 1497 3935 mibi
1511 3878 1610 3948 dares)
1621 3879 1775 3952 preelulisti
1787 3893 1837 3936 orn
1859 3893 1866 3946 ι

1020 3967 1109 4023 nibus
1124 3967 1235 4040 quibus
1247 3969 1304 4026 hoc
1315 3974 1431 4025 tautum
1449 3968 1564 4025 bonum
1576 3973 1662 4024 tuum
1671 3969 1746 4024 dare
1756 3967 1836 4024 nolui·
1852 4021 1867 4033 ,

1020 4056 1065 4112 sti.
1083 4057 1219 4115 Oanirna
1234 4075 1310 4125 nrea,
1327 4058 1465 4131 uunquid
1479 4057 1591 4131 aliquid
1617 4057 1758 4124 dicimus,
1779 4071 1835 4114 cun
1853 4076 1854 4081 ¹

1018 4147 1075 4203 lroc
1092 4150 1150 4204 lieo
1163 4153 1265 4205 nostro
1275 4147 1497 4204 dicimustltco
1508 4152 1609 4204 nostro
1620 4162 1710 4219 aquo
1721 4147 1790 4205 tacti
1800 4162 1836 4204 sr·
1857 4172 1862 4207 r

1018 4254 1097 4302 urus,
1111 4237 1179 4294 tacti
1190 4237 1241 4310 qui
1254 4237 1447 4311 noninimus,
1458 4242 1487 4294 et
1498 4237 1536 4294 ab
1548 4234 1691 4294 omnibus
1711 4237 1765 4311 qui
1779 4233 1834 4293 tacti
1855 4260 1869 4298 a

1019 4341 1079 4381 nou
1092 4330 1162 4380 sunt
1173 4324 1312 4397 amplius,
1323 4325 1506 4398 accepimus.
1520 4324 1565 4382 Sic
1580 4339 1715 4397 prorsus,
1741 4325 1783 4381 sio
1795 4320 1832 4381 ιι
1855 4351 1870 4389 ι»

1019 4414 1092 4488 quid
1102 4413 1238 4476 dicimus,
1249 4418 1277 4470 et
1288 4414 1415 4471 multum
1424 4413 1551 4470 dicimus
1560 4429 1630 4468 curn
1639 4412 1699 4469 hoc
1705 4412 1831 4472 (tietmar.
1853 4437 1860 4475 ι

1018 4509 1046 4560 ιι
1059 4504 1116 4559 lroc
1127 4519 1247 4577 semper
1261 4504 1359 4560 dicere
1374 4503 1531 4571 debemus,
1561 4519 1598 4558 nc
1614 4518 1753 4576 unquam
1776 4499 1834 4559 obl'r
1846 4488 1871 4565 t,

1016 4592 1166 4649 riscamur
1182 4609 1251 4649 erun
1267 4610 1284 4648 a
1298 4609 1360 4666 quo
1376 4596 1492 4650 tantum
1515 4592 1633 4647 bouum
1661 4591 1830 4666 accepimus
1847 4603 1862 4669 ιζ

1016 4681 1069 4744 Qui
1084 4683 1187 4755 utique
1202 4683 1226 4737 si
1239 4681 1311 4738 nihil
1326 4682 1455 4756 amplius
1470 4680 1610 4752 dedisset,
1636 4697 1693 4754 pro
1719 4697 1756 4739 co
1780 4681 1830 4754 ipsa
1849 4672 1859 4744 ἰ

1015 4776 1117 4829 tamen
1143 4789 1260 4845 semper
1288 4788 1307 4828 a
1334 4771 1422 4828 nobis
1460 4769 1633 4826 laudandus
1660 4774 1689 4827 et
1722 4758 1871 4841 diliget-²1

1015 4862 1073 4918 dus
1102 4866 1189 4918 esset.
1219 4864 1301 4918 h'uuc
1333 4867 1433 4919 auteur
1468 4858 1598 4933 amplius
1630 4858 1738 4929 dedit,
1774 4859 1830 4933 quit
1847 4870 1867 4922 ,s

1015 4951 1097 5007 dedit
1125 4967 1185 5006 non
1210 4950 1308 5007 solum
1335 4967 1410 5017 esse,
1441 4948 1495 5005 sed
1522 4947 1684 5020 pulchrum
1700 4947 1830 5015 essetne
1869 4987 1871 4998 ι

1014 5056 1221 5104 mosrunesse,
1234 5039 1316 5111 quod
1331 5042 1448 5094 tantum
1472 5039 1595 5109 superat
1616 5034 1694 5093 nihil
1713 5052 1767 5110 per
1786 5031 1831 5090 exi·
1853 5060 1871 5099 ιι

1013 5130 1161 5197 dentiam,
1175 5133 1292 5185 tautum
1305 5127 1451 5185 antecedit
1466 5125 1580 5199 aliquid
1594 5140 1648 5197 per
1661 5122 1831 5194 formam,in
1851 5133 1871 5188 l.

1012 5237 1074 5294 quo
1090 5219 1217 5275 rnulturn
1229 5217 1328 5291 placet
1338 5217 1369 5274 id
1378 5216 1463 5291 qnod
1475 5221 1528 5282 est,
1541 5220 1569 5270 ιι
1579 5214 1713 5288 amplius
1720 5214 1753 5272 id
1761 5207 1831 5288 quod
1859 5247 1862 5270 .

1012 5310 1069 5366 lale
1084 5313 1137 5365 est.
1155 5307 1389 5381 laquearium
1407 5322 1486 5374 mea,
1515 5304 1659 5362 omnibus
1689 5310 1717 5361 te
1743 5301 1831 5378 prab-
1851 5337 1862 5364 ,ι

1012 5404 1073 5457 tarn
1089 5399 1199 5472 aspice,
1214 5414 1291 5470 quos
1305 5397 1362 5454 tale
1386 5401 1415 5452 et
1438 5401 1500 5453 tam
1523 5393 1673 5450 excellens
1697 5385 1827 5451 existendi
1852 5424 1860 5452 ι

1010 5490 1125 5547 bouum
1139 5488 1220 5544 vides
1235 5505 1297 5544 uon
1310 5486 1471 5559 accepisse.
1490 5484 1547 5542 Sed
1562 5499 1617 5539 nec
1629 5482 1680 5539 bic
1691 5472 1827 5541 terminari
1843 5490 1858 5557 ,l

1009 5579 1105 5652 potuit
1127 5577 1333 5634 munificentia
1355 5573 1503 5644 largitoris
1527 5571 1643 5646 optiuri.
1669 5563 1826 5629 Adbucah
1842 5560 1866 5641 'g

1008 5668 1174 5744 quidplus
1201 5667 1292 5734 dedit,
1321 5670 1349 5721 ιι
1364 5666 1462 5736 magis
1476 5680 1532 5719 nos
1557 5661 1596 5717 ad
1612 5661 1825 5719 similtudinem
1850 5695 1856 5717 ι

1008 5775 1094 5814 suam
1107 5756 1193 5813 traxit
1203 5774 1210 5824 ;
1222 5752 1315 5811 voluit
1325 5752 1365 5810 ad
1378 5769 1410 5807 se
1419 5752 1536 5809 trabere
1546 5766 1600 5824 per
1611 5749 1818 5810 similitudine
