3742 6082
77 242 134 303 &29
542 235 545 239 ’
635 245 690 302 DE
707 242 814 303 ARCA
830 238 911 300 NOE
927 235 1093 299 Monam.
1114 242 1190 302 LIB.
1210 245 1236 304 1.

1729 235 1785 319 oso

78 363 137 420 Dic
148 365 353 438 quinquagies
368 368 494 424 trecenti
509 368 588 425 flunt
613 369 772 444 quadecim
798 367 905 435 millia,
921 360 948 415 A
960 369 1111 426 naturalis
1119 369 1344 445 legis,tempore
1352 373 1600 448 gratlae,perquae
1613 384 1719 437 sancta
1729 382 1783 440 Ec·

79 453 126 510 tot
141 454 314 516 cubitorum
344 456 564 529 quadratorum
579 461 625 515 θεῖ
638 475 719 515 arca.
749 458 788 514 Et
812 457 856 513 sic
870 455 907 512 de
960 454 1051 512 alesia
1067 459 1249 532 aprincipio
1263 460 1372 516 mundi
1394 463 1543 534 usquead
1557 464 1659 537 tinem,
1678 486 1784 544 aprae.

81 540 166 598 aliis:
183 543 215 599 Si
230 544 323 616 hujus
331 547 484 619 tetragoni
496 546 689 618 diagonalem
699 547 813 602 lineam
830 561 909 617 quae·
961 549 1040 603 senti
1054 549 1119 605 vita
1133 549 1171 604 ad
1186 549 1325 606 futuram
1348 549 1477 621 gloriam
1495 553 1603 610 tendit.
1630 556 1786 634 Quinque.

80 630 135 700 ris,
150 631 216 688 haec
231 633 287 688 tihi
304 635 344 690 sit
358 635 474 707 regula.
494 635 666 707 Multiplioa
686 639 853 707 utrumque
868 632 908 687 la·
961 636 1047 706 ginta
1062 637 1235 695 cubitorum
1250 638 1381 695 latitudo
1396 640 1555 698 universos
1569 643 1673 703 fideles
1692 649 1785 722 signi·

80 721 142 790 tus,
158 720 190 776 id
203 726 248 777 θεῖ
263 724 374 795 majus,
391 739 612 797 unumquoque
627 741 681 798 per
692 740 734 794 se,
750 740 785 779 ac
799 721 907 778 deinde
960 723 1097 796 iioat,qui
1121 726 1178 781 suh
1202 743 1264 783 uno
1288 728 1387 800 eapite
1423 733 1494 784 sunt
1509 732 1679 806 constituti,
1694 737 1726 794 id
1741 744 1788 798 θεῖ

79 808 165 865 illius
183 826 322 881 summas,
339 829 407 885 quae
420 813 491 870 inde
505 815 660 883 exerescit,
674 814 707 869 in
722 828 819 868 unum
840 826 906 866 coa·
961 811 1177 870 ChristoNam
1191 817 1416 889 quinquaginta
1425 821 1545 874 constat
1553 836 1590 876 ex
1604 825 1715 897 septies
1723 843 1787 903 sep

80 902 210 955 cervatae
224 899 309 956 latus
323 917 435 973 quaere,
451 906 481 958 et
494 902 552 958 hoc
565 902 765 975 prodiagonio
783 901 905 958 habeto.
962 903 1034 971 tem,
1048 901 1080 957 id
1096 905 1141 958 est
1156 902 1359 980 quadraginta
1373 909 1549 979 novem,qui
1561 924 1706 969 numerus
1721 917 1788 973 uni·

80 986 173 1043 Verbi
188 990 289 1059 gratia
303 990 359 1046 Dio
381 992 543 1047 trecenties
566 992 692 1048 trecenti
713 992 792 1047 flunt
814 1006 908 1047 nona·
961 991 1138 1047 versitatem
1151 992 1285 1048 fidelium
1298 992 1488 1065 designat,et
1499 1013 1561 1053 uno
1576 1002 1783 1074 superaddito,

81 1075 168 1147 ginta
183 1077 298 1133 millia:
315 1079 372 1135 Dic
386 1080 591 1151 quinquagies
605 1081 817 1153 quaquaginta
829 1079 909 1135 flunt
962 1079 1044 1150 quod
1054 1081 1206 1151 significat
1217 1081 1374 1137 Christum
1389 1086 1448 1152 qui
1459 1089 1507 1139 cst
1521 1094 1618 1156 captat
1632 1090 1784 1152 Ecclesiae

81 1163 143 1220 duo
169 1165 268 1221 millia
289 1169 461 1239 quingenti.
488 1169 590 1241 Hujus
613 1185 741 1225 summae
761 1169 844 1224 latus
863 1171 909 1223 est
961 1183 1030 1224 auae
1045 1169 1216 1240 (Ephesv),
1232 1173 1263 1226 θῖ
1280 1170 1351 1226 11))1ε
1365 1171 1584 1229 desideriorum
1597 1181 1783 1240 nostrorum.

81 1255 210 1310 trecenti
224 1259 358 1328 quatuor
373 1260 402 1313 θῖ
415 1259 683 1329 semisunum,hoe
695 1264 742 1314 θεῖ
756 1273 817 1314 non
831 1259 908 1314 inte·
962 1256 1089 1329 Propter
1095 1258 1214 1329 ,quadiu
1226 1259 1394 1315 unocubite
1403 1266 1786 1328 consummatur.riltitudo

80 1357 181 1415 grum.
198 1344 229 1401 Si
245 1345 407 1402 dimidium
422 1348 516 1420 hujus
532 1348 638 1418 sumis,
663 1348 760 1404 habes
785 1351 908 1404 centum
962 1346 1112 1415 tringinta
1125 1347 1297 1403 cubitorum
1313 1348 1466 1420 significat
1479 1349 1629 1421 tringinta
1651 1356 1779 1415 volumi-

81 1434 311 1506 quinquaginta
325 1436 386 1492 duo
401 1440 431 1493 θῖ
445 1437 537 1493 semis
554 1453 617 1494 uno
629 1438 742 1493 minus.
754 1436 833 1493 'Haec
851 1440 907 1505 θεῖ,
962 1449 1002 1489 na
1017 1434 1129 1492 divinae
1144 1438 1309 1509 paginae,id
1324 1441 1369 1494 est
1382 1438 1493 1510 viginti
1508 1439 1569 1496 duo
1584 1440 1701 1501 Veteris
1712 1446 1782 1504 Tes-

81 1536 152 1593 quae
169 1523 343 1581 extenditur
357 1525 396 1580 ab
411 1525 524 1598 angulo
539 1542 638 1599 usque
653 1527 692 1583 ad
706 1526 851 1582 medium.
877 1525 908 1581 Si
962 1525 1090 1594 tament,
1106 1528 1136 1580 θῖ
1149 1530 1216 1582 octo
1230 1526 1321 1597 Novi,
1336 1527 1368 1582 in
1383 1527 1497 1599 quibus
1512 1544 1633 1586 summa
1648 1537 1786 1593 omnium

80 1609 162 1667 hanc
175 1610 322 1668 habueris
336 1629 391 1685 pro
405 1614 488 1684 base,
505 1618 535 1671 et
548 1616 580 1670 in
596 1615 696 1671 medio
713 1631 790 1672 arcae
819 1616 851 1670 in
866 1614 907 1669 al·
963 1612 1146 1682 continetur,
1163 1630 1231 1686 quae
1246 1614 1392 1671 Deusvel
1416 1615 1488 1671 iecit
1512 1617 1561 1673 vei
1585 1619 1724 1679 facturus
1739 1629 1786 1682 est

80 1699 245 1757 titudinem
259 1703 409 1775 tringinta
426 1705 600 1763 cubitorum
615 1708 746 1761 ratetum
761 1704 904 1774 erexeris,
922 1705 948 1763 B
961 1705 1086 1773 propter
1099 1701 1264 1758 Ecclesiam
1281 1718 1379 1758 suam.
1396 1705 1471 1760 Tres
1484 1708 1660 1766 mensiones
1675 1711 1786 1783 signiti-

83 1791 112 1844 et
123 1788 161 1844 de
173 1790 241 1862 ipso
255 1797 381 1849 ratetoa
397 1809 540 1866 supremo
549 1795 648 1850 tertiae
660 1793 831 1850 mansionis
847 1809 909 1850 sur·
962 1795 1032 1847 cant
1043 1795 1104 1848 tres
1127 1792 1249 1848 ordines
1262 1792 1408 1864 fidelium,
1422 1794 1476 1867 qui
1491 1797 1606 1853 suntin
1621 1803 1784 1859 sanctaEc

83 1892 152 1934 suni
168 1879 344 1952 quindecim
357 1883 535 1954 sumpseris,
552 1886 582 1940 et
595 1883 653 1939 hoo
671 1897 726 1956 pro
740 1885 838 1938 rateto
852 1882 908 1937 ha·
963 1879 1065 1950 alesia,
1081 1896 1213 1953 quorum
1236 1882 1328 1954 primi
1351 1886 1484 1938 utuntur
1497 1886 1622 1958 mundo,
1646 1887 1728 1946 licite
1742 1895 1787 1946 ta·

82 1966 197 2039 bueus,
214 1969 303 2042 eique
320 1970 487 2044 pedetenus
510 1973 590 2029 hane
615 1973 716 2029 hasim
740 1973 908 2030 secundum
963 1983 1043 2023 men.
1061 1968 1192 2025 Secundi
1206 1970 1370 2041 fugiuntet
1381 1969 1608 2030 obliviscuntur
1624 1977 1786 2037 mundum.

83 2057 328 2128 geometricalem
340 2059 477 2132 reguiam
491 2062 909 2135 comparaveris,videbismi-
963 2057 1059 2113 Tertii
1071 2058 1135 2130 jam
1160 2059 1249 2115 obliti
1276 2060 1521 2132 sunimuudum,
1542 2067 1571 2119 ei
1593 2064 1615 2120 ii
1630 2070 1703 2122 sunt
1717 2083 1785 2141 prc-

83 2145 175 2202 rahili
190 2146 308 2205 ratione
331 2164 437 2204 omnes
460 2150 623 2221 angulares
642 2151 852 2224 hypotemisae
876 2153 909 2207 in
964 2149 1072 2220 pinqui
1087 2149 1160 2205 Deo.
1177 2147 1263 2215 Quod
1272 2149 1305 2204 in
1318 2149 1528 2222 superioribus
1544 2167 1614 2208 arca
1631 2156 1785 2215 contrahi·

82 2251 259 2293 mensuram
274 2241 396 2294 centurn
412 2239 639 2312 quinquaginta
653 2240 794 2310 duorum,
815 2246 845 2297 θῖ
869 2257 910 2297 εθ-
964 2240 1025 2306 tur,
1039 2237 1072 2292 in
1087 2237 1285 2294 inferioribus
1299 2236 1456 2308 dilatatur,
1471 2239 1529 2295 hoc
1539 2241 1787 2318 significat,quod

82 2325 141 2380 mis
155 2326 475 2397 provenire.Similiter
490 2329 515 2383 si
529 2328 629 2385 hasim
645 2345 664 2384 a
677 2330 777 2387 fronte
789 2330 910 2387 hincin·
963 2325 996 2381 in
1011 2329 1117 2381 sancta
1131 2326 1265 2383 Ecclesia
1280 2328 1379 2398 major
1391 2332 1438 2384 θεῖ
1460 2343 1608 2387 numerus
1632 2334 1785 2393 carnalem

83 2413 119 2469 de
131 2415 306 2471 venientem
314 2431 383 2472 cum
397 2420 495 2472 rateto
506 2416 803 2487 contuleris,videbis
816 2421 908 2477 etiam
962 2414 1058 2470 vitam
1075 2414 1252 2471 ducentium
1266 2431 1361 2488 quam
1373 2415 1591 2488 spiritualium,
1608 2420 1652 2476 ita
1665 2426 1700 2478 ut
1712 2439 1787 2480 sem·

83 2501 294 2574 hypotemisas
308 2520 326 2559 a
341 2505 496 2562 frontibus
509 2505 706 2578 procedentes
728 2507 762 2562 in
786 2511 909 2564 centum
963 2516 1018 2574 per
1032 2507 1148 2576 quanto
1162 2503 1366 2576 perfectiores,
1382 2507 1469 2561 tanto
1491 2505 1553 2562 sint
1566 2509 1735 2580 pauciores.
1751 2512 1787 2570 In

83 2591 311 2664 quinquaginta
324 2592 385 2649 duo
400 2594 492 2650 semis
503 2594 704 2667 porrigiouaa
717 2599 820 2653 autem
835 2613 853 2652 a
866 2596 908 2653 la·
964 2606 1107 2665 supremo
1120 2591 1159 2649 ad
1170 2593 1264 2648 unius
1278 2592 1374 2648 cubiti
1395 2607 1570 2650 mensuram
1585 2611 1655 2653 arca
1669 2603 1788 2657 contra·

82 2680 200 2736 teribus
214 2682 344 2737 veniunt
358 2682 558 2755 hypotemisae
576 2685 609 2738 in
630 2684 741 2756 viginti
765 2688 850 2756 octo,
880 2688 910 2741 θῖ
964 2681 1059 2753 hitur,
1076 2683 1149 2755 quia
1163 2681 1305 2738 Christus
1319 2685 1411 2754 caput
1430 2682 1571 2740 Ecclesiae
1586 2700 1660 2756 suae,
1676 2689 1730 2761 qui
1742 2695 1788 2748 θεῖ

84 2769 177 2824 semis
191 2769 393 2826 extendentur
405 2770 553 2827 habentes
576 2772 666 2828 bases
686 2774 798 2844 viginti
819 2775 908 2847 quin·
963 2769 1094 2826 Sanctus
1109 2773 1295 2840 sanctorum,
1310 2785 1364 2844 per
1378 2773 1520 2826 naturam
1533 2773 1722 2831 consimilem
1745 2777 1789 2834 in·

84 2872 143 2929 qne
158 2858 342 2914 cubitorum.
360 2859 477 2931 Regula
493 2859 670 2916 inveniendi
681 2861 909 2934 hypotemisam
964 2864 1011 2916 ter
1021 2859 1160 2916 homines
1174 2862 1221 2915 est
1235 2859 1477 2931 etpervirtutem
1492 2861 1679 2933 singularem
1693 2881 1787 2939 supra

83 2945 148 3002 haec
163 2948 210 3002 θεῖ
223 2950 259 3003 ut
272 2951 404 3004 ratetum
419 2947 452 3002 in
467 2963 499 3003 se
510 2948 703 3023 multiplices,
716 2950 911 3008 similiterba-
964 2948 1103 3006 homines
1118 2952 1173 3004 θεῖ.
1189 2947 1320 3003 Centum
1335 2947 1419 3016 anni,
1444 2947 1477 3002 in
1501 2948 1616 3020 quibus
1638 2950 1788 3010 aediiicata

82 3033 140 3091 sim
154 3035 188 3092 in
201 3050 243 3105 se,
259 3036 356 3091 athas
370 3052 508 3092 summas
521 3037 613 3093 simul
627 3053 802 3111 componas,
818 3043 848 3096 et
871 3039 905 3095 ii·
926 3047 949 3106 c
964 3040 1010 3093 est
1023 3035 1583 3107 arca,idemsignificantquodoentum
1598 3038 1786 3100 cubiti.Nam

80 3123 141 3180 lius
155 3125 287 3195 numeri,
300 3126 354 3197 qui
368 3125 439 3182 inde
455 3126 602 3182 excrescit
615 3126 698 3184 latus
711 3143 766 3200 pro
781 3129 907 3202 hypote
962 3128 1084 3183 centum
1114 3124 1187 3180 anni
1212 3123 1387 3195 significant
1417 3128 1539 3196 tempus
1571 3126 1689 3199 gratiae,
1713 3130 1788 3202 quia

80 3213 159 3269 mise
172 3212 295 3270 habeto.
313 3214 348 3269 ln
368 3214 425 3269 hac
444 3217 546 3270 autem
563 3230 633 3271 arca
647 3215 851 3289 hypotemisae
866 3220 908 3274 vi·
961 3219 1068 3272 sancta
1087 3213 1230 3282 Ecclesia,
1246 3228 1314 3285 quae
1334 3212 1373 3267 ah
1388 3212 1478 3269 initio
1499 3213 1608 3270 mnudi
1628 3217 1730 3291 ooepit,
1752 3218 1787 3275 in

80 3317 144 3358 cem
160 3307 269 3374 gerunt
284 3302 371 3374 tigna
385 3302 508 3376 oblique
537 3304 576 3359 ah
597 3304 658 3360 imo
688 3304 727 3361 ad
750 3307 907 3379 superiora
961 3309 1095 3377 tempore
1110 3303 1217 3375 gratiae
1229 3317 1283 3376 per
1296 3299 1538 3358 immolationem
1551 3300 1788 3374 Agniirnmacu·

79 3394 227 3465 porrecta.
958 3392 1015 3450 lati
1030 3391 1269 3464 redemptionem
1289 3390 1413 3462 accepit.
1437 3388 1525 3447 iuno
1545 3405 1678 3464 namque
1693 3393 1787 3451 fabri·

50 3540 61 3560 .
116 3478 254 3536 itatenus
267 3484 313 3537 est
319 3480 420 3553 stylus
432 3481 465 3536 in
479 3480 666 3539 medioarcae
675 3486 793 3540 erectus
807 3500 907 3557 usque
960 3485 1029 3538 cata
1043 3485 1089 3537 θεῖ
1104 3495 1184 3549 arca,
1201 3478 1325 3552 quando
1339 3478 1375 3534 de
1388 3477 1483 3534 latere
1507 3475 1622 3536 Christi
1645 3481 1678 3537 ln
1698 3497 1787 3541 cruce

80 3568 119 3624 ad
133 3585 310 3642 supremum
325 3570 474 3625 cubitum.
490 3570 579 3626 Basis
593 3575 639 3628 θεῖ
656 3571 739 3628 iinea
748 3572 854 3644 jacens
867 3574 906 3629 ab
959 3569 1121 3643 pendentis
1133 3568 1165 3624 in
1181 3567 1331 3638 sanguine
1352 3568 1383 3621 et
1401 3580 1483 3638 aqua
1503 3566 1714 3637 profluxerunt
1731 3569 1785 3628 Ec·

80 3656 194 3729 angulo
201 3673 278 3714 arcae
286 3674 384 3731 usque
392 3658 431 3714 ad
437 3662 568 3715 ratetum
575 3661 906 3734 porrecta.Diagonaiis
959 3658 1058 3716 clasiae
1072 3652 1403 3718 sacramenta.Quando
1416 3653 1524 3724 Agnus
1534 3654 1712 3712 immolatus
1724 3661 1782 3729 est,

78 3744 161 3802 linea
174 3751 385 3819 vocatumque
399 3747 591 3820 protenditur
601 3749 640 3804 ab
650 3749 804 3821 anguloin
815 3765 907 3821 angu-
959 3749 1032 3803 tunc
1047 3748 1093 3801 est
1108 3758 1220 3816 sponsa
1235 3742 1317 3812 rigni
1329 3743 1412 3796 nate.
1439 3739 1568 3806 Quando
1581 3740 1681 3798 Adam
1696 3758 1783 3818 sopo-

79 3834 143 3890 lum
161 3835 206 3890 1111
221 3837 408 3908 oppositum.
425 3836 461 3892 In
480 3836 610 3907 trigonis
623 3836 683 3907 his,
698 3840 728 3893 et
737 3839 906 3910 tetragonis
959 3838 1046 3892 ratus
1062 3836 1119 3903 est,
1132 3836 1206 3888 tunc
1220 3830 1285 3886 Eva
1299 3828 1450 3885 fabricata
1463 3832 1510 3885 est
1521 3830 1610 3900 (Gen.
1626 3831 1786 3902 uleiscen-

79 3924 907 3998 muitaaiiainveniesadsubtilitatemgeometricaedis
959 3925 1004 3981 dit
1015 3937 1146 3997 sponsus
1162 3921 1267 3975 noster
1280 3917 1410 3975 thalami
1426 3917 1474 3973 sui
1487 3917 1610 3989 lectum,
1628 3918 1784 3995 dormivit,

77 4012 655 4087 ciplinaepertinentia‚quaaomnianos
676 4018 802 4088 propter
818 4015 903 4072 fasti-
958 4011 1115 4071 moriendo
1147 4008 1289 4065 exhibuit
1332 4006 1414 4080 quod
1458 4006 1497 4063 ab
1540 4007 1630 4064 initio
1666 4011 1805 4093 profuit·

77 4101 827 4176 diumdeclinamus.Suntaiii,quidicuntinarca
842 4120 904 4161 non
958 4103 1030 4159 fecit
1062 4098 1144 4173 quod
1187 4097 1226 4153 ab
1258 4095 1348 4152 initio
1392 4094 1461 4151 tuit.
1494 4094 1570 4152 Vide
1625 4111 1665 4154 au
1700 4099 1783 4157 idem

75 4191 902 4262 inissenisitresmansiones,etexhisunamsemeles·
958 4191 1057 4248 dicere
1089 4186 1163 4243 velit
1205 4185 1373 4257 Scriptura,
1417 4183 1540 4257 quando
1575 4183 1715 4256 loquitur
1748 4187 1785 4244 de

75 4283 237 4350 meratam,
252 4281 384 4337 mediam
392 4282 621 4353 bicameratam,
633 4298 807 4356 supremam
819 4284 905 4340 trica·
958 4277 1159 4336 fabricatione
1182 4274 1276 4346 hujus
1296 4288 1383 4342 arcae,
1396 4273 1455 4328 hoc
1467 4275 1513 4328 θεῖ
1538 4272 1689 4329 Ecclesiae.
1705 4274 1785 4341 Quid

75 4371 226 4425 metatam
239 4372 285 4437 ;et
302 4369 390 4426 aiunt
409 4371 466 4426 has
476 4371 689 4428 distinctiones
704 4373 902 4428 mansionum
917 4405 946 4464 D
958 4365 1059 4426 dicis?
1073 4368 1108 4422 A.
1124 4367 1164 4420 in
1180 4365 1271 4432 libro,
1286 4361 1403 4434 inquit,
1425 4363 1502 4417 vitae
1528 4362 1616 4430 Aput
1630 4364 1689 4432 qui
1703 4365 1782 4420 occi·

75 4455 304 4530 Scripturarum
326 4458 495 4531 appellasse
509 4460 684 4529 caenacula,
700 4461 784 4533 ipsas
800 4464 901 4517 autem
957 4474 1015 4516 aas
1027 4461 1075 4512 est
1096 4455 1135 4510 ab
1153 4454 1281 4522 origine
1298 4452 1417 4505 mundi
1432 4449 1539 4520 (Apoc.
1562 4448 1642 4519 1111).
1666 4449 1724 4516 Qui
1739 4455 1786 4508 est

75 4546 320 4602 mansionestres
330 4547 509 4619 tristegaEt
518 4547 599 4605 hanc
608 4549 739 4605 formam
748 4549 901 4606 nosidcir·

75 4635 221 4707 capotius
229 4649 323 4707 quam
332 4636 466 4709 reliquas
474 4636 826 4710 depinximus,quianon
834 4638 904 4693 iaci·

74 4720 305 4779 leaititudinem
315 4725 466 4796 parietum
484 4726 518 4781 in
529 4725 622 4797 plano
632 4725 841 4782 demonstrare
850 4741 903 4798 po·

76 4810 206 4866 luimus.
219 4810 254 4866 In
267 4811 416 4869 hacanim
432 4814 533 4869 forma
553 4814 640 4886 tigna
662 4814 732 4871 hinc
755 4813 826 4869 inde
837 4829 901 4869 sur·

76 4899 182 4969 gentis
191 4899 343 4971 paulatim
352 4902 577 4958 contrahuntur
591 4902 685 4959 donec
699 4902 732 4958 in
747 4902 904 4958 cacumine

75 4985 116 5042 ad
130 4987 225 5042 unius
240 4988 335 5044 subiti
351 5005 530 5046 mensuram
545 4990 741 5046 conveniunt.

135 5073 210 5133 Cer.
227 5076 278 5132 IV.
292 5080 337 5133 De
351 5093 431 5134 arca
445 5081 607 5149 Ecclesiae,
627 5095 684 5135 seu
697 5079 842 5135 Ecclesia

112 5161 189 5219 Haec
202 5165 511 5223 secundumhtteram
523 5167 687 5224 dictasunt
701 5166 737 5223 de
748 5182 817 5222 arce
827 5166 901 5223 Noe.

74 5250 185 5308 Restat
199 5266 281 5308 nunc
294 5255 329 5309 ut
356 5254 601 5329 videamusque
621 5256 662 5312 sit
672 5271 743 5311 arca
751 5254 904 5326 Ecclesiae,

75 5337 125 5396 vel
139 5343 176 5396 ut
196 5343 372 5414 expressius
384 5343 504 5417 loquar,
523 5346 592 5418 ipsa
604 5344 740 5402 Ecclesia
759 5358 830 5400 arca
843 5348 901 5414 θεῖ,

75 5442 170 5502 wem
185 5444 325 5487 summus
338 5432 414 5503 Noe,
422 5432 454 5489 id
469 5436 515 5489 est
523 5434 676 5490 Dominus
700 5436 803 5491 noster
815 5432 905 5490 Jesus

74 5515 462 5590 Christus,guhernator,et
476 5526 584 5593 portus
598 5522 682 5578 inter
693 5519 841 5594 procellas
852 5520 905 5576 hu·

73 5605 126 5679 jus
140 5606 215 5663 vitae
226 5622 335 5679 regens
346 5626 401 5683 per
414 5626 445 5666 εθ
454 5609 908 5666 ducitadse.Trecentorumcu·

75 5694 215 5752 hitorum
238 5696 409 5771 longitudo,
430 5714 565 5773 praesens
586 5698 732 5755 saeculum
755 5697 905 5770 designat,

77 5783 163 5860 quod
175 5783 278 5844 trihus
297 5787 487 5862 temporibus
496 5786 640 5861 decurrit,
654 5787 689 5846 id
711 5789 758 5846 est
771 5790 908 5862 tempore

956 4546 1015 4603 hoc
1025 4544 1040 4599 1
1052 4544 1087 4599 in
1111 4543 1170 4598 fine
1186 4539 1289 4597 saeculi
1303 4538 1336 4594 in
1351 4553 1473 4594 carnem
1493 4538 1579 4593 venit
1593 4538 1691 4596 Filius
1716 4536 1784 4611 Dei,

956 4632 1095 4708 permisit
1108 4646 1140 4687 se
1155 4628 1291 4700 crucifigi
1304 4643 1360 4700 pro
1375 4625 1473 4681 salute
1487 4624 1658 4696 hominum,
1673 4621 1784 4700 per'mi·

957 4723 998 4779 sit
1014 4736 1046 4777 se
1060 4718 1166 4788 occidi,
1181 4715 1323 4790 permisit
1336 4730 1368 4770 se
1387 4712 1550 4769 immolari.
1574 4713 1609 4769 In
1630 4715 1691 4772 tine
1714 4731 1785 4789 ergo

958 4810 1060 4867 saeculi
1076 4808 1205 4876 occisus,
1222 4808 1252 4860 et
1266 4802 1418 4876 quomodo
1435 4806 1515 4858 stare
1528 4807 1629 4875 potest
1643 4804 1727 4877 quod
1739 4805 1784 4864 dt·

958 4901 1039 4956 citur
1062 4895 1181 4952 occisus
1196 4896 1243 4949 est
1269 4892 1308 4947 ab
1334 4891 1451 4963 origine
1476 4889 1612 4948 mundi?
1636 4893 1786 4967 Nunquid

957 4988 1044 5062 prius
1056 4984 1158 5059 potuit
1173 4981 1268 5039 occidi
1284 4996 1377 5053 quarn
1392 4979 1572 5037 incarnari?
1586 4982 1673 5040 Nihil
1685 4983 1786 5041 adhuc

957 5074 1088 5138 mortale
1103 5071 1223 5142 hahuit,
1240 5073 1269 5126 et
1284 5070 1437 5143 quomodo
1452 5070 1530 5127 mori
1550 5068 1678 5145 potuit?
1699 5071 1787 5138 Quod

959 5165 1037 5221 siah
1051 5163 1141 5220 initio
1156 5161 1274 5218 occisus
1286 5162 1342 5229 θεῖ,
1359 5159 1445 5232 prius
1456 5160 1626 5216 occisusest
1640 5173 1733 5232 quam
1743 5160 1788 5215 in·

958 5255 1104 5311 carnatus
1118 5253 1173 5307 θεῖ.
1187 5249 1219 5306 Si
1232 5249 1272 5304 ab
1284 5248 1374 5305 initio
1389 5248 1507 5305 occisus
1520 5252 1575 5318 est,
1592 5262 1654 5302 non
1665 5247 1730 5319 jam
1744 5262 1786 5304 εθ

959 5342 1030 5413 mel,
1047 5340 1100 5398 sed
1114 5339 1270 5412 saepe,imo
1283 5353 1403 5411 semper
1416 5339 1533 5394 occisus
1548 5340 1602 5392 est.
1612 5335 1690 5392 Nam
1704 5336 1788 5408 quod

960 5432 999 5487 ab
1011 5430 1102 5487 initio
1117 5429 1187 5498 iuit,
1201 5443 1320 5500 semper
1329 5427 1408 5495 iuit;
1425 5431 1455 5481 et
1470 5423 1553 5498 quod
1567 5423 1606 5478 ah
1622 5421 1712 5479 initio
1727 5428 1784 5497 est,

959 5534 1080 5593 semper
1094 5515 1210 5574 est.Sed
1221 5517 1351 5572 fortasse
1363 5515 1390 5569 si
1412 5513 1537 5580 dixeris,
1552 5511 1670 5567 occisus
1684 5514 1731 5569 θεῖ
1746 5514 1785 5571 ab

959 5607 1060 5677 initio,
1074 5606 1107 5662 id
1122 5608 1177 5674 est,
1193 5605 1233 5660 iis
1246 5604 1298 5676 qui
1313 5603 1439 5657 fuerunt
1454 5599 1493 5655 ah
1507 5599 1607 5668 initio,
1619 5597 1677 5655 hoc
1689 5605 1736 5657 θεῖ
1748 5603 1787 5659 ad

961 5695 1210 5770 redemptionem,
1226 5691 1422 5759 adsalutem,
1439 5688 1478 5746 ad
1490 5686 1714 5746 reconciliatam
1738 5705 1787 5746 eo·

961 5783 1098 5860 rum‚qui
1112 5781 1240 5844 tuarum
1250 5778 1291 5839 ab
1302 5774 1510 5848 museum
1516 5776 1657 5847 qainon
1667 5770 1818 5840 quam·
