3742 6082
501 187 684 246 expositio
702 190 738 246 ΙΝ
756 189 835 246 REG.
859 188 887 246 S.
906 190 1103 251 transitur.

796 320 820 371 A
835 319 882 371 tus
895 316 982 384 desit,
996 322 1024 374 et
1039 334 1133 390 quam
1146 333 1292 388 magnum
1304 318 1450 375 damnum
1466 318 1598 390 incurrit,
1609 320 1661 394 qui

741 452 745 457 .
832 422 887 479 pro
902 406 992 463 rebus
1006 407 1241 475 transeuntibus,
1253 408 1310 464 hoc
1325 408 1405 464 unde
1418 407 1506 463 debet
1515 424 1579 464 esse
1591 409 1661 467 bea-

264 311 376 366 carui
394 312 462 368 Vlll.

118 413 150 450 on
170 412 305 453 casronn
325 416 416 457 reatu
436 418 607 458 conuentu.

54 500 83 542 es
100 491 212 541 uestras
228 487 259 542 in
272 490 508 546 circumlabentis
523 493 576 547 sut
590 508 648 547 uno
659 493 780 549 custode

53 575 131 645 obus,
152 577 199 631 aet
213 583 283 646 qicat
297 580 436 648 sufficere
450 582 560 649 possint
575 582 616 636 ad
630 597 678 637 eas
691 597 779 638 eacu-

53 681 62 721 s
76 680 113 721 ae
124 680 143 719 a
155 667 233 720 tinea
246 667 405 722 lactantur.
424 669 462 723 Et
481 675 557 723 sicut
569 672 728 738 pascimini
742 686 778 727 ea

53 755 148 823 ilario,
165 755 206 810 sic
219 757 390 813 induamini
403 773 510 814 erana
525 762 672 816 vestiario.

53 848 170 899 irestes
185 845 320 917 praecipit
334 847 439 918 reponi
454 848 510 903 sub
521 866 582 905 uno
597 850 721 906 custode
731 850 778 906 rel

53 950 92 1002 rs,
109 934 177 988 duce
206 934 345 991 videntur
372 953 480 994 causae.
516 940 613 996 Prima
631 940 777 1010 videlicet,

74 1024 220 1079 incuriam
248 1024 390 1092 neglecta
405 1045 421 1083 a
436 1028 520 1084 tineis
535 1037 776 1103 corrumpantur.

53 1113 93 1182 la,
111 1130 148 1168 ne
168 1112 258 1168 irater
273 1115 350 1170 banc
365 1117 463 1188 ipsam
476 1124 588 1175 vestem
603 1136 697 1192 quam
722 1121 777 1176 lra-

64 1202 219 1276 propriam
235 1219 266 1258 se
290 1204 399 1262 babere
415 1208 555 1274 crederet,
573 1209 596 1262 si
612 1209 640 1264 in
656 1210 778 1281 proprio

52 1292 83 1349 bi
98 1309 244 1365 reponere
272 1294 380 1352 liceret.
409 1297 481 1352 Huic
511 1301 776 1355 autemsententiae

53 1399 84 1439 ur
111 1382 204 1439 verba
232 1385 425 1456 concordare,
455 1403 522 1459 quae
545 1394 720 1461 sequuntur,
738 1389 778 1446 ait

53 1564 62 1618 i
72 1563 141 1633 fieri
145 1569 242 1633 potest
255 1562 352 1618 aditos
365 1566 590 1634 nonpeitineat,
605 1567 685 1637 qaod
696 1567 775 1623 vobis

1609 197 1664 257 900

833 498 889 564 tus,
904 495 1010 569 perdit.
1029 495 1118 553 Valde
1129 511 1200 566 ergo
1219 496 1306 552 nobis
1317 496 1545 552 cavendre'sunt
1555 497 1619 552 lites
1633 501 1662 554 et

832 585 1045 655 contentionsa,
1061 585 1132 658 qnia
1147 586 1211 641 haec
1227 589 1298 642 sunt
1310 601 1401 658 opera
1411 584 1527 654 carnis,
1543 590 1571 640 et
1586 585 1663 642 sicut

832 674 1051 746 aitApostolns,
1075 677 1132 743 Qui
1158 676 1233 731 tatia
1261 682 1354 745 apum
1383 690 1507 746 reanum
1532 676 1588 732 Dei
1600 691 1661 731 non

831 772 1054 834 contaminatur
1064 766 1176 835 (Galat.
1195 767 1232 837 v).
1251 765 1319 820 ldeo
1331 766 1387 821 nos
1403 763 1545 820 admonet
1559 764 1590 819 in
1603 763 1661 820 alio

831 852 952 909 dicens:
968 856 1053 911 Nibit
1068 871 1122 925 per
1143 858 1359 912 contentionem
1382 859 1435 911 aut
1456 857 1575 910 inanem
1600 855 1662 924 plo·

831 945 907 999 riam
923 962 929 1010 ;
944 947 1110 1014 superiores
1134 946 1191 1000 sibi
1204 948 1329 1002 inuicem
1344 945 1535 1012 arbitrantes,
1552 959 1611 1000 iton
1626 958 1661 1000 ea

831 1049 896 1103 qua
910 1049 965 1089 sua
978 1040 1048 1089 sciat
1074 1035 1188 1104 sinquti
1213 1035 1385 1103 copitaates,
1403 1033 1455 1088 sed
1466 1048 1500 1088 ea
1515 1038 1661 1102 quaesunt

831 1123 956 1178 alterins
978 1123 1125 1194 (Philipp.
1142 1126 1181 1195 u).
1203 1123 1367 1179 Plurimum
1388 1122 1468 1176 enim
1482 1120 1582 1177 valent
1596 1122 1660 1177 hcec

830 1210 891 1266 duo
907 1211 946 1266 ad
960 1212 1160 1268 removendas
1174 1211 1251 1278 lites,
1267 1216 1295 1267 et
1321 1209 1525 1280 generandam
1540 1225 1661 1265 concor-

830 1299 923 1366 diam,
939 1302 1090 1374 numquis
1107 1318 1139 1357 se
1154 1301 1324 1358 inferiorem
1340 1299 1482 1356 omnibus
1496 1298 1621 1370 judicat,
1633 1301 1661 1355 et

829 1405 949 1461 eaquae
969 1395 1038 1446 sunt
1062 1391 1191 1458 alteriue,
1219 1391 1316 1461 magis
1342 1405 1435 1462 quam
1462 1403 1517 1444 sua
1538 1387 1660 1461 propria

829 1483 945 1551 pensat.
964 1484 994 1535 ln
1009 1480 1055 1534 his
1069 1481 1149 1536 cnim
1176 1481 1296 1536 duobus
1318 1479 1471 1535 humilitas
1485 1483 1513 1534 et
1531 1477 1660 1534 charitas

829 1568 1059 1624 commendatur
1070 1588 1075 1634 ;
1092 1587 1159 1642 quae
1171 1586 1232 1626 non
1247 1570 1346 1626 solum
1357 1585 1417 1628 non
1427 1565 1598 1623 discordare
1614 1583 1660 1623 so-

53 1658 152 1708 entam
165 1669 220 1722 pro
235 1657 400 1721 temporam
429 1656 625 1724 conprueatia
636 1658 775 1726 prosera-
790 1676 810 1730 Β
828 1655 897 1723 lent,
914 1657 967 1712 sed
982 1663 1072 1713 etiarn
1087 1658 1292 1715 discordantes
1305 1658 1342 1714 ad
1364 1655 1555 1713 concordiam
1570 1654 1660 1711 redu-

54 1745 133 1797 trum
148 1741 202 1797 boc
227 1743 352 1810 recipiat
370 1746 580 1815 transactisque,
597 1746 676 1816 quod
687 1746 774 1815 depo·
829 1762 904 1802 cere.
921 1749 953 1802 Et
966 1748 1038 1820 quia
1061 1748 1124 1804 haec
1141 1764 1207 1821 quae
1229 1748 1309 1804 diota
1329 1751 1400 1803 sunt
1415 1745 1454 1801 ad
1469 1744 1660 1818 perfectiores

53 1845 111 1895 ‚aa
127 1831 223 1892 atiud,
248 1832 327 1902 qttad
342 1833 419 1888 atter
443 1833 614 1906 natuerat,-
640 1835 710 1891 dum
732 1842 774 1892 ta·
828 1836 985 1907 pertinent,
1009 1843 1131 1909 propter
1145 1839 1245 1898 minus
1269 1837 1416 1910 perlectos
1431 1839 1577 1907 temperat
1592 1851 1659 1891 sen·

53 1921 185 1991 siccique
196 1927 286 1989 prout
298 1922 403 1992 cuique
416 1937 489 1991 opus
509 1929 550 1977 cst
565 1939 623 1978 iton
637 1931 771 1994 itepetur.
828 1924 950 1980 tentiam
961 1942 1030 1981 cum
1042 1925 1196 1996 subjungit
1212 1944 1218 1980 :

61 2009 103 2066 ait
117 2009 139 2064 si
155 2010 219 2065 lieri
234 2015 340 2083 potest,
356 2016 387 2065 nt
403 2011 428 2065 si
441 2011 489 2066 cui
500 2013 633 2069 rideatur
643 2013 772 2082 difficile,
865 2017 974 2071 Tamen
989 2017 1124 2070 sinestra
1136 2015 1466 2084 toleratur-inimiici,
1477 2014 1572 2069 utboc
1586 2013 1659 2068 rcci-

54 2115 155 2171 psum,
169 2099 251 2172 quod
280 2098 461 2172 deposuerat
488 2102 698 2158 vestimentum
712 2122 775 2160 sus·
823 2105 1009 2176 piatt's,quod
1018 2104 1223 2173 deposueritis,
1236 2105 1267 2159 in
1280 2119 1371 2158 cratim
1389 2107 1486 2159 tamen
1499 2104 1595 2158 locum
1606 2115 1659 2156 sao

66 2187 109 2243 nd
125 2189 272 2258 majorem
288 2189 368 2244 enim
390 2190 602 2262 perfectionem
615 2194 774 2265 pertineret

53 2281 150 2333 tntum
162 2283 367 2350 contemptum
381 2279 427 2333 sui
455 2279 521 2353 quis
536 2282 726 2353 pervenisset,
742 2286 774 2338 ut

53 2365 196 2431 immodo,
217 2366 389 2439 quodopus
412 2373 455 2422 est
470 2369 586 2440 corpori
616 2375 772 2426 contentus

57 2459 129 2511 uxta
143 2455 225 2527 qnod
241 2456 281 2510 ait
296 2456 456 2529 Apostolus
473 2477 478 2513 :
500 2460 649 2516 Habentes
662 2463 772 2518 uictum

53 2546 134 2610 itum,
151 2545 196 2600 bis
209 2548 342 2601 contenti
365 2563 425 2602 esse
440 2548 576 2604 debemus
592 2551 620 2621 (f
640 2552 711 2606 Tim.
725 2552 771 2621 vr).

53 2635 198 2691 terminat
226 2641 375 2708 quantum
391 2637 436 2692 vel
465 2638 563 2710 quale,
590 2639 641 2695 sed
658 2645 772 2696 tantum

53 2729 77 2781 rt
93 2741 160 2796 quac
177 2724 326 2781 sullieiant
345 2731 468 2783 naturae.
487 2731 559 2783 Nam
575 2729 605 2783 in
617 2729 773 2802 imperfec-

53 2833 61 2871 r
74 2831 192 2889 semper
205 2816 343 2889 voluptas
357 2819 479 2890 appetit,
493 2835 584 2890 quam
601 2821 771 2877 necessitas

55 2909 136 2961 utem
153 2909 194 2962 ait
207 2907 312 2963 heatus
325 2908 518 2980 Augustinus,
534 2912 676 2966 Humana
687 2917 774 2966 nata·

827 2193 1031 2248 communibus
1044 2193 1214 2249 custodibus
1227 2192 1341 2261 habete,
1358 2190 1437 2263 quod
1446 2192 1567 2261 ponitis.

864 2281 1043 2338 dividelicet
1055 2283 1129 2338 dum
1145 2283 1174 2338 in
1190 2281 1344 2338 communi
1355 2281 1421 2337 loco
1433 2280 1587 2354 reponitur
1600 2280 1658 2336 hoc

826 2370 937 2443 ipsum,
961 2371 1044 2443 quod
1066 2371 1095 2426 in
1120 2371 1276 2444 proprium
1291 2387 1381 2426 usum
1406 2368 1575 2441 suscipitur,
1596 2383 1658 2424 nou

828 2460 984 2533 proprium
999 2477 1074 2519 esse.
1092 2461 1143 2515 sed
1159 2475 1320 2515 commune
1333 2459 1501 2514 credamus.

863 2551 1006 2618 ltasaae,
1027 2555 1057 2604 nt
1082 2550 1185 2605 ciuitas
1211 2548 1268 2603 sibi
1289 2547 1406 2619 aliquid
1430 2551 1580 2616 operetur,
1607 2544 1660 2601 sed

827 2641 927 2696 omnia
942 2655 1033 2709 opera
1050 2645 1148 2696 vestra
1172 2641 1204 2694 ia
1220 2655 1312 2694 anum
1326 2639 1404 2707 fiant
1418 2637 1530 2707 majori
1549 2636 1657 2705 studio,

827 2735 854 2785 et
872 2730 1073 2800 frequentiori
1093 2728 1263 2794 alacritate,
1279 2741 1368 2799 quarn
1396 2728 1422 2782 si
1436 2726 1516 2782 vobis
1531 2726 1658 2795 sinpulis

824 2819 965 2888 faceretis
972 2820 1109 2888 propria.

862 2911 895 2963 Et
905 2908 974 2963 inde
995 2907 1193 2980 apostolicam
1222 2905 1399 2961 sententiam
1415 2898 1549 2976 apponit,
1565 2906 1593 2958 et
1606 2919 1658 2958 ex·

53 2995 103 3052 lico
116 3002 253 3053 contenta
268 3003 321 3068 est,
343 2999 395 3053 scd
409 3001 587 3055 consuetudo
611 3001 707 3056 nicttta
722 3002 773 3056 ad-
788 3032 808 3089 c
826 2998 911 3071 ponit
927 2997 1050 3054 dicens:

55 3085 195 3140 uoluntas
207 3091 297 3157 atque
311 3087 450 3154 valuptas
458 3088 553 3155 ptura
566 3088 728 3156 copulavit.
744 3088 773 3146 Si
863 3088 1004 3144 dicacitas
1019 3089 1106 3153 enim,
1122 3086 1377 3157 dequascriptum
1393 3089 1434 3140 est
1449 3099 1459 3139 .·
1472 3084 1557 3151 Quod
1571 3104 1585 3132 «
1598 3098 1658 3139 noa

53 3189 120 3230 eum
132 3175 260 3245 perlecto
276 3174 419 3244 diligeret,
431 3175 454 3229 si
472 3176 643 3231 carnalibus
658 3177 773 3232 deside·
826 3180 1067 3249 quaeritquasaa
1078 3181 1157 3245 sunt,
1167 3178 1231 3232 »sic
1246 3175 1517 3245 iatettipitur,quia
1527 3188 1657 3228 comma·

53 3263 131 3319 mino
158 3264 349 3335 renuntiaret,
375 3265 470 3321 multa
499 3271 645 3322 resecaret
671 3283 773 3339 snper-
826 3270 878 3323 nia
889 3270 1033 3337 propriis,
1051 3282 1110 3322 non
1123 3267 1250 3336 propria
1273 3264 1476 3320 communibus
1491 3264 1655 3333 anteponit.

53 3370 96 3409 ure
111 3354 203 3409 modo
219 3359 297 3409 tenet
312 3354 398 3426 quasi
415 3355 593 3411 neccssaria.
616 3355 772 3412 lliscamus
862 3359 927 3412 flacc
942 3361 988 3412 est
1002 3372 1094 3412 causa
1108 3353 1310 3428 quarenullus
1325 3352 1380 3408 sibi
1393 3356 1541 3425 operetur,
1558 3352 1611 3407 sed
1626 3351 1658 3408 in

53 3459 122 3499 eum
138 3447 198 3499 tolo
213 3444 441 3515 cordediligere,
455 3451 665 3518 quatenusper
677 3447 772 3520 ipsius
827 3445 980 3500 communi
995 3443 1069 3500 liant
1080 3443 1189 3514 majori
1213 3440 1321 3512 studio,
1338 3445 1367 3496 et
1392 3439 1584 3512 frequentiori
1599 3439 1659 3496 ala-

53 3548 77 3587 n
91 3533 276 3601 studeamus,
289 3538 317 3589 et
332 3534 460 3589 contenti
476 3551 540 3590 csse
551 3537 735 3602 necessariis,
746 3541 774 3593 et
826 3533 1035 3607 critate,quam
1050 3532 1075 3587 si
1089 3537 1188 3588 essent
1202 3530 1510 3604 propriallaeccausa,
1520 3529 1656 3601 inquam,

53 3636 96 3676 ‚ua
110 3637 254 3688 resecare,
269 3627 300 3677 ut
321 3621 395 3676 dum
410 3623 492 3694 quod
506 3640 582 3696 opus
602 3630 646 3679 est
660 3625 773 3680 unicui·
825 3623 897 3695 quia
911 3624 1046 3679 ebaritas
1061 3639 1120 3678 noa
1130 3624 1236 3692 pirarii
1251 3617 1658 3691 qaasaasuntpedcommu·

53 3709 295 3778 anegatnrpltra
310 3710 392 3781 qnod
415 3727 492 3782 opus
505 3717 548 3766 est
562 3729 580 3767 a
593 3713 712 3768 nemine
726 3730 772 3768 re·
825 3715 877 3768 nia
886 3713 1017 3783 propriis
1029 3709 1226 3780 anteponitsi
1241 3709 1370 3762 charitas
1382 3705 1487 3762 Christi
1502 3720 1562 3760 non
1576 3721 1657 3777 quae·

52 3797 224 3853 incharitas
237 3814 296 3852 non
309 3798 415 3869 quierit
425 3815 491 3871 qna
508 3816 561 3855 sna
575 3805 662 3868 sunt;
679 3801 768 3857 chari
824 3803 862 3858 rit
873 3818 940 3874 qua
956 3818 1011 3857 sua
1024 3799 1205 3865 sunt‚nnllus
1221 3802 1359 3853 nostrum
1375 3795 1464 3851 debet
1472 3795 1588 3868 operari
1599 3795 1657 3851 sibi

53 3887 173 3942 amunia
184 3888 337 3959 anteponit
352 3908 358 3956 ;
374 3889 503 3944 chin-itas
517 3889 659 3945 farcitessc
673 3889 772 3961 anjee-
825 3893 858 3945 Et
872 3890 897 3944 si
905 3888 1009 3946 Christi
1025 3887 1154 3944 charitas
1164 3885 1337 3942 communia
1352 3883 1480 3957 propriis
1492 3883 1655 3956 anteponit,

61 3974 154 4032 domo
169 3976 227 4032 liei.
245 3980 325 4032 llanc
344 3978 368 4032 si
383 3977 544 4049 qnisquam
560 3979 687 4050 perfecte
700 3995 771 4051 pos·
824 3995 895 4049 ergo
910 3977 1017 4049 majori
1031 3976 1129 4032 studio
1151 3980 1179 4032 et
1191 3974 1384 4048 frequentiori
1402 3973 1553 4029 alacritate
1568 3972 1657 4029 dehe-

53 4065 132 4122 rtiam
144 4083 179 4122 ex
192 4083 227 4122 eo
240 4067 322 4139 quod
334 4083 410 4139 opus
423 4067 485 4135 erit,
503 4067 680 4140 sibimetipsi
695 4085 771 4125 rese·
824 4085 892 4124 mus
905 4083 993 4137 agere
1003 4066 1177 4123 communia
1190 4081 1283 4138 quam
1299 4064 1322 4120 si
1341 4069 1440 4120 essent
1451 4062 1583 4138 propria.
1601 4065 1658 4119 Ma·

822 4160 870 4231 jor
884 4163 931 4214 est
942 4157 1022 4213 enirn
1037 4158 1151 4212 fructus
1172 4155 1324 4211 charitatis
1353 4170 1446 4227 quam
1456 4152 1655 4228 proprietatis.

53 4250 110 4301 tem
122 4246 335 4304 biacintercos
358 4251 771 4315 coittcatiaaes,etmarmana
824 4253 897 4306 Nam
915 4248 995 4320 qaod
1005 4249 1108 4303 cartus
1129 4263 1189 4301 non
1209 4246 1283 4301 vidit
1295 4259 1349 4300 nec
1364 4246 1447 4300 auris
1461 4243 1585 4311 audiuit,
1602 4242 1656 4298 boc

53 4351 161 4401 cacam
173 4339 437 4410 quarituratiquis
448 4354 477 4395 se
488 4339 616 4395 deterius
624 4341 771 4409 accepisse
824 4338 1011 4409 preparavit
1023 4339 1100 4392 Deus
1113 4334 1311 4404 ditipentibas
1324 4348 1354 4388 se
1366 4333 1394 4402 (I
1404 4332 1472 4388 Car.
1488 4331 1528 4403 n).

53 4425 314 4496 rriushabaeratet
325 4430 479 4498 indipnum
490 4445 519 4484 se
528 4445 588 4485 esse
598 4431 650 4499 qui
659 4446 718 4484 iton
728 4430 770 4485 ita
862 4429 899 4482 lit
914 4428 978 4483 ideo
998 4430 1110 4497 quamn
1134 4423 1263 4492 arripitur
1285 4437 1347 4478 rem
1369 4434 1551 4477 communem
1566 4435 1655 4491 quam

53 4517 167 4571 ursicut
176 4518 253 4573 atius
261 4519 430 4587 fratercp'us
439 4519 631 4586 aestimatum·
640 4520 710 4574 hinc
720 4533 771 4574 vos
823 4520 950 4587 propria
963 4522 1061 4572 nestra
1076 4515 1352 4580 curaveritis‚tanta
1363 4512 1492 4593 amptius
1505 4525 1553 4565 uos
1564 4512 1657 4579 proti-

53 4613 218 4677 equantum
232 4609 312 4662 nabis
324 4609 397 4663 desit
410 4609 441 4662 in
450 4608 504 4662 itto
516 4609 657 4663 interiore
667 4613 770 4664 sancto
825 4607 1083 4671 serenaveritis,ut
1093 4606 1124 4660 in
1131 4602 1480 4673 omnibnsqmbasatitar
1488 4601 1655 4657 transitura

60 4697 168 4766 cordis,
184 4699 237 4767 arri
246 4713 302 4765 pro
314 4698 418 4753 babitu
430 4698 564 4765 corporis
581 4697 715 4766 litt'patis.

52 4789 98 4839 tus
112 4785 210 4840 cordis
226 4787 315 4841 vestri
342 4787 546 4842 sanctificatur
565 4801 618 4857 per
644 4785 770 4854 gratiam

53 4886 83 4926 er
110 4871 357 4929 inhabitationem
388 4873 511 4946 Spiritus
525 4872 629 4936 sancti,
646 4872 771 4943 quando

53 4975 100 5027 ax,
126 4962 267 5025 charitas,
283 4962 412 5031 bonitas,
437 4962 601 5030 humilitas
617 4959 769 5033 patientta,

53 5049 691 5123 dia,mansuetu‹lo‚ctalialrujusmodiihec
703 5055 771 5105 sunt

56 5137 212 5196 interiores
223 5139 343 5207 divitiae,
360 5140 470 5195 scilicet
481 5140 551 5194 honi
563 5155 661 5194 mores
673 5143 700 5194 et
714 5137 770 5192 vir-

53 5227 97 5283 led
112 5228 138 5283 si
153 5229 313 5301 incipimus
328 5229 404 5284 inter
418 5245 474 5283 nos
488 5227 676 5295 contendere,
693 5241 772 5280 mur-

53 5332 59 5372 t
75 5323 104 5373 et
113 5317 238 5389 litigare,
249 5319 347 5374 statim
359 5318 398 5372 ab
413 5318 458 5371 liis
470 5316 672 5390 spiritualibus
683 5315 770 5370 bonis

824 4697 980 4750 necessitas
995 4694 1223 4762 superemineat,
1238 4707 1304 4761 qaae
1314 4694 1480 4759 permanet,
1496 4687 1640 4744 charitas.

859 4782 1030 4837 Transitura
1040 4781 1152 4853 quippe
1166 4779 1327 4834 necessitas
1340 4778 1431 4832 utitur
1441 4776 1656 4848 temporalibus

825 4870 924 4936 rebuS,
940 4867 1156 4940 temporalibus
1168 4865 1285 4934 studiis,
1299 4864 1451 4937 inquibus
1465 4864 1554 4921 debet
1577 4883 1656 4922 sem-

824 4974 877 5032 per
890 4959 1019 5013 charitas
1035 4956 1176 5020 eminere,
1205 4953 1392 5026 quianullus
1413 4959 1510 5026 potest
1538 4955 1655 5028 plaeere

824 5049 884 5101 Deo
899 5046 961 5101 sine
977 5044 1128 5100 charitate.
1147 5048 1177 5099 ln
1187 5042 1300 5098 cunctis
1312 5058 1382 5112 ergo
1395 5059 1463 5115 quae
1476 5044 1594 5113 agimus
1607 5060 1656 5099 ne-

825 5152 906 5192 cesse
917 5139 962 5190 est
974 5138 1006 5191 ut
1014 5150 1134 5206 semper
1146 5133 1274 5189 emineat
1289 5133 1428 5199 ebaritas,
1444 5134 1515 5206 qnia
1530 5133 1597 5206 ipsa
1612 5135 1655 5187 est

824 5232 920 5282 mater
933 5225 1087 5287 virtutum,
1099 5225 1165 5297 ipsa
1178 5227 1221 5278 est
1243 5221 1328 5278 radix
1342 5223 1479 5279 omnium
1491 5221 1651 5277 bonorum.

825 5319 889 5372 llaec
913 5319 957 5370 est
969 5314 1018 5370 via
1033 5313 1190 5369 sublimior
1202 5328 1264 5384 qua
1288 5312 1416 5367 tenditur
1430 5311 1469 5366 ad
1484 5307 1603 5372 coelum,
1616 5306 1653 5362 de

53 5423 251 5464 remanemus.
269 5409 393 5463 Virtutes
407 5407 484 5461 enim
500 5423 568 5461 cum
584 5405 659 5460 vitiis
674 5421 769 5460 rema·
824 5420 885 5477 qua
900 5403 1007 5460 Paulus
1029 5401 1185 5476 apostolus
1201 5401 1241 5457 ait
1257 5417 1264 5455 ε
1280 5399 1389 5456 Adbuc
1414 5397 1653 5454 eccellentiorem

53 5512 85 5552 >n
98 5503 234 5569 possunt.
247 5503 321 5554 Nam
329 5499 509 5568 fernientum
518 5495 665 5550 predicunt
677 5500 769 5550 totam
824 5495 904 5550 vobis
921 5497 998 5550 aiam
1015 5494 1184 5549 dentonstro
1202 5492 1228 5562 (f
1241 5490 1309 5546 Cor.
1327 5491 1387 5558 xri).
1403 5486 1523 5543 Multum
1536 5483 1655 5558 prolicit

53 5603 65 5640 a
82 5591 248 5657 corrumpit
270 5591 297 5649 tl
310 5590 379 5645 Cor.
394 5587 431 5658 r).
448 5585 518 5640 Hinc
533 5601 563 5639 se
587 5584 676 5639 debet
690 5583 770 5655 qnis-
823 5583 852 5638 in
869 5584 925 5639 hac
938 5583 1080 5639 charitato
1094 5583 1209 5654 quipro
1225 5595 1326 5635 amore
1342 5578 1391 5633 Dei
1403 5580 1509 5632 cuncta
1523 5590 1590 5648 quae
1599 5574 1653 5631 hu·

53 5675 152 5746 chare,
176 5683 204 5734 et
219 5677 342 5734 sollicite
366 5691 495 5750 pensare
510 5679 659 5747 quantum
672 5673 714 5729 illi
726 5672 769 5728 in·
823 5672 873 5743 jus
884 5671 991 5728 mundi
1002 5677 1071 5727 sunt
1084 5670 1219 5742 despicit,
1231 5666 1306 5723 nihil
1324 5665 1379 5722 sibi
1392 5664 1517 5721 retinere
1530 5664 1652 5738 appetit,
