3742 6082
62 212 115 274 389
550 216 605 273 Du
622 213 910 275 sscaauunuts.
929 214 1037 277 LIBRI
1055 218 1086 278 11
1114 218 1216 280 PARS
1234 221 1259 279 1.

1709 226 1765 290 390

63 350 112 391 ma
121 335 177 392 illa
190 341 262 395 ante
274 313 526 397 resurrectionem
540 341 698 413 passiones
717 344 746 398 et
760 341 879 398 dolores
891 332 920 389 A
931 342 1083 400 varicator
1097 349 1128 402 et
1140 351 1280 419 peccator
1301 348 1378 405 mori
1402 363 1464 405 non
1489 351 1650 423 potuisset,
1666 355 1761 425 atque

63 424 211 483 sustinuit
222 443 230 495 ;
243 443 279 483 ac
293 444 347 500 per
361 429 418 485 hoc
437 428 528 501 plena
555 429 714 486 beatitudo
740 444 805 485 esse
827 444 889 484 nou
941 430 986 486 ita
994 431 1202 490 inobedientia
1212 451 1334 508 poeuam
1346 436 1481 493 debitam
1491 453 1553 494 non
1565 438 1764 509 haberet,nec

61 514 172 585 potuit,
187 515 241 571 ubi
256 532 347 588 poena
373 521 403 573 et
431 517 517 573 delur
534 518 603 573 tuit.
626 518 684 574 Sed
710 533 772 573 non
796 520 889 573 atten-
944 533 975 573 se
988 527 1214 592 recognosceret
1237 523 1402 596 aliquando
1427 529 1566 598 peccator
1582 528 1608 583 si
1622 530 1763 584 mortuus

64 600 140 656 dunt
160 602 243 673 quod
256 604 360 659 anima
374 604 428 660 illa
443 605 610 661 secundum
626 605 710 664 aliud
724 605 810 661 carni
824 604 890 659 uni·
943 607 1037 677 intus,
1051 609 1126 665 foris
1140 626 1258 683 semper
1267 613 1393 668 viveret.
1404 613 1480 669 item
1493 615 1520 669 si
1533 630 1570 669 ex
1586 615 1766 671 necessitate

61 694 92 746 ta
105 691 179 761 fuit,
195 695 225 748 et
240 693 409 750 secundum
423 694 507 750 aliud
519 695 685 750 divinitati.
703 695 739 749 In
750 709 785 748 eo
808 692 890 765 quod
943 696 1080 752 mortahs
1100 697 1220 767 inisset,
1237 701 1328 755 etiam
1354 701 1386 755 in
1401 701 1574 757 obedientia
1588 704 1764 774 persistens,

61 781 145 836 carni
158 782 247 837 unita
260 782 330 852 fuit,
345 785 410 839 vita
424 785 525 839 carnis
537 785 605 855 ipsa
619 784 689 840 luit.
713 784 751 839 ln
776 798 811 839 eo
837 798 889 838 au·
943 785 1021 839 mori
1033 784 1197 850 debuisset
1211 793 1241 844 et
1254 789 1368 861 injuste
1378 791 1443 846 sine
1456 791 1546 861 culpa
1555 792 1726 863 puniretur,
1738 791 1765 848 si

60 872 121 923 tem
136 869 221 941 quod
233 870 390 927 divinitati
405 873 493 927 unita
505 872 643 941 luit,vita
663 872 761 944 ipsius
784 871 894 928 divini·
943 886 1005 927 non
1016 888 1145 944 peccans
1158 879 1334 932 moreretur.
1351 877 1541 951 Quapropter
1553 880 1626 950 quia
1636 880 1764 951 proban-

60 959 107 1011 tas
121 957 232 1013 111111
247 974 282 1015 11
297 963 399 1015 autem
409 960 492 1031 qnod
506 961 590 1016 carni
601 961 801 1033 jungebatur,
814 974 890 1016 rece·
944 958 1002 1015 dus
1016 964 1090 1030 erat,
1104 964 1134 1016 et
1148 966 1252 1018 utrum
1276 964 1309 1018 in
1332 965 1505 1020 obedientia
1523 967 1700 1038 persisteret
1713 982 1763 1023 ex·

58 1045 149 1101 dente
164 1047 268 1102 anima
280 1049 348 1121 ipsa
360 1063 430 1104 caro
449 1049 646 1105 moriebatur.
668 1049 704 1106 In
726 1065 762 1105 eo
788 1052 890 1104 autem
943 1049 1148 1120 spectabatur,
1163 1066 1231 1106 care
1246 1067 1368 1122 quoque
1382 1053 1465 1107 111111
1483 1056 1513 1108 11
1528 1055 1695 1128 secundum
1709 1054 1764 1111 ali·

58 1133 142 1204 quod
154 1134 313 1192 divinitati
321 1137 520 1209 jungebatur,
541 1138 634 1193 etiam
660 1153 678 1191 a
695 1151 785 1193 carne
811 1151 889 1192 rece·
944 1136 1019 1207 quid
1030 1138 1168 1195 mortalis
1182 1143 1262 1209 erat,
1286 1141 1359 1212 quia
1374 1141 1487 1197 scilicet
1499 1143 1577 1198 mori
1591 1147 1724 1214 poterat;
1734 1146 1766 1199 et

58 1220 135 1277 dens
151 1222 273 1297 abipsa
297 1224 459 1280 divinitate
486 1240 548 1281 non
576 1225 786 1297 separabatur.
816 1223 890 1290 Quae
944 1227 1111 1282 secundum
1133 1227 1250 1300 aliquid
1263 1229 1447 1286 immortalis
1466 1233 1531 1286 erat
1554 1231 1628 1302 quia
1645 1234 1766 1303 poterat

57 1309 155 1380 igitur
169 1311 202 1367 11
217 1327 309 1368 sensu
325 1314 426 1368 carnis
439 1314 477 1369 ad
488 1318 609 1385 tempus
638 1313 772 1369 dolorem
802 1311 891 1368 susti·
944 1329 1005 1369 non
1019 1315 1108 1384 mori,
1121 1319 1321 1387 quatenusex
1336 1332 1371 1373 eo
1386 1317 1555 1388 quodmori
1569 1321 1764 1390 poteratmo·

58 1398 138 1467 nuit,
154 1399 187 1454 in
201 1401 345 1457 societate
359 1399 491 1458 Deitatis
513 1401 638 1473 plenum
667 1404 697 1456 et
721 1401 889 1474 perfectum
944 1407 1061 1458 reretur
1081 1404 1108 1458 11
1121 1408 1268 1475 peccaret,
1284 1408 1314 1460 et
1329 1421 1366 1460 ex
1378 1420 1413 1460 eo
1436 1405 1577 1462 similiter
1591 1406 1674 1479 quod
1688 1405 1767 1462 mori

58 1485 207 1556 gaudium
223 1478 342 1561 semper
356 1488 502 1561 possedit.
518 1489 579 1545 Ubi
590 1489 671 1544 enim
686 1488 890 1561 periectejun-
944 1506 1006 1546 non
1019 1495 1149 1563 poterat,
1165 1507 1226 1548 non
1241 1497 1410 1549 moreretur
1423 1495 1450 1550 si
1464 1494 1496 1549 in
1511 1495 1685 1551 obedientia
1697 1509 1766 1566 per·

58 1576 200 1647 gebatur,
216 1576 305 1650 plene
320 1581 350 1633 et
364 1579 495 1651 perfecte
509 1577 752 1635 beatificabatur.
769 1578 829 1634 Ubi
841 1591 893 1632 au·
944 1585 1105 1637 severaret.
1119 1581 1260 1637 Christus
1273 1585 1376 1637 autem
1389 1583 1480 1639 homo
1493 1583 1567 1654 quia
1579 1583 1733 1655 perfectus
1747 1597 1767 1637 a

59 1668 120 1720 tarn
132 1665 172 1720 ad
182 1665 886 1739 tempnsminushahuitcxdispensatione,pos
899 1670 925 1728 B
939 1668 1492 1743 principioetprobatusinventusest,
1502 1671 1540 1726 ad
1549 1670 1766 1743 perfectionem

58 1753 298 1827 ieasuppletum
315 1758 361 1810 est
375 1755 407 1809 in
420 1754 649 1825 glorificatione.
668 1755 716 1810 lta
728 1757 830 1810 tamen
851 1759 887 1810 ut
939 1758 988 1813 vel
998 1758 1253 1830 adprobationem
1268 1762 1462 1831 exspectatus
1473 1775 1534 1815 non
1544 1758 1642 1814 estEt
1653 1759 1765 1815 idcirco

58 1842 141 1914 quod
156 1843 190 1898 in
204 1847 294 1914 parte
309 1843 479 1899 sublimiori
493 1843 627 1899 habebat
641 1857 748 1899 verum
757 1843 885 1912 honum,
940 1847 1018 1902 sicut
1030 1845 1162 1903 liberum
1175 1848 1337 1903 arbitrium
1350 1848 1469 1917 habuit,
1486 1863 1541 1903 nec
1555 1854 1657 1903 tamen
1673 1848 1719 1902 ita
1731 1850 1765 1904 ut

60 1930 286 2004 necaliquando
299 1931 887 2003 11111111111111111111111111111111111
939 1935 1766 2008 peccareposset,itaquoqueetimmortalitatemquan·

58 2035 198 2089 sum;nec
212 2018 535 2091 suppleretur,quiaex
549 2035 610 2091 quo
625 2019 732 2075 datum
748 2022 887 2088 est,sem-
940 2026 1006 2077 tum
1022 2022 1436 2093 insacrathabcredebuit,et
1448 2024 1627 2079 itautmori
1638 2024 1764 2079 omnino

58 2122 113 2179 per
126 2107 242 2163 mansit
256 2107 433 2179 perfectum.
940 2125 1002 2166 non
1015 2113 1127 2182 posset
1142 2109 1229 2167 Unde
1243 2115 1364 2167 constat
1378 2110 1460 2183 quod
1474 2110 1596 2168 Christo
1611 2111 1730 2168 homini
1744 2127 1763 2167 a

940 2198 1090 2271 principio
1105 2213 1166 2254 non
1189 2197 1287 2254 solum
1302 2214 1338 2254 ea
1351 2198 1568 2255 immortalitas
1583 2198 1762 2269 debebatur,

940 2302 1033 2357 quam
1043 2287 1162 2358 primus
1170 2286 1262 2342 homo
1272 2286 1382 2342 hahuit
1391 2291 1463 2343 ante
1471 2288 1763 2359 praevaricationem

940 2373 1061 2430 sedilia
1075 2389 1196 2447 quoque
1210 2390 1303 2446 quam
1322 2389 1404 2430 nuuc
1418 2375 1570 2431 secundus
1587 2372 1682 2431 hahet
1694 2378 1765 2448 post

59 2265 120 2317 Gur.
136 2264 426 2332 111111111111111
442 2264 554 2317 Verium
564 2265 717 2331 aarumprit,
733 2263 886 2331 qualirfuit

111 2344 259 2396 secundum
272 2344 493 2411 pauihtlitatem,
509 2349 653 2397 1111111111
661 2347 686 2396 11
699 2345 832 2409 affectum.

93 2462 140 2517 De
150 2476 241 2519 carne
249 2462 335 2518 verbi
348 2461 406 2518 hoc
416 2463 548 2534 primum
560 2474 795 2518 commemorare
802 2474 887 2532 opor-

59 2553 103 2606 tct
117 2550 200 2622 quod
212 2550 297 2607 illam
311 2551 350 2606 ab
362 2551 430 2623 ipsa
441 2550 647 2622 conceptione,
658 2547 779 2620 Spritus
788 2547 886 2602 sancti

59 2639 237 2712 operatione
250 2639 294 2695 ita
308 2638 487 2694 mundatam
508 2638 670 2707 credimus,
686 2640 722 2693 11
737 2650 804 2692 eam
819 2649 883 2691 vcr-

56 2727 132 2783 hum
142 2727 245 2798 ipsum
255 2726 383 2783 liberam
397 2741 533 2800 prorsus,
547 2730 577 2781 et
589 2727 758 2781 immunem
770 2724 809 2779 ab
821 2738 883 2779 orn·

56 2816 88 2872 ni
102 2818 227 2888 peccato
239 2819 425 2884 assumeret3
438 2830 529 2886 poena
540 2817 643 2870 tamen
656 2813 771 2887 peccati
781 2811 885 2868 volun·

938 2464 1192 2519 resurrectionem
1205 2466 1240 2518 ut
1249 2462 1390 2518 videlicet
1400 2463 1479 2519 sicut
1489 2478 1526 2519 ex
1536 2464 1689 2519 consortio
1698 2464 1766 2520 Dei·

939 2552 1012 2607 tatis
1036 2551 1146 2622 spiritu
1170 2550 1368 2606 confirmatus
1388 2556 1455 2606 erat
1478 2551 1517 2606 ad
1535 2552 1708 2621 veritatem,
1729 2555 1765 2607 ut

938 2654 1061 2712 peccare
1075 2654 1138 2695 non
1151 2641 1264 2711 posset,
1277 2639 1322 2693 ita
1332 2654 1454 2711 quoque
1469 2654 1507 2694 ex
1519 2641 1627 2696 merito
1639 2640 1764 2696 virtutis

938 2741 1030 2798 carne
1053 2727 1250 2783 confirmatus
1268 2730 1347 2782 esset
1370 2727 1409 2782 ad
1430 2728 1702 2799 incorruptionem,
1727 2730 1763 2783 ut

938 2817 1015 2872 mori
1027 2831 1089 2871 non
1101 2819 1213 2888 posset.
1228 2814 1287 2871 Sed
1301 2815 1375 2887 quia
1388 2830 1457 2870 caro
1475 2816 1628 2886 peccatrix
1640 2830 1659 2869 a
1670 2829 1762 2886 poena

57 2907 121 2959 tate
135 2920 197 2960 non
222 2905 401 2959 necessitate
428 2904 614 2959 assumentis
635 2905 821 2970 remanente,
838 2904 883 2971 ut,
937 2905 1052 2977 pcccati
1062 2904 1186 2960 liberari
1195 2919 1257 2959 non
1266 2904 1377 2974 potuit,
1389 2903 1449 2959 nisi
1459 2917 1529 2958 caro
1540 2903 1681 2976 ejusquae
1694 2903 1761 2960 sine

56 2991 131 3048 dum
145 2986 206 3048 ista
219 2992 252 3047 in
272 2991 429 3048 Salvatore
452 2992 518 3048 sine
541 2991 631 3064 culpa
648 2993 814 3064 pateretur,
828 2989 883 3045 illa
900 3007 923 3064 ρ
936 2994 1059 3066 peccato
1071 2995 1136 3047 erat
1150 2995 1315 3064 pateretur,
1326 2991 1535 3048 infirmitatem
1544 2991 1770 3063 passibilitatis·

57 3096 127 3153 quae
138 3081 171 3137 in
184 3080 340 3137 salvandis
354 3096 409 3154 pro
424 3080 513 3153 culpa
524 3096 621 3153 poenae
632 3078 882 3148 obnoxiafuerat,
937 3085 967 3137 et
980 3080 1178 3137 mortalitatis
1189 3081 1222 3135 11
1237 3094 1327 3135 carne
1341 3084 1500 3152 assumpta
1514 3080 1641 3136 retinuit
1659 3084 1758 3152 potes-

55 3168 248 3226 liberaretur.
258 3171 304 3226 De
313 3171 371 3226 hac
380 3171 486 3242 itaque
494 3185 585 3242 poena
594 3168 809 3242 passibilitatis
819 3168 883 3224 sive
937 3173 1010 3239 tate,
1025 3169 1175 3225 sustinuit
1189 3168 1357 3238 voluntate,
1372 3184 1434 3224 non
1450 3184 1560 3241 passus
1575 3173 1622 3225 est
1633 3169 1758 3226 necessi-

55 3257 255 3313 mortalitatis
270 3263 412 3330 quaerunt
427 3258 563 3332 quidam,
580 3257 732 3330 quomodo
744 3256 777 3312 in
793 3271 882 3312 carne
936 3261 1008 3314 tate.
1022 3258 1068 3313 De
1083 3273 1175 3313 sensu
1185 3261 1288 3313 autern
1302 3257 1456 3329 passionis
1474 3257 1508 3313 in
1523 3272 1613 3313 carne
1630 3257 1756 3327 Christi,

54 3344 224 3401 Salvatoris
238 3351 312 3402 erat.
328 3345 386 3403 Sed
400 3346 489 3402 facile
503 3344 796 3418 estscirequomodo
811 3357 882 3400 caro
936 3347 1062 3419 quidam
1083 3346 1163 3402 male
1192 3346 1323 3402 sensisse
1347 3346 1557 3402 inveniuntur.
1581 3345 1761 3403 deserentes

54 3433 119 3503 illa,
134 3422 273 3506 quandiu
286 3435 320 3490 11
334 3449 437 3490 massa
447 3435 565 3506 generis
573 3434 701 3490 humani
716 3434 775 3490 sub
790 3433 881 3503 origi·
935 3450 1057 3491 carnem
1071 3435 1157 3491 illarn
1172 3435 1205 3490 in
1220 3435 1364 3490 omnibus
1378 3435 1418 3488 iis
1442 3450 1511 3507 quaa
1531 3435 1564 3489 in
1577 3449 1613 3489 ea
1626 3438 1657 3490 ct
1681 3436 1762 3491 circa

55 3521 120 3577 nali
135 3521 238 3578 debito
252 3523 321 3592 fuit,
337 3538 460 3595 poenam
475 3537 597 3595 quoque
620 3521 882 3594 prevaricationis
936 3524 1228 3579 aamexhibitasunt
1240 3523 1519 3595 passionisgeucra;
1528 3522 1760 3578 similitudinem

56 3626 119 3682 qua
133 3612 234 3665 totum
246 3611 408 3666 tenebatur
434 3611 467 3666 in
482 3614 546 3666 toto
569 3611 688 3683 ipsoex
702 3609 882 3665 necessitate
936 3610 1059 3682 quidem
1069 3611 1222 3682 passionis
1230 3614 1260 3665 et
1268 3609 1381 3665 doloris
1390 3611 1568 3681 suscepisse,
1578 3609 1631 3665 sed
1640 3610 1759 3666 nullum

10 3770 14 3777 ἱ
56 3696 600 3771 111111111Ρο1111111111111111111
609 3698 676 3770 ipso
686 3696 883 3767 singulariter
936 3699 1060 3754 omniuo
1073 3697 1207 3753 dolorem
1223 3700 1277 3752 aut
1290 3698 1463 3769 passionem
1489 3697 1683 3753 sustinuisse.
1700 3697 1759 3753 Sed

55 3785 157 3841 divisa
170 3789 227 3855 est,
243 3791 278 3841 ut
289 3802 344 3842 nec
357 3787 390 3843 in
405 3787 472 3859 ipso
484 3789 574 3855 esset,
591 3800 644 3840 nec
668 3800 737 3840 cum
760 3785 828 3856 ipso
848 3785 882 3840 in
936 3801 997 3841 uon
1013 3784 1177 3840 attendunt
1191 3788 1308 3854 quanta
1321 3782 1497 3839 absurditas
1511 3783 1689 3856 hujusmodi
1711 3799 1757 3839 as·

58 3888 152 3929 causa
167 3874 373 3947 participaret,
387 3875 451 3947 jam
473 3873 551 3931 nihil
564 3889 662 3947 poenae
676 3873 793 3943 debuit,
808 3874 883 3945 quia
934 3866 1098 3929 'sartionem
1114 3871 1758 3944 11111111111.,011111(11111111101111111

56 3962 154 4036 culpae
170 3962 215 4017 nil
235 3962 352 4018 habuit.
371 3962 478 4034 ltaque
499 3965 650 4035 quantum
672 3962 705 4019 in
728 3961 880 4034 ipsaiuit,
934 3977 1007 4018 vera
1018 3960 1267 4034 compassio'iuit,
1284 3961 1394 4016 sivera
1404 3960 1506 4033 passio
1521 3975 1583 4016 non
1595 3958 1670 4016 init?
1682 3960 1760 4027 Quo·
1813 3956 1817 3963 '

56 4065 117 4106 non
139 4050 247 4106 debuit
269 4052 419 4107 sustinere
443 4067 572 4124 paeuam,
593 4050 716 4122 quando
730 4051 795 4122 jam
819 4066 882 4106 non
935 4050 1025 4107 modo
1036 4049 1218 4121 stabitquod
1228 4048 1302 4104 dicit
1311 4049 1479 4121 propheta:
1497 4051 1573 4106 Vere
1585 4053 1758 4120 languores

55 4137 166 4194 hahuit
190 4137 320 4211 culpam.
346 4140 468 4195 Poterat
491 4154 562 4210 ergo
581 4140 664 4210 juste
685 4138 825 4195 Salvator
848 4140 881 4194 in
935 4146 1060 4196 nostroe
1076 4142 1144 4209 ipse
1159 4141 1248 4208 tulit,
1262 4144 1293 4194 et
1309 4141 1434 4194 dolores
1458 4145 1584 4194 nostros
1607 4140 1674 4207 epse
1683 4154 1757 4207 por·

56 4227 882 4301 1111111111111111111111111111111111111111111·
935 4226 1039 4284 taciti
1061 4228 1137 4299 (Iso.
1155 4227 1233 4298 1111).
1254 4226 1285 4282 Si
1307 4227 1449 4282 Christus
1462 4227 1494 4282 in
1514 4242 1601 4283 cruce
1623 4225 1758 4282 dolorem

56 4330 115 4386 que
130 4315 327 4371 mortalitatis
337 4319 368 4371 et
377 4316 593 4388 passibilitatis
601 4316 811 4372 infirmitatem
819 4330 881 4371 non
894 4337 922 4393 D
934 4332 1113 4391 passusnon
1121 4316 1292 4388 fuit,quare
1303 4318 1461 4387 tantopere
1470 4315 1593 4370 calicem
1605 4315 1758 4386 passionis

56 4405 271 4477 assumpsisse,
287 4403 420 4460 sedeam
444 4421 505 4461 non
529 4405 626 4461 solum
647 4419 740 4478 supra
753 4405 785 4460 id
799 4404 882 4478 quod
936 4406 1095 4462 transferri
1111 4420 1129 4459 a
1145 4420 1177 4460 se
1190 4402 1380 4477 postulavit?
1394 4403 1472 4469 Quid
1488 4404 1546 4459 sibi
1570 4402 1669 4458 voluit
1688 4417 1756 4458 san·

56 4507 112 4548 nos
122 4493 423 4562 summusmortales,
435 4495 508 4566 quia
520 4498 660 4566 peccator
667 4508 729 4548 non
740 4496 815 4562 erat,
827 4492 879 4549 sed
935 4495 1005 4566 guis
1018 4494 1171 4550 desudans
1186 4493 1361 4564 augustiam
1369 4492 1558 4548 imminentis
1573 4492 1682 4547 mortis
1692 4507 1758 4547 con·

55 4595 150 4653 supra
162 4579 195 4635 id
206 4580 299 4636 etiam
313 4581 395 4653 quod
406 4582 525 4655 primus
537 4582 628 4638 homo
639 4585 710 4638 ante
721 4585 879 4654 peccatum
934 4580 1084 4639 testatus?
1098 4581 1177 4648 Quid
1193 4581 1251 4637 sihi
1265 4581 1364 4637 voluit
1387 4580 1468 4654 quod
1492 4581 1558 4653 ipse
1571 4580 1713 4637 Christus
1727 4584 1758 4637 et

55 4668 126 4739 tuit,
137 4669 212 4740 quia
220 4669 397 4741 probandus
407 4685 469 4725 non
477 4671 675 4743 crataprima
685 4670 880 4742 conceptione
932 4671 1142 4727 infirmitatem
1158 4669 1324 4725 secundum
1339 4684 1433 4740 quam
1447 4683 1517 4725 caro
1531 4669 1705 4740 passionem
1719 4671 1756 4725 ti·

55 4756 153 4828 gloria
166 4756 563 4814 immortalitatisinduisse.
578 4759 699 4813 Primus
707 4758 820 4830 quippe
830 4757 880 4813 ho
933 4760 1022 4828 muit,
1048 4762 1078 4813 et
1101 4757 1291 4816 voluntatem
1320 4757 1485 4813 secundum
1511 4773 1605 4828 quam
1628 4759 1756 4831 spiritua

54 4859 105 4900 mo
118 4845 195 4916 quia
207 4844 386 4916 probandus
410 4849 485 4915 erat,
499 4846 571 4902 talis
584 4861 649 4901 esse
664 4845 769 4901 debuit
783 4846 880 4917 quiet
904 4869 906 4873 ⁴
933 4851 1094 4920 promptus
1114 4846 1174 4901 fuit
1194 4860 1359 4917 exponens,
1375 4845 1420 4900 ait
1435 4846 1598 4914 :Spiritus
1623 4849 1755 4916 quidem

53 4933 878 5007 peccarcetnonpeccarepotuisset‚utvoluntatisnon
927 4939 1099 5005 promptus
1123 4938 1180 5002 ert,
1203 4947 1279 4989 cauo
1302 4938 1413 4989 autem
1436 4931 1599 5004 infirmat
1623 4935 1753 5005 (111111.

53 5021 248 5077 necessitatis
263 5025 344 5077 esset
357 5025 532 5097 utrumque.
542 5023 648 5094 Neque
661 5022 742 5077 enim
754 5022 802 5078 vel
814 5022 881 5077 obe·
933 5036 1027 5088 xxv1;
1052 5022 1153 5077 liare.
1171 5021 1312 5089 stallati
1325 5035 1395 5092 ergo
1410 5021 1464 5094 qui
1479 5026 1592 5093 negant
1605 5021 1755 5078 1181111-

53 5108 152 5166 111111
165 5110 322 5180 meritum,
338 5109 386 5165 vel
400 5124 462 5166 non
475 5111 628 5167 obedienti
642 5109 732 5183 culpa
749 5126 816 5166 esse
826 5126 878 5182 po·
934 5116 999 5167 tore
1013 5108 1180 5165 secundum
1201 5109 1412 5165 infirmitatem
1431 5111 1534 5166 carnis
1545 5126 1649 5167 veram
1661 5112 1756 5167 fuisse

55 5199 165 5255 luisset
178 5198 239 5254 nisi
254 5201 285 5254 et
294 5198 468 5254 obedientia
480 5202 508 5254 et
521 5199 732 5272 praevaricatio
743 5199 880 5255 volunta·
932 5198 1117 5271 passionem,
1132 5201 1284 5270 quantum
1298 5198 1331 5253 in
1346 5213 1378 5253 se
1390 5201 1437 5254 est
1450 5214 1517 5255 eam
1532 5214 1601 5270 quac
1620 5213 1674 5270 per
1687 5213 1754 5271 pas·

53 5287 100 5343 ria
113 5287 235 5342 luisset.
250 5287 357 5358 Itaque
373 5289 447 5358 quia
459 5287 497 5342 ad
512 5287 723 5360 probationem
736 5289 880 5359 utrinque
934 5287 1050 5343 sionem
1057 5286 1172 5342 Christi
1186 5286 1268 5341 facta
1284 5288 1340 5356 est,
1356 5288 1697 5358 negareconvincuntur
1715 5300 1757 5340 re

53 5375 200 5431 voluntas
212 5375 279 5446 ejus
293 5376 538 5447 exspectabatur,
550 5376 588 5431 ad
602 5379 767 5447 utrumque
779 5377 806 5430 11
815 5392 881 5449 pos
934 5375 1150 5448 demptionem.
1158 5374 1236 5430 Sunt
1243 5374 1296 5430 alii
1302 5375 1356 5446 qui
1362 5391 1424 5431 non
1437 5377 1548 5432 minori
1559 5373 1712 5431 dementia
1719 5372 1756 5428 de

54 5463 189 5519 sibilitas
202 5463 420 5536 praestabatur.
436 5465 514 5529 Quia
525 5480 597 5520 vero
611 5464 756 5537 peccandi
771 5468 801 5520 et
818 5481 880 5521 non
933 5463 1092 5520 affectibus
1115 5463 1260 5519 humanis
1278 5463 1311 5518 in
1336 5463 1457 5519 Christo
1477 5466 1565 5535 (quos
1589 5460 1755 5517 secundum

52 5551 882 5626 peccandipossibilitatcmhabuit,oportebatutetmo·
934 5553 1094 5608 veritatem
1123 5555 1242 5608 naturae
1269 5567 1338 5607 cum
1361 5551 1552 5606 humanitate
1580 5552 1610 5604 et
1641 5549 1675 5604 in
1699 5548 1756 5603 hu-

53 5638 154 5696 riendi
168 5642 199 5695 et
213 5656 275 5695 non
290 5641 880 5714 111111111111111111111111111111111111.ὃί
934 5640 1085 5696 inanitate
1105 5637 1249 5712 suscepit}
1277 5639 1417 5711 quaedam
1440 5651 1501 5691 non
1524 5635 1625 5692 solum
1651 5637 1756 5708 falsa,

53 5729 189 5786 enimex
202 5730 384 5786 necessitate
398 5731 614 5788 immortalitas
624 5730 744 5800 inisset,
759 5734 790 5789 et
803 5746 879 5805 pree·
936 5729 990 5787 sed
1026 5727 1179 5785 horrenda
1205 5728 1298 5784 etiam
1320 5724 1533 5797 blasphemare
1566 5740 1637 5782 non
1653 5727 1770 5781 tumus
