3742 6082
608 177 788 237 nxrosrao
806 180 841 236 rr
860 179 939 237 aaa.
960 178 989 238 s.
1009 180 1205 243 incusari.
1708 200 1762 269 aaa

300 662 729 811 {illuditis
785 665 913 806 liti
981 665 1048 808 S.
1106 670 1523 817 'victorin

215 1030 440 1167 artata
504 1033 648 1172 rtis
713 1035 935 1172 tttttt.
1004 1036 1282 1174 trtttttt
1350 1040 1601 1181 titillat.

718 1724 1104 1850 EXPOSlTlO

446 2076 502 2164 IN
545 2077 811 2167 REGULAM
855 2081 1017 2169 Bali}
1061 2080 1373 2177 AUGUSTINI.

333 2716 448 2772 CAPUT
466 2714 610 2772 PRtltUll.
904 2717 1009 2785 Adia3
1034 2722 1062 2774 et
1082 2717 1133 2774 tali
1152 2718 1314 2775 concordia
1334 2736 1402 2793 quae
1418 2717 1672 2778 inoccatum
1696 2737 1766 2779 can·

55 2819 89 2858 or
109 2818 264 2860 catamare
284 2821 325 2858 aar
350 2821 383 2860 ar
407 2820 531 2875 raoxrnr,
557 2821 590 2859 ue
615 2820 729 2860 [strare
753 2821 883 2876 conorari,
939 2806 1040 2863 cordia
1061 2807 1101 2863 ad
1123 2807 1295 2865 iaciendum
1321 2813 1478 2882 peccatum
1507 2809 1589 2866 mala
1611 2813 1673 2879 est;
1697 2825 1767 2867 con·

287 2911 319 2950 nr
339 2910 533 2951 counusirirn
552 2911 653 2951 aenan.
939 2896 1041 2953 cordia
1056 2912 1125 2953 vero
1140 2898 1180 2954 ad
1198 2897 1369 2955 taciendam
1390 2897 1517 2967 bonum,
1540 2903 1568 2955 et
1591 2898 1766 2957 sectandam

91 2984 157 3038 llaec
173 2987 322 3055 praecepta
334 2999 402 3055 quae
424 2981 596 3056 subscripta
609 2987 679 3039 sunt
692 2982 759 3040 idco
782 2984 885 3055 regula
936 2985 1093 3057 justitiam,
1118 2991 1147 3042 et
1169 2986 1358 3043 serviendum
1384 2989 1443 3043 lieo
1467 2987 1616 3044 bonaest.
1638 2987 1699 3045 Hoc
1723 2990 1768 3044 est

55 3072 255 3146 appellantur,
268 3074 340 3147 quia
350 3072 524 3131 videlioctin
535 3074 885 3131 eisnobisrectcvivendi
939 3075 1155 3148 propterquod
1169 3075 1200 3132 in
1214 3092 1308 3132 unum
1332 3092 1438 3132 sumus
1454 3075 1636 3147 congregati,
1659 3075 1768 3135 scilicet

53 3176 162 3219 norma
176 3161 360 3235 exprimitur.
376 3161 488 3232 Regula
503 3167 604 3219 autem
616 3163 733 3231 dicitur,
748 3180 784 3221 eo
801 3164 885 3237 quod
939 3168 973 3220 ut
986 3163 1016 3219 in
1030 3164 1146 3221 servitio
1159 3164 1262 3221 divino
1282 3181 1377 3221 unum
1390 3164 1527 3239 spiritum
1547 3170 1576 3223 et
1597 3181 1691 3223 unam
1705 3164 1769 3222 aiti-

53 3256 133 3327 recte
147 3256 241 3322 regat,
256 3251 304 3308 vel
315 3251 400 3325 quod
409 3256 487 3308 rcctc
500 3251 616 3309 doceat.
634 3256 666 3309 Et
678 3253 760 3327 quod
775 3270 832 3310 nos
844 3253 887 3310 di·
940 3270 1022 3311 mam
1034 3270 1141 3311 omnes
1150 3254 1317 3311 habeamus
1332 3254 1362 3311 in
1376 3255 1559 3324 domo‚etsit
1568 3256 1657 3313 nobis
1666 3254 1770 3313 anima

54 3341 152 3397 cimus
164 3340 311 3412 regulam,
336 3341 428 3398 Graeci
443 3358 591 3399 canonem
616 3342 779 3416 appellant.
803 3345 885 3401 Unde
940 3360 1002 3399 una
1017 3348 1045 3401 et
1059 3359 1110 3400 cor
1125 3343 1266 3400 nnumin
1282 3346 1351 3400 Deo.
1366 3345 1487 3417 Oportet
1501 3345 1618 3420 enimsi
1630 3345 1662 3402 in
1673 3360 1769 3402 unum

55 3429 146 3487 etiam
166 3432 266 3488 Groeco
287 3430 410 3487 nomine
431 3431 578 3499 canonici,
603 3431 634 3488 id
656 3436 700 3488 est
722 3432 885 3505 regulares,
941 3432 1115 3503 congregati
1136 3448 1241 3489 sumus
1265 3432 1468 3507 corporaliter,
1494 3438 1526 3491 nt
1548 3432 1637 3490 simul
1655 3433 1771 3491 habite·

56 3519 198 3593 appellati
212 3524 282 3576 sunt
293 3520 324 3576 hi
338 3521 391 3594 qui
401 3520 431 3577 in
444 3521 633 3578 monasteriis
643 3522 792 3580 constituti
800 3524 886 3595 juxta
941 3539 1010 3579 mus
1025 3526 1054 3579 ct
1069 3521 1269 3595 spiritualiter.
1281 3525 1346 3579 Non
1360 3523 1440 3579 enim
1455 3522 1578 3597 prodest
1593 3521 1619 3579 si
1633 3538 1689 3580 nos
1703 3539 1773 3580 con·

55 3609 206 3680 regularia
229 3615 379 3684 praecepta
401 3615 573 3667 sanctorum
597 3613 718 3668 Puteum
742 3613 886 3670 canonice
941 3613 1015 3670 tinet
1042 3627 1104 3667 una
1131 3611 1251 3678 domus,
1276 3616 1304 3667 et
1333 3616 1453 3684 separat
1480 3612 1599 3669 diversa
1621 3612 1770 3671 voluntas.

56 3703 146 3771 atquc
161 3700 324 3772 apostolice
341 3699 453 3768 vivunt,
469 3699 581 3773 quibus
595 3699 711 3758 dicitur.
941 3702 1009 3757 Plus
1024 3700 1104 3757 caim
1120 3699 1329 3756 attendittieus
1340 3700 1484 3756 unitatem
1495 3700 1588 3756 animi
1598 3700 1770 3772 quamloci.

92 3789 164 3845 Hac
174 3797 243 3846 sient
256 3806 322 3862 qaae
333 3794 364 3845 at
375 3789 533 3847 obsanctis
542 3792 775 3860 precipimasin
785 3807 887 3848 mona·
942 3794 1017 3847 Ecce
1031 3789 1061 3845 in
1074 3804 1136 3845 una
1148 3787 1240 3844 domo
1256 3804 1361 3844 sumus
1375 3788 1477 3862 plures
1497 3788 1646 3860 homines,
1662 3787 1773 3846 diversi

56 3878 147 3934 sterio
162 3880 340 3935 constitutis.
941 3896 1052 3946 mores,
1067 3878 1187 3935 diversa
1201 3878 1302 3945 corda,
1318 3878 1442 3935 diversae
1457 3876 1576 3935 animae.
1589 3883 1655 3936 llaec
1670 3878 1774 3936 omnia

93 3967 139 4021 Ad
155 3967 219 4023 haec
233 3967 437 4025 nohisdivina
452 3974 603 4044 praecepta
623 3967 773 4041 leguntur,
788 3975 887 4043 quate·
943 3968 1032 4025 dcbet
1047 3968 1229 4039 conjungere
1252 3968 1284 4025 in
1307 3984 1403 4024 unum
1420 3984 1481 4024 una
1493 3967 1618 4025 intentio
1640 3972 1669 4025 et
1692 3983 1773 4025 unua

56 4072 114 4112 nus
140 4055 217 4113 lecta
235 4055 438 4127 intelligantur
462 4062 491 4114 et
515 4058 705 4131 impleantur.
733 4058 889 4117 Metuenda
907 4074 1029 4134 Bamor
1044 4057 1074 4113 in
1088 4060 1191 4114 Deum.
1216 4057 1365 4114 Debemus
1386 4073 1458 4127 ergo
1471 4057 1501 4114 in
1523 4059 1581 4115 hoc
1595 4074 1662 4114 essa
1684 4055 1775 4114 unius
1810 4102 1813 4107 ,

55 4145 107 4201 illa
123 4146 279 4215 sententia,
295 4163 357 4220 qua
371 4147 479 4204 dicitur
496 4167 502 4204 :
518 4149 630 4205 Servat
648 4149 701 4220 qai
722 4150 760 4205 sit
783 4151 888 4206 cotan·
944 4146 1038 4205 animi
1053 4146 1184 4204 etunius
1198 4146 1370 4216 voluntatis,
1387 4152 1420 4204 ut
1432 4147 1599 4204 serviamus
1616 4149 1676 4204 Deo
1691 4151 1720 4205 et
1731 4145 1775 4204 di·

57 4242 149 4293 tatam
169 4237 283 4294 domini
305 4239 352 4293 sai
371 4244 399 4295 et
418 4255 479 4295 aaa
499 4240 586 4310 suat,
608 4240 711 4310 placit
732 4240 888 4311 vapulabit
943 4236 1074 4309 ligamus
1099 4240 1193 4293 Deum
1208 4254 1244 4293 ax
1262 4236 1425 4292 totocorde
1438 4240 1513 4292 etex
1534 4240 1597 4292 tota
1615 4235 1727 4304 anima,
1747 4237 1777 4291 et

56 4327 160 4382 mattis
176 4327 259 4398 (Lac.
273 4329 333 4395 ru).
351 4327 423 4384 Hinc
436 4327 544 4384 Paulus
557 4328 598 4385 ait
612 4345 619 4385 :
631 4329 700 4385 Non
713 4330 791 4386 enim
805 4330 889 4387 audi·
914 4388 924 4401 ⁴
944 4326 1117 4403 proximum
1133 4327 1210 4383 sicut
1230 4341 1296 4382 nos.
1314 4324 1485 4381 Necessaria
1497 4324 1599 4396 itaque
1623 4327 1668 4380 cst
1687 4322 1775 4380 nobis

58 4421 135 4473 tores
150 4418 233 4489 teca,
249 4418 300 4474 sed
317 4419 450 4489 factores
464 4419 717 4488 justificabantur
736 4419 830 4492 (Rom.
843 4421 887 4494 a).
945 4416 1040 4474 virtus
1055 4415 1233 4486 concordiae,
1255 4431 1322 4487 quaa
1337 4413 1378 4470 sic
1399 4412 1504 4470 haberi
1516 4417 1615 4487 potest
1639 4412 1663 4469 si
1687 4411 1777 4470 irater

56 4504 224 4561 Audiamus
237 4520 310 4576 ergo
326 4521 411 4563 sacra
423 4510 573 4579 praeopta
584 4507 626 4580 pii
647 4507 773 4579 domini,
789 4513 818 4564 et
829 4526 890 4566 me
946 4506 1022 4564 dum
1034 4505 1114 4562 venit
1128 4505 1168 4561 ad
1182 4502 1398 4560 monasterium
1408 4501 1511 4576 incipit
1524 4518 1554 4559 se
1567 4500 1695 4575 spoliare
1708 4516 1777 4574 pro-

56 4610 158 4651 mores
182 4594 276 4651 simus
297 4594 511 4652 mandatorum
536 4594 631 4669 ipsius
658 4597 697 4654 ad
716 4597 888 4655 taciendam
946 4597 1014 4670 pria
1027 4594 1189 4660 voluntate,
1205 4599 1295 4665 atque
1309 4592 1393 4648 illum
1416 4591 1534 4661 imitari,
1550 4590 1604 4665 qui
1623 4590 1685 4648 ait:
1709 4590 1777 4648 Noa

27 4686 37 4706 ⁰
57 4683 188 4750 eutluia
204 4684 279 4741 sicut
289 4684 359 4742 dicit
372 4685 477 4742 beatus
491 4684 638 4742 Iacobus:
655 4686 690 4742 Si
698 4687 765 4757 aaa
780 4688 810 4744 in
827 4689 890 4760 teqe
948 4688 1017 4743 ceni
1024 4685 1318 4756 sacereaotaatatem
1329 4697 1424 4739 meam
1435 4681 1534 4752 (Jcan.
1546 4681 1593 4751 ri).
1609 4679 1775 4737 Etiterum:

54 4775 199 4843 perfecta
211 4776 399 4844 perspexerit
423 4775 579 4843 libertatis,
604 4780 631 4830 et
644 4776 842 4843 permanserit
857 4776 889 4829 in
947 4778 1052 4844 Pater,
1077 4789 1137 4830 aaa
1157 4774 1233 4829 sicat
1259 4787 1311 4842 eqo
1333 4771 1410 4838 voto,
1434 4771 1486 4826 sed
1499 4771 1574 4826 sicat
1599 4775 1632 4824 ta
1657 4768 1777 4841 (Marta.

58 4877 104 4932 aa,
121 4878 181 4918 aon
200 4864 495 4921 auditorohtiaicsut
510 4865 622 4934 sactus,
638 4863 803 4932 sedsactor
825 4878 890 4932 cpe·
948 4864 1037 4935 xxvi).
1055 4864 1116 4920 Hoc
1135 4865 1178 4918 est
1199 4861 1279 4918 enim
1302 4859 1387 4932 quod
1409 4858 1540 4915 maxime
1564 4857 1687 4915 adducit
1711 4873 1780 4914 con·

57 4953 111 5021 ris,
130 4952 177 5008 lic
190 4952 292 5010 beatas
306 4955 336 5009 ia
348 4955 434 5025 sacto
446 4970 499 5009 sao
519 4954 576 5010 erit
594 4951 707 5024 (Jacob.
723 4952 754 5025 1).
779 4954 813 5008 Et
836 4954 890 5009 lio-
949 4951 1095 5021 cordiam,
1112 4951 1136 5007 si
1150 4949 1277 5024 quisque
1288 4964 1349 5005 non
1364 4964 1461 5013 suam,
1477 4946 1531 5003 sed
1546 4947 1780 5004 alteriusvolun·

56 5042 159 5097 minas
177 5041 208 5097 in
224 5042 407 5113 Evangelio:
430 5043 519 5099 Beati
540 5042 594 5114 qai
615 5043 744 5098 audiant
767 5041 888 5099 verdum
949 5045 1043 5098 tatem
1063 5040 1159 5096 iacere
1178 5039 1296 5096 studeat
1308 5038 1339 5094 in
1357 5037 1449 5093 bona.
1470 5039 1504 5092 nt
1517 5037 1574 5093 hoc
1598 5040 1643 5093 est
1659 5051 1779 5107 magnae

55 5132 113 5187 Dei
126 5137 154 5187 et
167 5132 325 5188 cutodiunt
339 5132 420 5189 iliad
433 5133 515 5202 (Lac.
532 5134 583 5194 xi).
600 5130 691 5202 igitur
705 5147 773 5204 quae
784 5129 889 5204 proeci-
948 5128 1125 5187 humilitatis
1141 5127 1299 5199 judicium.
1325 5127 1393 5183 tndc
1418 5129 1577 5196 generatur
1599 5123 1778 5191 obedientia,

56 5220 182 5294 piantur
203 5220 291 5276 nobis
306 5221 336 5278 in
355 5219 539 5277 monasterio
554 5219 720 5276 constitutis
738 5218 890 5276 humiliter
949 5216 1058 5274 crescit
1069 5214 1207 5282 charitas,
1224 5220 1252 5271 et
1265 5231 1325 5288 pax
1345 5220 1435 5288 atque
1454 5214 1622 5286 justitiari
1643 5210 1780 5268 Ecclesiae

57 5309 262 5366 attendamus.
953 5307 1093 5374 virtutes;
1108 5303 1191 5377 quod
1211 5303 1318 5360 sivoio
1342 5303 1439 5360 facere
1462 5304 1646 5360 volantatem
1667 5316 1779 5369 meam,

92 5401 233 5456 Primam
245 5405 372 5470 propter
384 5399 505 5472 qacdia
518 5413 611 5453 unam
624 5398 691 5454 estis
704 5399 887 5470 concrepuit,
908 5430 932 5485 C
949 5400 981 5453 et
993 5396 1047 5452 ista
1065 5410 1164 5463 suam,
1183 5391 1260 5449 fiunt
1280 5393 1453 5461 divisiones,
1475 5392 1611 5448 oritmtur
1624 5391 1699 5459 lites,
1714 5389 1781 5446 irae-

56 5496 91 5544 ut
106 5491 264 5546 attentates
279 5489 418 5546 habitetis
431 5490 463 5544 ia
477 5489 573 5557 domo,
588 5492 616 5543 et
636 5487 675 5542 sit
688 5487 769 5543 cobis
789 5489 890 5545 anima
950 5499 1075 5558 quoquc
1090 5482 1213 5550 ctrina,
1228 5498 1297 5555 qua
1313 5486 1384 5537 sunt
1405 5496 1497 5555 opera
1522 5481 1629 5538 carnis.
1655 5483 1688 5538 at
1706 5479 1782 5538 siout

56 5594 122 5635 teau
138 5584 166 5633 et
181 5594 233 5635 cor
247 5595 340 5636 anam
356 5581 386 5635 ia
398 5580 468 5636 Deo.
951 5574 995 5632 ait
1004 5572 1162 5646 Apostolus
1175 5589 1181 5625 :
1194 5573 1251 5640 Qui
1261 5573 1336 5628 tatia
1347 5575 1442 5642 aqam
1454 5585 1579 5640 requam
1587 5571 1782 5627 Deiaoacoa-

96 5667 196 5726 Primo
210 5668 299 5727 nobis
314 5668 479 5728 admonitio
495 5668 529 5726 tit
540 5665 579 5725 de
593 5664 705 5725 unitate
718 5669 748 5724 et
769 5681 892 5726 concor·
951 5668 1116 5736 sequentur
1127 5661 1239 5734 (Galat.
1249 5664 1290 5730 v).
1299 5658 1542 5733 Suntquidamin
1551 5658 1781 5730 congregatione
