3742 6082
52 158 115 218 ω
554 150 610 209 nu
627 152 914 212 siemundus
934 151 1046 212 nram
1065 154 1094 214 11
1112 154 1213 214 raas
1230 153 1299 213 un.
1657 206 1660 211 .
1722 137 1778 213 set

52 277 313 352 propositum,ut
326 274 581 348 mensinldquod
591 275 721 333 delectat
731 290 890 332 assensum
905 272 932 331 A
946 275 1020 334 Gna.
1036 277 1072 335 V.
1087 282 1176 342 cuod
1198 285 1309 337 votum
1329 280 1460 335 nuttam
1485 280 1773 337 commatationem

52 366 308 438 contumetiam
323 370 455 435 tenetur,
473 364 762 438 siveadculpamsi
776 364 894 420 melum
1274 372 1444 426 admittat.

54 454 384 524 est,siveadmeritum
394 454 544 510 sibonum
554 454 894 511 estriocautemtotum
984 456 1037 512 Vis
1052 459 1205 531 scireque
1221 464 1294 516 sunt
1304 459 1359 515 illa
1375 473 1443 530 quae
1456 457 1777 514 commutationemul·

54 542 147 616 quod
162 543 359 613 cogitationis
367 546 423 612 est,
431 542 635 599 etvoluntatis
644 548 700 612 est,
707 541 894 615 etpropositi
948 543 1008 599 laur
1022 560 1083 602 non
1095 545 1444 618 patiuutnrlFortassis
1454 545 1531 602 mihi
1541 545 1779 617 noucredis‚qui
1831 567 1836 575 ¹

56 631 339 703 est,totuminipsa
347 635 436 701 est,et
444 631 587 704 adipeam
594 632 778 687 sivebonum
785 631 895 686 sitsive
950 635 1162 691 auctoritatem
1176 637 1300 707 quaeris,
1316 635 1342 690 si
1357 635 1432 707 quid
1447 651 1485 690 ex
1510 633 1662 691 universis
1680 648 1777 690 unum

55 718 897 793 malum,etnonteneturnisiinseetquantuminseest
950 736 1004 792 ego
1018 723 1152 794 proferre
1163 723 1298 780 voluero.
1316 726 1371 781 Est
1383 727 1487 779 tamen
1508 723 1663 795 quoddam
1694 721 1780 795 quod

56 807 896 880 tantumtanetur.Cumautemetpromissiosecutaiue·
949 812 1340 868 commutationamnullam
1352 812 1578 868 admittitNam
1586 811 1776 883 dispensatio

60 899 104 952 rit
118 900 195 969 post
208 897 411 968 propositum,
419 896 484 968 jam
495 896 624 967 obligari
632 896 895 969 incipitadversus
950 915 1015 956 esse
1026 915 1088 955 uon
1103 905 1214 972 potest,
1227 902 1281 957 ubi
1295 901 1535 972 recompensatio
1550 915 1615 956 esse
1630 914 1693 956 non
1718 914 1771 972 po·

58 984 160 1041 alium
176 1001 317 1058 sponsor,
327 988 357 1041 et
368 985 487 1041 debitor
497 986 532 1041 iit
541 986 754 1057 promissionis
767 1002 831 1042 suae
839 999 895 1058 pro
948 992 1058 1060 potest.
1074 990 1269 1062 Dispensatio
1293 990 1409 1062 quippe
1433 1004 1544 1045 nomen
1558 987 1778 1061 dispendiiest,

60 1075 195 1130 veritate
206 1074 358 1131 servanda
369 1073 407 1129 ad
420 1074 766 1147 proximumSiquidcm
777 1075 894 1132 bonum
949 1077 1166 1135 detrimentum
1181 1083 1270 1134 sonat
1285 1080 1437 1150 quantum
1451 1079 1564 1150 inipso
1579 1076 1775 1133 estStultum

62 1166 109 1219 est
124 1162 210 1236 quod
225 1164 375 1237 promisit,
389 1164 508 1220 debitor
522 1168 568 1220 est
582 1166 656 1237 quia
665 1166 782 1221 bonum
797 1168 853 1234 est,
865 1167 895 1219 et
949 1181 1020 1222 vero
1034 1170 1080 1223 est
1094 1167 1266 1224 voluntarie
1281 1168 1428 1223 damnum
1441 1166 1602 1236 sustinere,
1626 1167 1682 1221 ubi
1706 1165 1773 1222 nul·

63 1251 138 1324 quia
150 1251 304 1324 promisit.
320 1251 352 1307 Si
366 1255 469 1308 autem
483 1252 600 1308 malum
615 1256 661 1309 est
682 1252 765 1325 quod
782 1253 894 1326 promi·
947 1254 1012 1310 lum
1027 1254 1146 1311 lucrum
1162 1259 1370 1328 conseqmtur.
1387 1255 1448 1312 Ubi
1461 1258 1564 1311 autem
1576 1254 1609 1310 in
1621 1268 1716 1325 parvo
1730 1253 1777 1309 de

64 1339 113 1408 sit,
127 1340 250 1396 debitor
265 1355 326 1396 non
342 1342 433 1397 estin
448 1357 483 1397 eo
506 1342 590 1414 quod
610 1342 727 1397 malum
740 1345 796 1411 est,
812 1341 896 1413 quod
948 1344 1313 1402 trimentumvoluntarie
1327 1344 1475 1401 toleratur
1499 1344 1588 1399 utin
1609 1342 1720 1414 majori
1733 1340 1777 1398 lu·

65 1428 218 1500 promisit.
236 1428 319 1485 Reus
334 1433 436 1485 tamen
458 1433 505 1486 est
519 1431 593 1503 quia
615 1432 793 1504 promittere
818 1446 893 1503 prae·
947 1448 1032 1488 crum
1042 1434 1212 1505 proveniat,
1225 1434 1289 1491 haec
1296 1434 1484 1507 dispensatio
1496 1436 1634 1501 vocatur,
1650 1433 1680 1486 et
1691 1429 1775 1486 bona

66 1516 210 1589 sumpsit,
234 1517 317 1589 quod
336 1517 402 1573 sine
427 1517 516 1590 culpa
541 1519 667 1591 implere
692 1534 753 1575 non
780 1518 892 1591 potuit.
948 1524 994 1577 est
1008 1520 1197 1594 dispensatio
1212 1524 1283 1579 ista.
1309 1523 1385 1578 Ecce
1399 1538 1470 1593 ergo
1485 1520 1638 1594 quomodo
1651 1520 1730 1576 bene
1743 1518 1777 1574 in

65 1606 239 1662 Novissime
252 1605 391 1677 sequitur
400 1611 506 1662 votum
517 1608 550 1662 in
562 1623 623 1679 quo
634 1608 768 1681 amplius
778 1607 1000 1681 aliquidssillo
1031 1610 1204 1667 voluntarie
1231 1611 1379 1667 damnum
1408 1610 1555 1666 sustineri
1586 1611 1688 1681 potest
1711 1621 1773 1678 quo

67 1695 300 1767 apromissione
314 1695 464 1750 contineri
475 1695 608 1751 videtur.
950 1698 1051 1769 majus
1061 1699 1138 1754 nihil
1147 1700 1265 1772 acquiri
1279 1698 1403 1772 potest?
1417 1700 1520 1756 Unum
1544 1701 1601 1767 est,
1616 1698 1643 1752 si
1671 1699 1783 1755 aucto.

949 1787 1040 1843 ritate
1053 1788 1102 1842 vis
1116 1788 1197 1859 quod
1208 1788 1478 1844 commatationem
1493 1802 1555 1844 non
1569 1784 1687 1857 recipit,
1714 1798 1776 1839 nou

948 1890 1004 1945 ego
1017 1875 1151 1942 dico,sed
1165 1877 1277 1932 veritas
1291 1877 1375 1946 dicit,
1389 1877 1456 1932 etsi
1471 1874 1599 1947 egodico
1612 1876 1682 1946 post
1695 1871 1774 1929 veri·

98 1959 213 2015 Votum
228 1960 310 2015 enim
324 1963 369 2016 est
380 1961 553 2017 testificatio
568 1962 709 2033 quadam
722 1960 897 2034 promissio·
949 1967 1044 2019 tatem
1057 1964 1136 2034 dico,
1150 1967 1179 2020 et
1194 1965 1360 2020 secundum
1366 1964 1526 2019 veritatem
1538 1961 1605 2017 dico
1616 1961 1706 2032 ;quia
1712 1974 1775 2015 non

66 2047 110 2103 nis
120 2052 302 2121 spontaneae
317 2064 387 2121 quaa
403 2049 442 2105 ad
457 2049 556 2106 solum
571 2050 670 2107 Deum
685 2049 768 2106 etad
782 2065 895 2122 eaquae
950 2053 1041 2107 dabit
1055 2054 1149 2107 bomo
1178 2054 1467 2108 commutationem
1490 2065 1552 2120 pro
1576 2051 1694 2104 anima
1712 2061 1777 2102 saa

65 2136 117 2192 Dei
131 2140 208 2192 sunt
222 2137 321 2208 magis
334 2138 456 2210 proprie
469 2138 728 2194 retertur.Vovere
743 2138 894 2210 siquidem
950 2142 1076 2212 (Matris.
1093 2141 1172 2211 xvr).
1189 2141 1247 2198 Sed
1261 2143 1339 2197 torte
1348 2140 1545 2214 respondebis
1556 2142 1587 2195 et
1601 2138 1683 2195 dices
1693 2136 1776 2209 quod

64 2228 107 2279 est
121 2224 337 2281 testificatione
352 2227 566 2297 promissionis
579 2231 756 2299 spontaneae
772 2227 836 2283 Deo
862 2242 894 2283 se
949 2245 1010 2286 non
1023 2231 1102 2287 dixit
1111 2231 1224 2286 veritas
1239 2246 1301 2286 non
1316 2229 1413 2299 dabit,
1424 2229 1477 2285 sed
1487 2244 1580 2300 quam
1589 2226 1677 2283 dabit
1683 2225 1776 2282 homo

63 2312 200 2383 obligare
210 2329 246 2369 ac
260 2313 428 2371 debitorem
442 2319 586 2371 statuere.
598 2317 678 2373 Nam
693 2316 747 2388 qui
768 2316 892 2388 promit·
948 2319 1219 2376 commutationem
1233 2335 1289 2392 pro
1304 2320 1408 2374 anima
1423 2333 1479 2375 sua
1489 2315 1504 2371 i
1514 2318 1590 2372 Ecce
1602 2316 1698 2386 igitur
1712 2327 1775 2370 non

64 2402 98 2456 tit
109 2401 292 2474 simpliciter
302 2403 431 2474 spondet
455 2420 486 2459 se
501 2405 655 2461 facturum
679 2404 816 2479 aliquid,
839 2405 893 2477 qui
948 2410 1121 2479 affirmavit,
1135 2409 1188 2465 sed
1202 2408 1414 2478 interrogavit,
1423 2410 1457 2462 tu
1468 2405 1627 2478 responde,
1640 2403 1667 2458 ai
1678 2405 1777 2475 potes,

62 2505 133 2546 vero
145 2494 249 2561 vovet,
261 2494 450 2547 contestatur
464 2494 660 2564 promissioni
675 2509 738 2549 suae
763 2497 793 2549 et
814 2493 892 2548 affir·
948 2496 1137 2569 quamdabit
1148 2497 1239 2552 homo
1250 2495 1584 2566 commutationempro
1597 2486 1779 2548 animosus?

61 2583 125 2634 mat
139 2580 555 2652 ipsampromissionem.Ubi
567 2582 754 2654 inquantum
769 2585 815 2638 est
824 2597 892 2654 pro·
947 2586 1040 2643 Vides
1053 2585 1216 2641 manifeste
1234 2583 1316 2658 quod
1329 2599 1425 2640 unum
1440 2587 1488 2639 est
1506 2581 1588 2654 quod
1609 2582 1777 2638 commuta·

60 2668 180 2738 missio,
196 2671 328 2737 tenetur,
343 2669 528 2740 inquantum
545 2673 591 2724 est
610 2671 801 2740 contestatio,
817 2669 892 2725 obli·
948 2675 1062 2731 tionem
1078 2688 1139 2729 non
1154 2673 1271 2746 recipit,
1286 2688 1386 2744 neque
1395 2671 1655 2744 dispensationem
1667 2667 1780 2723 admit·

61 2755 316 2827 gatanvotorum
324 2761 426 2813 autern
435 2758 520 2814 aliud
529 2759 682 2815 occultum
691 2763 736 2815 est
742 2759 780 2814 ad
792 2760 891 2816 Deum
948 2763 1065 2819 tit.Hoc
1076 2763 1103 2818 si
1117 2762 1284 2830 voves,imo
1299 2762 1373 2833 quia
1387 2775 1480 2816 voves
1493 2759 1567 2829 (non
1580 2757 1662 2813 enim
1674 2755 1776 2811 bonus

114 1834 192 1891 Cas.
208 1834 264 1891 III.
279 1837 362 1896 Quid
378 1837 423 1890 sit
437 1841 547 1891 votum
563 1839 690 1906 etquid
717 1851 839 1893 vovere.

61 2848 89 2901 et
100 2861 207 2902 coram
218 2844 294 2915 Deo,
310 2845 395 2901 aliud
408 2847 608 2904 manifestum
624 2848 663 2904 ad
674 2849 773 2904 Deum
788 2862 892 2903 coram
947 2867 1012 2908 esse
1025 2855 1112 2924 potes
1127 2851 1152 2906 si
1164 2851 1222 2906 hoc
1237 2866 1298 2905 non
1312 2848 1445 2920 voveris)
1453 2847 1542 2904 redde
1554 2845 1637 2919 quod
1649 2842 1774 2913 vovisti,

60 2934 196 2990 homine.
211 2933 371 2991 Occultum
382 2938 490 2991 votum
504 2937 647 3007 fractum,
660 2941 818 3008 peccatum
833 2941 889 2993 est.
905 2963 929 3020 0
948 2947 978 2997 et
992 2943 1095 3013 ipsum
1110 2940 1192 3012 quod
1207 2939 1320 2996 vovisti
1334 2938 1434 3008 redde,
1456 2937 1529 3009 quia
1551 2935 1577 2990 si
1600 2931 1685 2988 aliud
1708 2930 1775 2987 red·
1843 2996 1848 3004 ¹

60 3022 262 3079 Manifestum
277 3027 380 3079 autem
392 3029 499 3080 votum
512 3025 654 3095 fractum,
677 3027 834 3098 peceatum
862 3029 893 3082 et
947 3029 1169 3098 derernimus,
1185 3043 1247 3083 non
1261 3027 1409 3098 accipitur
1422 3039 1478 3097 pro
1492 3025 1553 3079 isto
1573 3020 1777 3094 quodcunque

61 3111 251 3169 scandalum·
268 3112 302 3169 In
319 3112 372 3168 5110
381 3113 464 3169 Deus
479 3114 653 3183 Οῐῖθῐῑᾶίῑῑῑῐ,
678 3113 711 3168 in
734 3113 795 3169 1⁸20
820 3129 891 3170 vero
945 3119 1139 3177 illudinerit:
1158 3119 1278 3184 Vovete,
1294 3112 1580 3186 inquitPsalmista,
1602 3115 1635 3165 et
1647 3110 1776 3165 reddite

59 3200 152 3254 etiam
167 3200 200 3255 in
208 3201 383 3272 proximum
399 3201 640 3273 peccatur-011&
653 3201 680 3256 ⁸1
699 3201 812 3273 quaerifl
822 3218 892 3275 <111ae
946 3211 1082 3265 Domino
1098 3210 1158 3262 Deo
1173 3211 1406 3272 restructiones
1422 3204 1480 3272 qui
1493 3203 1529 3256 ia
1545 3200 1689 3256 circuitu
1701 3199 1772 3264 ejus

59 3293 132 3343 vota
146 3289 273 3344 omnino
289 3289 538 3359 tenendasint,et
553 3305 622 3361 quae
636 3289 710 3345 item
724 3289 893 3363 sineculpa
946 3300 1074 3366 affertis
1099 3309 1239 3350 munera
1273 3295 1372 3364 (Psoi.
1399 3288 1505 3360 cxxv).
1530 3287 1605 3354 Qua
1622 3281 1775 3342 munera?

59 3378 254 3448 praetermitti
267 3378 331 3433 sive
346 3378 440 3433 etiam
454 3378 638 3434 commutari
662 3379 792 3451 possint,
812 3379 893 3436 hanc
946 3388 1067 3454 ,efferte
1082 3386 1218 3441 Domino
1231 3383 1297 3455 (itii
1313 3382 1381 3448 Dei,
1393 3380 1508 3446 afferte
1527 3378 1665 3433 Domino
1686 3375 1773 3448 filios

60 3466 193 3536 primam
208 3465 420 3522 dimotionem
436 3467 560 3539 accipio·
946 3477 1091 3531 arictum
1109 3470 1347 3545 (Psal.xxv1n).
1364 3469 1454 3524 Forte
1466 3468 1528 3523 ista
1552 3468 1626 3521 suut
1648 3476 1777 3519 munera
1833 3524 1837 3531 ,

947 3579 1016 3633 quae
1030 3577 1141 3618 vovere
1156 3576 1213 3617 uos
1225 3560 1314 3630 jubet
1328 3562 1358 3613 et
1372 3556 1496 3612 reddere
1511 3553 1686 3609 Psalmista:
1696 3551 1772 3606 arie·

427 3712 431 3717 ,
947 3656 993 3706 tes
1007 3654 1037 3706 et
1050 3650 1105 3705 iiiii
1121 3649 1252 3704 arietum
1272 3661 1342 3701 curn
1366 3644 1458 3699 dicit:
1482 3641 1606 3706 Vovete,
1630 3643 1686 3694 etc.
1715 3637 1773 3693 Cui

94 3732 256 3805 Scriptura
285 3733 373 3790 dicit:
402 3736 478 3790 Vota
497 3737 676 3789 stultorum
701 3733 892 3803 franpenda
946 3735 1195 3795 muneraldudi
1210 3733 1286 3806 quid
1300 3732 1448 3804 sequitur:
1465 3728 1661 3784 Terribilior
1675 3727 1773 3794 eique·

59 3827 139 3876 eant
156 3823 270 3893 (Eccle.
287 3821 342 3893 u).
357 3822 435 3878 Vota
445 3824 558 3895 quippe
568 3821 733 3877 stultorum
747 3821 892 3892 intelligi·
946 3827 1060 3896 aufert
1074 3825 1231 3894 spiritum
1241 3822 1435 3892 principum
1457 3819 1546 3887 apud
1563 3830 1653 3886 repes
1677 3819 1774 3871 terroe

59 3925 129 3965 mus
140 3925 178 3965 ea
192 3926 261 3982 quae
276 3909 325 3966 vel
339 3910 375 3966 de
390 3911 470 3967 malo
482 3912 572 3982 fiunt,
586 3910 636 3967 vel
649 3911 686 3966 de
698 3911 779 3967 bono
800 3911 890 3967 male.
947 3916 1045 3982 (Psal.
1071 3910 1178 3982 cxxv).
1202 3910 1283 3976 Quid
1307 3909 1364 3965 hoc
1384 3906 1533 3981 pertinuit
1553 3908 1589 3961 ut
1611 3905 1776 3977 postquam

59 3997 152 4055 Verbi
167 3999 284 4069 gratia:
302 3999 336 4054 Si
350 4001 421 4072 quis
431 4004 555 4056 voveret
573 4000 751 4072 quempiam
776 3999 891 4055 interii·
947 4003 1084 4059 dixerat:
1099 4000 1228 4058 Reddite
1241 3998 1375 4055 Domino
1389 3996 1454 4052 Deo
1463 3998 1566 4050 vestro
1579 3994 1778 4062 munerasta·

58 4103 134 4156 cere,
152 4088 217 4144 sive
232 4088 392 4160 quodlibet
407 4089 491 4145 aliud
506 4090 539 4145 in
553 4105 614 4161 quo
629 4089 719 4162 culpa
738 4093 892 4146 constaret
946 4092 1003 4146 tim
1019 4086 1303 4161 subjungeretzoui
1313 4085 1415 4141 aufert
1426 4082 1569 4156 spiritum
1586 4081 1760 4154 principum
1766 4095 1776 4149 ;

58 4192 88 4231 se
101 4177 271 4246 facturum,
288 4181 394 4233 votum
410 4178 447 4233 de
457 4178 538 4234 malo
553 4181 643 4248 esset,
657 4181 687 4234 et
702 4178 817 4234 malum
846 4194 890 4235 es·
946 4179 1007 4235 nisi
1022 4178 1096 4251 quia
1108 4178 1177 4249 ipsa
1190 4190 1319 4232 munera
1338 4175 1440 4246 ipsum
1465 4172 1608 4245 spiritum
1630 4168 1797 4240 significa·

59 4269 115 4336 set,
131 4268 164 4320 et
177 4264 291 4321 idcirco
302 4265 477 4322 faciendum
493 4281 555 4323 non
570 4265 700 4322 essetln
715 4281 777 4339 quo
791 4266 893 4339 prima
905 4305 935 4364 D
946 4283 978 4324 re
991 4264 1114 4323 voluit?
1126 4265 1187 4322 Sed
1202 4265 1228 4320 si
1242 4263 1385 4337 spiritum
1402 4261 1577 4334 principum
1593 4259 1704 4327 aufert,
1720 4272 1775 4312 au·

58 4353 149 4426 culpa
162 4353 224 4408 fuit
239 4354 496 4423 vovere,secunda
511 4356 589 4410 foret
603 4356 630 4411 si
642 4355 891 4428 implereturper·
946 4358 1026 4413 ferre
1040 4372 1103 4412 non
1117 4355 1230 4428 poterit
1242 4353 1385 4426 spiritum
1401 4355 1489 4407 tuum
1500 4347 1515 4403 l
1526 4347 1628 4405 Redde
1638 4361 1709 4418 ergo
1722 4360 1776 4403 vo·

56 4442 154 4498 ficere.
170 4441 320 4498 Similiter
335 4446 364 4498 et
377 4445 484 4499 votum
499 4443 536 4498 de
551 4444 632 4499 bono
647 4445 764 4500 factum
779 4444 893 4500 sibene
946 4444 1101 4501 luntarius
1121 4459 1160 4499 ue
1182 4443 1307 4498 amittas
1326 4441 1453 4496 invitus.
1477 4439 1590 4494 Vovete
1611 4440 1642 4492 et
1662 4432 1780 4492 reddite

58 4546 117 4586 non
132 4531 284 4599 tiat,inter
295 4536 368 4586 vota
374 4531 541 4587 stultorum
550 4532 794 4604 quaefrangenda
809 4536 891 4603 sunt,
946 4533 1078 4589 Domino
1090 4532 1154 4587 Deo
1171 4536 1390 4600 vestro‚omnes
1404 4528 1502 4600 quiin
1517 4523 1775 4597 circuituejusat·

57 4618 319 4691 deputatur.Bene
331 4623 434 4675 autem
450 4635 511 4675 non
523 4620 558 4674 fit
573 4621 665 4675 etiam
676 4621 703 4675 si
712 4622 837 4678 debono
852 4623 894 4678 sit
946 4621 1033 4677 tertis
1046 4635 1184 4676 munera.
1198 4618 1340 4674 Terribili
1355 4621 1385 4673 et
1400 4617 1427 4673 ei
1448 4617 1502 4689 qui
1517 4617 1618 4672 aufert
1632 4614 1778 4687 spiritum

56 4707 132 4763 illud
147 4710 267 4776 votum,
282 4708 583 4780 inquovoveturvel
600 4709 892 4781 quodnonlicet,vel
946 4710 1131 4781 principum,
1162 4706 1293 4762 terribili
1308 4705 1390 4778 apud
1401 4720 1487 4775 reges
1497 4708 1595 4760 terrae.
1613 4703 1778 4774 Videergo,

56 4796 138 4868 quod
144 4811 208 4851 non
214 4794 418 4868 expeditNon
424 4797 542 4866 licet,ut
548 4798 574 4852 si
580 4797 690 4852 mulier
698 4812 760 4852 non
766 4813 890 4853 consen·
945 4798 1050 4866 frater,
1068 4796 1202 4868 quidest
1217 4794 1299 4866 quod
1314 4808 1422 4850 vovere
1436 4796 1466 4848 et
1480 4793 1605 4848 reddere
1618 4808 1676 4849 nos
1690 4807 1779 4866 opor·

55 4885 149 4940 tiente
159 4883 210 4940 vel
225 4886 330 4957 potius
350 4885 577 4942 contradicente
592 4886 658 4942 viro
669 4901 726 4942 suo
738 4887 893 4942 continen-
947 4889 991 4941 tet
1004 4885 1137 4940 Domino
1152 4884 1216 4938 Deo
1230 4886 1344 4937 nostro.
1356 4880 1444 4946 Quod
1464 4881 1575 4953 sipost
1595 4897 1707 4939 vovere
1729 4880 1779 4939 vel

55 4974 130 5029 tiam
136 4974 334 5031 voveat.Non
350 4975 521 5046 expediunt
530 4976 557 5030 si
570 4976 725 5047 quispiam
735 4975 767 5030 in
774 4975 891 5047 jejunio
945 4976 1015 5045 post
1028 4975 1136 5028 votum
1151 4970 1275 5026 reddere
1286 4968 1441 5038 nolumus,
1457 4972 1560 5025 tamen
1572 4971 1776 5028 retinerenon

54 5060 101 5117 vel
115 5060 179 5116 alio
195 5060 333 5132 quolibet
349 5077 439 5134 opere
454 5079 548 5135 supra
562 5064 644 5118 vires
663 5078 736 5118 suas
751 5078 786 5118 ac
799 5063 893 5135 possi·
945 5061 1094 5117 valemus.
1110 5058 1142 5115 Si
1157 5059 1324 5129 reddimus,
1339 5058 1477 5132 accipiet,
1493 5058 1520 5115 si
1530 5073 1594 5115 nou
1608 5059 1775 5128 reddimus,

54 5149 209 5206 bilitatem
218 5165 307 5205 suam
316 5150 436 5222 aliquid
447 5166 478 5206 se
490 5151 645 5207 iacturum
656 5153 889 5224 esseproponat.
945 5150 1041 5206 tollet.
1055 5148 1087 5204 Si
1099 5148 1266 5218 reddimus,
1282 5163 1337 5220 pro
1352 5147 1425 5206 dato
1440 5149 1661 5218 remunerabit,
1672 5148 1699 5202 si
1713 5160 1776 5203 non

54 5238 125 5295 Haec
137 5238 237 5310 igitur
252 5239 356 5294 omnia
371 5240 453 5295 inter
464 5244 538 5296 vota
552 5240 717 5296 stultorum
742 5239 890 5312 deputan·
944 5238 1112 5307 reddimus,
1127 5253 1183 5311 pro
1198 5253 1261 5293 uon
1275 5236 1705 5295 datocondemnabit.Sienim
1714 5233 1779 5289 red-

54 5330 114 5397 tur,
131 5343 203 5399 quae
216 5326 265 5382 vel
279 5342 422 5400 perversa
434 5333 518 5398 sunt,
533 5329 582 5384 vel
596 5329 713 5397 illicita,
733 5328 780 5384 vel
794 5328 888 5385 indis·
944 5327 1056 5397 dimus,
1071 5326 1155 5399 quod
1167 5329 1308 5383 nostrum
1331 5331 1378 5383 est
1402 5327 1727 5398 damus,etrepututur
1737 5321 1777 5376 ad

54 5419 145 5470 creta.
164 5415 227 5471 Ubi
240 5419 343 5471 autem
359 5417 475 5472 bonum
491 5421 631 5486 vovetur,
645 5422 675 5472 et
698 5417 774 5472 bene
800 5433 889 5474 vove·
940 5417 1106 5489 justitiam,
1123 5417 1149 5472 si
1164 5421 1268 5472 autem
1283 5431 1345 5472 non
1361 5416 1530 5485 reddimus,
1544 5414 1626 5487 quod
1641 5412 1775 5468 alienum

53 5506 113 5572 tur,
139 5502 282 5574 quaedam
305 5505 456 5576 ejusmodi
471 5508 545 5560 sunt
566 5509 600 5559 ut
619 5506 889 5562 commutationem
943 5511 990 5563 est
1000 5507 1212 5575 retinemus,et
1223 5506 1396 5578 imputatur
1404 5505 1442 5560 ad
1452 5504 1584 5576 culpam.
1598 5502 1659 5569 Qui
1670 5506 1775 5571 amat,

53 5607 90 5647 ex
104 5592 339 5664 dispensatione
353 5595 535 5666 suscipiant,
549 5593 691 5665 quaedam
715 5609 787 5650 vero
814 5595 889 5652 talia
942 5596 1055 5668 inquit,
1070 5597 1221 5651 animam
1237 5608 1335 5649 suam
1345 5596 1463 5662 perdet
1476 5607 1549 5647 cam
1575 5593 1680 5662 (Joan.
1705 5590 1776 5663 ¹11).

55 5683 91 5738 ut
106 5683 423 5752 recompensationem
447 5682 573 5739 omnino
587 5682 762 5739 admittant.
942 5691 973 5740 et
987 5687 1047 5755 qui
1054 5685 1241 5755 perdiderit
1253 5685 1405 5739 animam
1437 5694 1536 5736 suam
1552 5685 1688 5752 propter
1714 5696 1776 5740 mci

150 3605 225 3662 Car.
241 3605 291 3662 iv.
309 3609 384 3667 euae
398 3613 472 3664 cota
486 3611 628 3664 tenenda
642 3624 706 3664 aon
721 3611 800 3664 sint.
