3742 6082
126 200 181 254 ers
515 191 669 249 nocens
682 191 733 262 nr
754 191 782 247 s.
803 188 952 246 vrcrora
970 158 1045 246 orr.
1066 188 1155 245 raas
1176 190 1220 245 ιιι.
1241 218 1276 230 -
1295 188 1453 247 uvsnca.
1787 196 1837 250 rac

124 323 282 390 torpescat.
300 321 372 374 Nam
386 335 455 374 «tum
470 319 555 387 cavet
577 316 659 372 alteri
682 314 779 371 facere
802 313 884 386 qriod
906 328 955 368 ne·
1008 318 1050 368 est
1064 313 1230 369 obedientia
1243 329 1332 384 priam
1350 314 1469 369 victima
1484 312 1514 383 (I
1525 313 1597 383 Reg.
1612 313 1680 384 xv);
1698 314 1772 387 quia
1787 331 1838 387 per

125 425 280 483 quaquam
293 408 356 463 vult
370 408 409 463 ab
423 407 514 463 altero
526 404 660 472 tolerare,
676 404 800 461 sollicita
815 420 847 458 se
862 403 954 458 inten·
1006 401 1128 459 victima
1140 401 1398 475 alienascaroper
1408 401 1609 458 obedientiam
1618 418 1691 460 vero
1698 403 1839 460 voluntas

125 499 205 556 tione
217 497 426 569 circumspicit,
439 512 477 552 nc
490 495 630 566 superbia
650 494 744 550 elevet
756 499 785 550 et
799 509 894 566 usque
915 491 954 547 ad
1007 493 1129 565 propria
1144 491 1294 563 religatur.
1314 493 1454 549 Salomon
1469 511 1475 548 :
1496 493 1547 546 Vir
1559 492 1696 549 obediens
1706 493 1840 567 loquitur

125 591 299 662 despectum
314 585 442 660 proximi
457 585 593 642 animum
609 584 751 655 dejiciens
770 583 886 639 exaltet.
914 585 953 638 Ne
1006 582 1145 638 victorias
1160 584 1260 651 (Prae.
1277 584 1348 655 xxi),
1363 582 1435 656 quia
1454 582 1528 638 dum
1541 583 1608 639 voci
1623 583 1727 639 alienae
1741 584 1841 641 humi-

125 677 248 736 ambitio
272 675 485 747 cogitationum
514 673 613 739 laniet,
642 690 772 747 cumque
800 673 878 728 hanc
913 671 953 727 ad
1006 671 1070 729 liter
1089 672 1257 742 subdimur,
1283 690 1339 729 nos
1361 673 1392 728 in
1418 673 1508 729 corde
1530 689 1718 746 superamus,
1749 674 1841 731 Nobis

126 766 295 842 appetenda
324 764 421 821 aliena
449 763 554 819 dilatat
579 768 734 833 angustet;
758 778 813 818 nec
836 761 954 817 luxuria
1005 761 1118 834 quippe
1140 762 1311 818 obedientia
1346 779 1443 835 usque
1468 763 1508 819 ad
1531 767 1658 819 mortem
1688 764 1842 821 servanda

124 856 239 932 polluat
262 859 291 913 et
316 854 484 925 subjectum
510 853 663 909 desideriis
689 867 742 925 per
768 851 868 908 illicita
892 866 954 907 cor·
1005 851 1581 924 praecipiturPcrobedientiammalum
1594 852 1840 924 nunquamfieri,

124 950 254 1020 rumpat.
270 949 310 1002 Ne
325 945 369 1001 ira
396 949 551 1016 exasperet
573 949 600 999 et
626 959 721 1017 usque
746 943 785 997 nd
804 941 953 1014 proferen-
1006 940 1170 1012 aliquando
1182 946 1282 996 autern
1297 941 1386 997 etiam
1401 941 1490 997 debet
1502 958 1555 1014 per
1578 941 1841 999 obedientiambo

123 1036 198 1093 dam
224 1035 437 1093 contumeliam
466 1033 641 1090 inflammet.
669 1036 707 1088 Ne
736 1032 849 1087 invidia
875 1046 953 1086 mor-

124 1127 202 1194 deat,
214 1130 243 1181 et
256 1126 360 1182 alienis
376 1124 562 1181 felicitatibus
577 1122 686 1178 aemula
701 1139 756 1178 sua
769 1139 799 1177 sc
810 1122 874 1177 lace
884 1137 953 1177 con-

125 1219 235 1271 sumat.
259 1219 298 1271 Ne
316 1215 511 1270 immoderate
533 1213 668 1283 linguam
694 1210 859 1283 loquacitas
888 1226 953 1282 per·

1006 1046 1080 1085 num
1096 1030 1179 1102 quod
1198 1031 1305 1101 agitur,
1330 1030 1491 1087 intermitti.
1522 1030 1580 1088 Sed
1603 1032 1676 1104 quia
1700 1046 1840 1088 nonnun-

1006 1136 1099 1192 quam
1124 1135 1178 1175 nec
1193 1119 1337 1189 jubentur
1359 1120 1496 1191 adversa,
1521 1119 1677 1177 sciendum
1706 1137 1840 1178 summo·

1005 1224 1075 1281 perc
1101 1213 1144 1263 cst
1177 1209 1259 1281 qnod
1285 1209 1454 1265 obedientia
1484 1209 1647 1282 aliquando
1673 1209 1757 1266 side
1782 1227 1837 1267 suo

123 1303 231 1371 trahat,
245 1320 373 1376 eamque
388 1302 427 1359 ad
441 1303 594 1358 lasciviam
609 1300 830 1357 obtrectationis
851 1304 951 1354 exten·
1005 1298 1116 1353 babeat
1141 1297 1264 1370 aliquid,
1295 1298 1377 1354 nulla
1408 1303 1461 1366 est,
1496 1299 1660 1371 aliquando
1686 1303 1789 1356 autem
1815 1299 1836 1355 si

123 1393 185 1448 dat.
211 1396 251 1449 Ne
279 1391 383 1448 odium
412 1390 524 1446 malitia
551 1390 665 1455 excitet,
693 1392 721 1443 et
744 1404 779 1442 os
795 1403 890 1460 usque
913 1385 952 1441 ad
1005 1387 1043 1442 de
1057 1402 1112 1442 suo
1127 1403 1186 1442 non
1203 1387 1313 1443 habeat
1327 1387 1451 1461 aliquid,
1468 1388 1594 1445 minima
1608 1392 1662 1445 est.
1677 1391 1753 1445 Nam
1769 1407 1836 1446 cum

121 1481 257 1554 jaculum
289 1480 507 1536 maledictionis
539 1481 640 1536 irritet.
668 1481 856 1550 Rursumque
883 1493 952 1532 cum
1005 1477 1095 1547 hujus
1108 1477 1214 1532 mundi
1227 1494 1381 1533 successus
1394 1478 1575 1551 praecipitur,
1589 1494 1658 1534 oum
1684 1479 1770 1535 locus
1793 1496 1837 1536 su·

123 1570 235 1640 cogitat
254 1574 287 1626 ut
301 1587 336 1626 ea
350 1569 434 1626 alteri
460 1567 548 1625 iaciat
562 1584 630 1642 quae
646 1567 701 1623 sibi
716 1567 754 1623 ab
778 1566 870 1622 altero
888 1565 952 1621 fieri
1005 1567 1104 1639 perior
1127 1567 1300 1639 imperatur,
1326 1567 1351 1623 is
1376 1567 1428 1640 qni
1441 1568 1481 1624 ad
1504 1568 1699 1641 percipienda
1721 1569 1789 1625 haec
1803 1586 1836 1626 ea

123 1663 283 1734 exspectat,
309 1659 451 1715 nimirum
467 1663 499 1715 ut
517 1658 604 1715 malis
628 1657 720 1725 bona,
737 1660 770 1711 ut
792 1655 880 1712 bonis
893 1672 954 1711 me·
971 1639 1127 1730 Bproprio
1142 1656 1289 1713 desiderio
1301 1658 1616 1723 anhelatobedientiae
1628 1658 1687 1714 sibi
1698 1658 1834 1716 virtutem

123 1748 198 1806 liora
220 1746 409 1820 respondeat,
435 1753 468 1804 ut
488 1762 559 1816 erga
583 1762 726 1820 procaces
750 1744 954 1801 mansuetudi-
1005 1752 1140 1803 evacuat.
1155 1749 1281 1803 Rursum
1297 1765 1366 1803 cum
1388 1747 1494 1803 mundi
1517 1747 1677 1821 despectus
1699 1750 1834 1822 praecipi-

122 1855 192 1897 nem
221 1837 456 1909 longanimitatis
484 1837 631 1897 exhibeat.
662 1837 693 1892 in
725 1835 845 1891 malitiae
871 1840 953 1908 peste
1006 1841 1063 1904 tur,
1077 1853 1146 1892 cum
1162 1837 1273 1908 probra
1287 1841 1315 1892 et
1329 1837 1516 1893 contumeliae
1539 1837 1665 1910 adipisci
1682 1838 1832 1908 jubentur,

122 1927 335 1999 languentibus
364 1926 490 1998 gratiam
515 1925 705 1995 benignitatis
731 1924 896 1997 impendat,
921 1929 954 1980 nt
1006 1926 1063 1983 nisi
1077 1926 1140 1981 brec
1156 1942 1192 1982 ex
1203 1926 1366 1998 semetipso
1376 1926 1496 1982 animus
1508 1932 1639 1999 appetat,
1657 1927 1833 1984 obedientie

123 2017 275 2075 discordes
289 2032 363 2090 pace
377 2016 504 2082 maniat,
522 2021 554 2072 ut
574 2015 738 2071 concordes
751 2015 790 2070 ad
817 2013 953 2086 concupi·
1007 2016 1062 2071 sibi
1086 2017 1223 2071 meritum
1245 2015 1361 2081 minuit,
1387 2015 1459 2088 quia
1474 2015 1512 2071 ad
1534 2032 1647 2089 eaquae
1660 2016 1691 2072 in
1705 2017 1764 2074 hae
1779 2018 1832 2073 vita

122 2107 266 2164 scentiam
293 2122 365 2163 vera
393 2107 477 2180 pacis
505 2106 659 2175 accendat,
694 2108 726 2160 ut
751 2103 953 2173 indigentibus
1006 2104 1148 2176 despecta
1162 2110 1240 2171 sunt,
1254 2104 1364 2160 invitus
1379 2105 1543 2177 nolensque
1556 2106 1720 2162 descendit.
1746 2106 1833 2162 Debet

122 2195 292 2253 necessaria
306 2195 426 2260 tribuat,
443 2200 476 2252 ut
490 2194 658 2252 errantibus
671 2194 751 2250 viam
771 2192 953 2248 rectitudinis
1006 2197 1118 2264 ergoet
1133 2193 1302 2249 obedientia
1311 2193 1340 2248 in
1349 2193 1482 2249 adversis
1490 2193 1581 2266 aliqui
1597 2211 1634 2251 ex
1647 2211 1703 2250 suo
1713 2195 1831 2260 habere,

122 2287 270 2353 ostendat,
279 2284 444 2342 utalllictos
454 2283 547 2341 verbo
558 2288 585 2340 et
593 2283 802 2356 compassione
813 2282 952 2354 mulceat,
1006 2287 1034 2338 et
1045 2299 1165 2338 rursum
1180 2283 1210 2337 in
1227 2283 1379 2355 prosperis
1393 2299 1429 2338 ex
1444 2299 1499 2339 suo
1512 2283 1625 2355 aliquid
1641 2284 1831 2340 omninonon

122 2380 156 2431 ut
167 2391 309 2431 accensos
324 2374 355 2429 in
377 2373 551 2443 hujusmodi
573 2372 726 2428 desideriis
751 2371 952 2442 increpatione
1004 2372 1282 2444 habere,q11atenus
1296 2372 1502 2428 etinadxersis
1519 2377 1600 2428 tanto
1617 2373 1655 2429 sit
1665 2374 1829 2440 gloriosior,

121 2465 288 2534 restringat,
304 2468 337 2518 ut
349 2462 448 2517 minas
460 2461 626 2535 potentium
650 2458 874 2515 ratiocinatione
896 2459 951 2514 mi·
1004 2465 1118 2532 quanto
1133 2460 1235 2515 divino
1250 2460 1347 2515 ordini
1362 2460 1451 2517 etiam
1466 2477 1503 2516 ex
1526 2461 1673 2517 desiderio
1687 2463 1830 2533 jungitur,

121 2554 202 2625 tiget,
218 2559 249 2610 ut
262 2568 477 2625 oppressorum
501 2551 656 2620 angustias
671 2552 785 2622 quanta
810 2548 952 2621 praevalet
1005 2556 1033 2606 et
1047 2551 1077 2605 in
1090 2550 1241 2623 prosperis
1258 2555 1340 2608 tanto
1357 2551 1393 2606 sit
1408 2551 1503 2620 vilior,
1523 2556 1638 2624 quanto
1653 2569 1672 2608 a
1695 2554 1832 2626 praesenti

121 2659 179 2716 ope
193 2643 279 2710 levet,
302 2646 331 2698 ct
351 2641 423 2697 loris
443 2640 655 2696 obsistentibus
677 2642 813 2711 opponat
835 2637 951 2709 patien-
1004 2639 1080 2713 ipsa,
1095 2657 1188 2713 quam
1201 2640 1343 2697 divinitus
1359 2641 1494 2714 percipit,
1520 2641 1615 2711 gloria
1638 2642 1774 2699 funditus
1798 2659 1832 2700 ex

121 2733 205 2800 tiam,
216 2732 331 2789 utintus
343 2730 584 2803 superbientibus
592 2729 729 2785 exlribeat
739 2727 951 2800 campatientia
1004 2736 1103 2786 mente
1118 2733 1283 2802 separatur.
1301 2731 1439 2786 innocuis
1463 2736 1562 2787 autem
1582 2731 1735 2788 mentibus
1748 2749 1830 2790 orna·

122 2820 321 2894 disciplinam,
355 2823 387 2874 ut
414 2835 485 2890 erga
514 2817 649 2875 subditos
680 2816 722 2873 sic
750 2816 950 2872 mansuetudo
1003 2825 1138 2876 mentum
1150 2837 1268 2893 semper
1282 2819 1458 2876 obedientiae
1470 2822 1616 2892 jungitur,
1642 2823 1770 2880 Domino
1793 2826 1832 2878 at-

121 2911 217 2967 zelum
237 2912 390 2983 temperet,
412 2914 561 2982 quatenus
581 2925 598 2963 a
618 2907 738 2978 justitiae
763 2906 861 2962 studio
889 2920 950 2960 non
1004 2909 1189 2982 testantequi
1205 2909 1262 2964 ait:
1281 2909 1540 2966 Ocesmcavoecm
1552 2913 1830 2980 circummittebat

121 3000 256 3065 declinet,
280 3000 303 3055 si
325 2999 364 3056 ad
389 2998 532 3055 ultionem
554 2997 635 3054 zelus
658 2997 758 3063 fervet,
783 3012 821 3051 1¹0
849 2999 949 3050 tamen
969 2999 1056 3070 cho
1071 3015 1199 3069 (agriosco
1221 3015 1280 3067 eas,
1296 3005 1323 3055 ct
1347 3005 1513 3071 scqaaatar
1533 3015 1579 3056 mc
1597 3000 1749 3071 (dcccx).
1769 3005 1831 3058 Pro

120 3089 237 3162 pietatis
248 3088 373 3145 limitem
386 3089 529 3146 fervendo
545 3086 747 3151 transcendat,
762 3089 793 3140 ut
817 3085 949 3152 ingratos
1004 3088 1079 3144 fecto
1096 3087 1283 3160 Redemptori
1296 3087 1397 3143 abedit
1411 3088 1461 3160 qui
1477 3089 1694 3156 innocensest;
1709 3094 1739 3146 et
1750 3090 1830 3146 inno

119 3174 258 3249 'quosque
273 3176 443 3232 ministeriis
458 3176 489 3231 in
506 3191 640 3231 amorem
665 3173 802 3235 attrahat,
829 3177 860 3226 ut
884 3188 951 3243 pro
1004 3193 1074 3233 cens
1084 3194 1148 3233 csse
1159 3193 1220 3232 uon
1232 3181 1329 3243 potest
1342 3177 1394 3249 qui
1408 3177 1530 3234 obedire
1544 3179 1716 3235 contemnit.

120 3264 271 3319 ximorum
290 3264 371 3319 mala
395 3281 464 3319 cum
487 3264 632 3332 corrigere
655 3278 716 3317 non
744 3261 823 3317 valet
844 3265 948 3327 taceat,
1042 3267 1078 3322 Ut
1093 3282 1163 3337 crgo
1179 3272 1287 3322 cuncto
1302 3267 1359 3322 iste
1373 3272 1543 3335 servantur,
1560 3269 1625 3324 etsi
1638 3270 1711 3340 quid
1734 3271 1830 3326 minae

120 3354 154 3406 ut
180 3366 368 3424 quaecunque
398 3351 505 3420 corrigi
528 3355 655 3423 possunt
678 3365 860 3406 consensum
886 3365 949 3405 esse
1004 3360 1153 3409 servatum
1166 3355 1262 3423 fucrit
1276 3370 1335 3410 non
1350 3356 1759 3425 negligenterpratereatar,
1783 3358 1830 3415 aed

120 3440 270 3497 silentium
283 3440 483 3513 pertimescat,
501 3444 533 3494 ut
548 3438 589 3493 sic
604 3455 640 3494 ea
654 3455 722 3511 quie
738 3444 813 3495 tacet
836 3440 948 3510 toleret,
1003 3446 1036 3496 at
1051 3442 1269 3497 accendendam
1285 3444 1494 3513 corripendum
1508 3450 1640 3511 curetur,
1661 3447 1702 3502 ad
1715 3462 1828 3518 prapa-

119 3544 175 3586 nec
188 3533 287 3585 umen
303 3528 335 3584 in
347 3527 449 3584 animo
462 3527 543 3583 virus
557 3526 669 3583 doloris
692 3527 829 3593 occultet,
855 3532 886 3583 ut
908 3527 949 3583 sic
1003 3533 1092 3587 situm
1106 3532 1438 3601 proeapueperrtnectr,
1454 3538 1487 3588 at
1502 3535 1542 3589 art
1551 3535 1774 3606 presbyteram,
1787 3554 1829 3593 ca·

119 3618 275 3676 malevolis
291 3633 402 3675 munus
417 3617 607 3687 benignitatis
634 3616 781 3685 exhibeat,
795 3633 833 3673 nc
849 3622 949 3672 tamen
998 3624 1051 3693 jas
1064 3626 1106 3676 est
1130 3621 1212 3691 apccd
1233 3637 1282 3676 cos
1304 3625 1403 3692 rnajor·
1422 3625 1596 3692 auctoritas,
1616 3626 1732 3694 reserat
1754 3626 1829 3699 qaod

118 3708 311 3781 pergratiam
330 3708 425 3778 ajure
439 3705 623 3763 rectitudinis
639 3706 765 3772 excidat,
783 3711 815 3762 ut
842 3700 949 3763 cuncta
1002 3711 1122 3767 modam
1138 3713 1185 3767 vet
1196 3713 1272 3767 circs
1285 3713 1348 3781 ejics
1359 3714 1483 3769 excedit.

118 3798 263 3869 proximis
277 3814 345 3870 quae
363 3796 669 3869 prevaletimpendat
680 3797 731 3852 sed
745 3795 948 3868 impendendo
979 3872 982 3876 ι
1037 3800 1081 3855 ild
1096 3800 1153 3856 bec
1167 3800 1291 3873 quidem
1315 3801 1386 3857 elata
1410 3807 1479 3858 sunt
1501 3802 1557 3859 ista
1579 3804 1730 3874 regularia
1754 3822 1826 3880 pra-

119 3899 180 3940 non
196 3889 319 3950 tumeat,
338 3888 369 3938 ut
383 3886 424 3939 sic
439 3885 468 3939 in
485 3885 571 3940 bonis
591 3901 659 3957 quae
681 3885 800 3940 exbibet
822 3884 947 3940 tumoris
1002 3893 1089 3959 cepta
1104 3893 1136 3943 ut
1149 3894 1256 3944 cuncta
1276 3894 1439 3958 serventur,
1460 3891 1526 3947 etsi
1551 3891 1624 3964 quid
1648 3894 1750 3950 minus
1772 3911 1827 3951 ser·

118 3971 315 4044 praecipitium
340 3976 453 4039 caveat,
474 3988 511 4027 ne
539 3977 639 4027 tamen
662 3977 691 4027 et
713 3972 785 4027 boni
809 3974 947 4030 exercitio
1001 3982 1104 4033 vatum
1136 3978 1232 4048 luerit,
1263 3984 1377 4051 oportet
1406 3985 1438 4036 ut
1461 3981 1519 4037 cito
1546 3982 1730 4039 emendetur.
1766 3987 1827 4041 Non

117 4064 276 4134 torpescat,
297 4064 330 4115 ut
342 4060 383 4116 sic
395 4077 463 4134 quae
485 4061 621 4133 possidet
645 4061 762 4117 tribuat.
780 4067 812 4117 ut
834 4069 948 4136 quanta
1002 4066 1082 4120 enim
1097 4081 1258 4137 possumus
1271 4068 1386 4140 aliquid
1407 4070 1555 4142 praeterire
1570 4070 1753 4142 negligenter
1765 4073 1828 4128 sine

119 4149 155 4206 sit
167 4149 289 4222 largitas
312 4149 529 4205 remunerantis
555 4149 697 4217 attendat,
721 4165 776 4205 nec
798 4168 866 4206 cum
895 4156 948 4206 ter·
1001 4153 1133 4226 periculo
1149 4155 1257 4211 anima²
1273 4162 1391 4213 nostrae.
1410 4159 1523 4215 Etenim
1544 4158 1679 4215 vovimus
1694 4160 1828 4232 speciali-

117 4255 190 4296 rena
202 4239 326 4311 largitur
345 4255 433 4296 suam
446 4239 514 4313 plus
526 4254 588 4312 qua
600 4254 721 4294 necesse
746 4242 793 4294 est
812 4238 945 4311 inopiam
1000 4246 1044 4297 ter
1059 4246 1168 4309 tenere,
1185 4247 1213 4298 et
1232 4245 1398 4301 secundum
1421 4263 1456 4302 ea
1478 4248 1575 4303 vivere
1593 4247 1773 4318 juravimus.
1798 4252 1828 4304 Et

117 4330 233 4401 cogitet,
250 4335 278 4387 et
292 4331 322 4387 in
346 4329 498 4386 oblatione
523 4329 655 4385 muneris
680 4327 819 4384 claritatis
843 4327 944 4385 lumen
965 4349 986 4402 p
1002 4330 1155 4386 Psalmista
1166 4331 1206 4385 ait
1222 4349 1228 4386 :
1247 4334 1290 4387 Tu
1301 4335 1454 4392 mandasti
1463 4337 1608 4392 ritandata
1622 4343 1675 4394 tua
1686 4340 1829 4395 custodiri

116 4420 234 4475 tristitia
249 4419 398 4474 obscuret.
415 4423 489 4474 Bene
505 4434 576 4488 ergo
595 4418 641 4473 lex
657 4418 706 4473 Dei
730 4417 885 4489 multiplex
900 4419 944 4473 di-
1001 4420 1089 4475 nirata
1104 4420 1198 4490 (Psoi.
1208 4424 1314 4493 (xviri).
1331 4427 1364 4480 at
1378 4426 1531 4497 apostolus
1545 4425 1677 4482 lacobus
1695 4445 1701 4483 :
1717 4427 1752 4484 Si
1765 4430 1827 4501 qua

117 4506 202 4571 citur,
229 4507 300 4577 quia
327 4507 469 4562 nimirum
493 4523 554 4562 una
580 4506 745 4578 eademque
769 4506 897 4563 charitas
922 4507 946 4564 si
1000 4514 1097 4564 creterra
1114 4513 1204 4566 totam
1220 4512 1311 4582 legem
1326 4517 1500 4584 servaverit,
1524 4516 1658 4586 offendat
1683 4523 1783 4574 autem
1798 4519 1826 4573 ia

117 4597 249 4650 mentem
277 4593 363 4665 plene
378 4595 508 4666 caperit,
523 4593 562 4649 ad
575 4594 734 4651 innumera
748 4595 945 4668 operamnlti·
999 4613 1069 4667 aaa,
1083 4598 1185 4666 sectas
1206 4606 1391 4658 catemariam
1414 4620 1481 4671 reas
1506 4605 1578 4676 (Joc.
1602 4606 1643 4675 ιι).
1669 4606 1827 4663 Pertinebit

116 4681 250 4739 formiter
266 4682 410 4739 accendit.
436 4682 584 4756 Multiplex
600 4699 671 4753 ergo
687 4683 744 4740 ista
764 4685 810 4740 lex
834 4690 880 4740 est
895 4684 945 4740 Dei
999 4701 1070 4754 ergo
1085 4685 1122 4741 ad
1139 4689 1333 4760 praepositum
1344 4695 1372 4745 et
1385 4691 1423 4746 ad
1436 4707 1505 4747 eum
1518 4692 1570 4765 qui
1581 4698 1682 4750 custos
1693 4700 1740 4751 est
1753 4692 1826 4752 ordi-

116 4786 186 4844 quae
202 4771 325 4843 singulis
343 4772 391 4828 hic
415 4788 514 4828 rerum
535 4772 665 4829 articulis
688 4789 748 4830 non
775 4779 945 4848 permutata
998 4775 1054 4843 nis,
1071 4781 1103 4831 ut
1116 4777 1155 4832 ad
1171 4778 1382 4849 presbytorum
1398 4781 1446 4836 cui
1469 4783 1566 4853 major
1587 4788 1633 4840 cst
1654 4785 1823 4853 auctoritas,

116 4860 262 4931 congruit,
275 4866 303 4917 et
317 4861 414 4917 causis
428 4878 458 4917 se
472 4861 658 4918 variantibus
669 4879 729 4919 non
745 4864 860 4919 variata
871 4879 943 4918 con·
1000 4865 1028 4919 id
1044 4870 1088 4920 est
1102 4866 1140 4921 ad
1157 4865 1298 4922 abbatem
1318 4868 1425 4925 referat
1439 4871 1586 4944 quidquid
1601 4889 1655 4945 per
1669 4891 1701 4930 se
1727 4891 1827 4931 secun·

114 4949 222 5020 jungit.
237 4951 328 5019 Citius
342 4951 484 5007 nimirum
498 4951 572 5019 legis
597 4952 845 5026 multiplicitatem
866 4953 943 5007 bene
997 4951 1071 5008 dum
1081 4953 1257 5010 canonicam
1268 4956 1403 5024 regulam
1416 4964 1584 5030 nonpotest
1598 4961 1735 5017 delinire.
1745 4960 1825 5029 Quod

115 5038 224 5095 Paulus
236 5039 373 5107 ostendit,
388 5040 509 5096 dicens:
525 5041 667 5098 Charitas
679 5044 798 5110 petiens
809 5043 943 5109 cst,beni·

115 5144 178 5200 gna
190 5136 242 5199 cst,
253 5134 308 5187 etc.
326 5131 353 5201 (I
363 5131 432 5187 Gor.
444 5131 514 5202 xiil).

447 5222 558 5275 CAPUT
571 5222 613 5276 lll.

417 5325 450 5362 cs
470 5324 639 5363 occurerrit.

149 5398 313 5467 Praeposito
325 5402 469 5468 tanquam
479 5398 568 5452 Patri
581 5395 748 5462 obediatur,
765 5395 859 5448 mutto
878 5409 940 5451 ηια-

112 5485 339 5556 coarctatae
352 5486 405 5555 qui
418 5485 547 5540 omnium
572 5487 700 5537 oestrum
720 5496 824 5536 cetram
852 5485 938 5551 perit.

150 5574 324 5629 Obedienlia
340 5572 404 5628 sola
414 5574 506 5628 virtus
521 5575 564 5626 est
578 5586 646 5642 quae
670 5574 791 5625 ceteras
815 5570 938 5628 virtutes

998 5042 1021 5096 si
1039 5043 1308 5113 incongregatione
1322 5046 1373 5101 ubi
1388 5053 1432 5102 cst
1444 5049 1518 5103 ordo
1531 5051 1694 5106 canonicus
1708 5068 1772 5107 non
1786 5056 1827 5107 est

997 5131 1091 5187 abbas
1103 5131 1156 5187 sed
1167 5134 1336 5207 episcopus,
1352 5136 1416 5208 ipsc
1426 5136 1585 5210 episcopus
1600 5139 1826 5212 presbyterino

997 5220 1077 5275 minc
1092 5221 1332 5290 designatarum
1347 5226 1404 5281 lroc
1429 5227 1510 5282 enim
1538 5226 1653 5299 praelati
1668 5225 1826 5287 'constituti

996 5316 1065 5365 sunt
1076 5310 1104 5364 in
1117 5311 1245 5367 Ecclesia
1256 5318 1288 5368 ut
1297 5313 1373 5369 bene
1384 5315 1521 5372 ordinata
1532 5315 1714 5387 custodiant,
1731 5323 1826 5376 errata

995 5398 1154 5469 corrigant,
1177 5400 1267 5456 vitam
1295 5406 1322 5458 et
1348 5419 1447 5459 mores
1472 5404 1661 5460 subditorum
1677 5407 1774 5463 verbo
1801 5410 1826 5463 et

994 5487 1131 5558 exemplo
1150 5495 1342 5560 componant,
1364 5493 1495 5564 Apostoli
1522 5494 1651 5550 formam
1679 5500 1826 5553 sectantes

993 5575 1045 5647 qui
1057 5577 1096 5630 ait
1112 5593 1118 5630 :
1136 5577 1247 5647 Argue,
1261 5580 1391 5649 obsecro,
1407 5583 1531 5651 increpa
1551 5586 1581 5654 (l
1603 5585 1676 5640 Tim.
1698 5586 1746 5656 iv).
1775 5590 1826 5641 lm·

112 5659 940 5734 insertmentitusertasquecustodit.Samuel:Metior
992 5664 1150 5722 miscentes
1164 5669 1350 5738 temporibus
1373 5673 1520 5743 tempora,
1545 5673 1710 5730 terroribus
1739 5675 1825 5733 blan·
