3756 6074
127 167 179 223 947
511 155 665 214 HUGONlS
685 155 729 211 DE
750 152 777 210 S.
798 150 947 208 murone
966 148 1041 205 OPP.
1062 147 1150 202 PARS
1170 147 1216 203 lll.
1236 175 1271 186 ·-
1289 145 1447 203 ursum.
1797 148 1847 202 est

130 290 220 347 etiam
242 290 400 358 propterea
429 283 511 356 qnod
541 282 597 354 ipsi
620 277 814 352 qnilocnturi
839 274 993 339 sunmsri
1015 272 1139 338 ceditur,
1156 270 1428 344 aliridesttempus
1444 266 1570 341 quando
1593 265 1619 324 ei
1636 270 1688 342 qui
1718 271 1846 329 uoluerit

130 378 268 437 nondum
294 374 376 448 apud
404 371 605 442 nosmetipsos
630 383 796 437 congruam
815 363 959 437 loquendi
1014 361 1096 434 loqui
1112 377 1166 433 pro
1183 361 1272 432 culpa
1287 364 1451 432 reputatur.
1485 358 1608 431 Sapiens
1634 364 1737 416 autem
1763 379 1847 435 teque

130 470 260 528 formam
275 463 454 528 invenimus,
469 460 541 532 quia
555 458 688 530 prolecto
706 457 825 513 aniruns
842 455 960 512 audito·
1015 455 1109 517 earet,
1121 451 1167 506 rel
1179 466 1217 506 ne
1232 467 1267 506 co
1287 454 1421 521 tempore
1434 448 1558 520 quando
1568 448 1651 521 loqui
1668 449 1768 518 debet,
1796 467 1847 523 per

129 573 197 615 rum
207 553 303 623 magis
312 549 481 610 offenditur,
499 547 521 600 si
533 563 632 602 sermo
640 545 691 618 qui
702 545 849 601 aedificare
860 543 959 614 debet,
1014 541 1227 610 negligentiam
1243 540 1337 608 sileat,
1352 538 1450 595 velue
1466 538 1549 594 omni
1571 542 1706 612 tempore
1721 542 1844 613 qnando

131 647 276 704 confusus
287 646 316 697 et
332 638 520 695 inordinatus
539 635 716 709 proferatur.
736 634 905 707 Aliquando
917 637 959 688 la·
1014 629 1097 702 loqui
1110 629 1186 697 lieet,
1208 645 1261 694 per
1287 627 1437 684 licentiam
1459 644 1638 684 concessam
1663 629 1694 684 in
1719 630 1845 685 multilo-

130 730 312 789 eendumest
321 724 668 799 proptereaquodii,qui
678 723 961 797 praesentesbaben-
1014 719 1119 793 quium
1134 719 1232 775 eadat.
1251 722 1336 775 liceto
1351 733 1407 787 ego
1419 722 1538 790 tempus
1549 718 1692 790 loquendi
1705 718 1845 774 discerui-

129 825 186 888 tur,
197 831 394 888 nequaquam
406 815 479 871 tales
491 820 570 881 sunt,
580 814 619 869 ad
630 831 706 886 quos
717 813 842 869 verbum
852 812 961 867 debeo·
1014 814 1070 878 tur,
1088 809 1112 865 si
1125 810 1218 865 homo
1233 825 1288 865 nee
1309 824 1447 881 unquam
1460 808 1583 882 quando
1592 808 1677 882 loqui
1692 808 1792 879 debet,
1807 811 1842 865 si-

127 907 309 975 musiacore,
321 904 532 977 quodduobus
542 904 640 959 modis
662 903 725 959 lieri
736 906 842 975 potest,
852 901 961 956 scilicet
1013 899 1082 970 leat,
1098 915 1154 956 nec
1169 915 1287 972 semper
1313 898 1438 971 quando
1461 898 1536 966 licet,
1563 898 1713 972 loquatur.
1744 902 1842 956 Restat

127 998 202 1054 dum
217 996 262 1052 vel
275 994 441 1052 reverentia
452 994 587 1065 dignitati
608 1009 746 1066 personae
766 990 958 1063 impenditur,
1014 1006 1095 1046 nunc
1111 993 1153 1057 ut,
1169 994 1333 1062 postquam
1343 987 1530 1044 ostendimus
1545 987 1619 1060 quid
1633 988 1680 1043 vel
1691 987 1740 1044 cui
1752 993 1781 1045 et
1794 989 1844 1045 ubi

128 1084 296 1141 velmalitia
307 1082 516 1154 incorrigibilis
527 1087 617 1153 atque
628 1080 696 1135 idco
719 1080 843 1148 indigna
854 1079 959 1134 admo·
1014 1085 1042 1136 et
1056 1078 1180 1152 quando
1196 1078 1383 1151 loquendum
1407 1078 1451 1145 sit,
1470 1078 1561 1134 etiam
1576 1077 1703 1151 qualiter
1718 1077 1841 1150 loquen-

128 1175 240 1232 nitione
252 1172 577 1240 existimaturSingula
590 1171 653 1226 lnce
666 1169 810 1241 exemplis
828 1168 959 1240 Scriptu-
1014 1165 1088 1221 dum
1105 1166 1150 1234 sit,
1163 1166 1417 1223 demonstremus

128 1281 232 1321 rarum
240 1264 368 1337 probare
384 1278 560 1336 possnnnrs,
573 1260 714 1332 quianon
728 1259 844 1314 nuosed
857 1258 959 1313 multis
1134 1259 1200 1312 (150.
1218 1258 1293 1313 tvrl.
1310 1257 1458 1323 Quomodo
1475 1257 1654 1328 tenetentum
1669 1258 1722 1312 sit.

130 1355 248 1424 singula
258 1369 384 1426 qunque
396 1350 568 1407 continuari
595 1350 814 1422 Scripturarurn
828 1349 959 1405 testimo·
1051 1344 1192 1414 Qualitas,
1207 1346 1288 1402 idest
1298 1352 1398 1402 nrotus
1414 1346 1557 1419 loquendi
1568 1345 1598 1400 in
1611 1345 1704 1401 tribus
1715 1352 1839 1415 constat,

129 1444 373 1499 niisinvenimns.
389 1441 475 1505 Quod
488 1456 658 1495 serationem
671 1439 834 1510 eorumqui
846 1439 959 1511 priores
1014 1436 1072 1490 boe
1088 1440 1207 1508 estque
1231 1441 1327 1506 gestu,
1349 1452 1509 1508 qnosono,
1537 1452 1598 1508 qua
1627 1434 1840 1505 significatione

128 1533 216 1590 nobis
227 1533 307 1604 loqui
316 1536 478 1605 cuperant,
488 1548 549 1587 non
558 1530 722 1586 debeamus
733 1531 958 1601 interrumpere,
1014 1524 1087 1596 quid
1101 1525 1228 1581 dicatur.
1243 1526 1401 1598 llisciplina
1410 1526 1495 1597 jubet
1510 1529 1540 1580 ul
1561 1524 1711 1597 loquentis
1728 1526 1765 1580 sit
1780 1542 1840 1596 ges·

130 1621 183 1678 sed
194 1637 311 1692 semper
321 1620 478 1692 loquentes
487 1619 560 1674 alios
573 1625 600 1674 ct
611 1619 761 1690 prircipuc
773 1635 825 1673 eos
840 1618 892 1691 qui
903 1618 960 1673 uti-
975 1645 996 1698 B
1015 1619 1061 1669 lus
1074 1614 1230 1684 modestus
1241 1617 1269 1668 ct
1283 1613 1414 1681 lrnmiliS,
1429 1630 1521 1670 sonus
1530 1613 1679 1668 demissus
1691 1618 1720 1669 et
1732 1615 1839 1685 suasis,

127 1711 292 1767 liaetreeta
303 1709 602 1781 loquuntur,propter
615 1708 784 1763 custodiam
797 1707 960 1778 disciplinae
1015 1703 1192 1771 significatio
1207 1720 1297 1759 verax
1313 1709 1341 1760 et
1355 1704 1460 1760 dulcis.
1478 1703 1651 1759 llodcstiam
1675 1704 1763 1759 debet
1792 1705 1839 1759 lia-

129 1804 298 1857 reverenter
313 1798 459 1852 sustinere
470 1803 559 1869 atque
576 1802 760 1868 exspectare,
773 1801 892 1851 sauctus
904 1796 960 1850 iob
1014 1791 1084 1847 berc
1100 1799 1202 1861 gestus
1216 1793 1374 1866 loquentia,
1386 1798 1416 1849 ut
1429 1793 1667 1861 necinordinale‚
1682 1808 1736 1849 nec
1749 1793 1841 1865 impu·

129 1888 217 1946 nobis
229 1886 426 1958 ostendit,qui
439 1903 508 1941 cum
519 1887 556 1941 de
566 1884 789 1957 suadisciplina
804 1888 831 1940 et
846 1884 882 1939 de
892 1884 962 1940 alio·
1015 1883 1091 1949 ilice,
1106 1898 1161 1938 nec
1185 1883 1368 1938 turbulenter
1394 1883 1471 1939 inter
1495 1883 1682 1955 loquendum
1705 1883 1838 1939 membra

128 1973 895 2047 rumergaserererentialoqueretur,intercietera
919 1974 960 2029 sie
1016 1978 1144 2041 moreat,
1161 1988 1259 2045 neque
1274 1972 1430 2029 oculorum
1459 1972 1592 2041 nutibus,
1621 1977 1672 2029 ant
1698 1973 1840 2029 indecenti

130 2066 189 2123 ait:
205 2065 262 2132 (lui
289 2080 335 2119 me
361 2064 533 2132 erudiebant,
550 2063 765 2132 respectabant
784 2065 960 2119 senteutiam
1016 2062 1251 2118 conformatione
1265 2062 1325 2117 sive
1356 2063 1603 2119 transmutatione
1619 2062 1730 2131 vultus,
1743 2064 1839 2135 placo-

130 2167 249 2223 meam,·
271 2157 297 2208 et
313 2153 423 2208 intenti
438 2153 575 2208 tacebant
601 2154 642 2209 ud
670 2153 826 2208 cornilione
853 2168 959 2221 mernn,
1016 2167 1079 2206 rem
1105 2152 1151 2206 sul
1176 2152 1321 2207 sermonis
1338 2151 1505 2207 imminuat.
1524 2152 1648 2207 Humilis
1664 2152 1755 2207 debet
1783 2169 1839 2207 esse

130 2242 226 2298 verbis
237 2243 306 2296 meis
317 2243 428 2297 irridere
439 2243 516 2297 nibil
525 2243 716 2311 audebant,ct
725 2257 814 2311 50])οι-
822 2243 889 2297 illos
900 2243 963 2296 stit·
1016 2246 1117 2307 gestns
1132 2241 1290 2313 loquentis
1303 2246 1335 2297 ut
1351 2241 1433 2314 apud
1444 2241 1594 2297 auditores
1605 2240 1732 2311 gratiam
1749 2257 1839 2298 sermo

132 2331 214 2387 lubet
226 2332 376 2401 etoqzn'um
386 2333 557 2402 rrieumtdob
567 2336 656 2399 xxix).
670 2335 740 2386 Item
752 2348 830 2404 stepo
841 2335 962 2402 propter
1016 2331 1080 2400 ejus
1095 2330 1235 2385 inveniat.
1252 2332 1347 2386 Sonus
1363 2330 1511 2401 loquentis
1527 2346 1591 2386 esse
1615 2330 1706 2386 debet
1733 2330 1837 2386 demis-

130 2420 335 2476 infirmitatem
350 2419 522 2476 auditorum
537 2421 697 2476 tacendum
722 2437 795 2487 esse,
817 2420 962 2475 Dominus
1016 2436 1076 2488 sus,
1093 2436 1130 2475 ne
1147 2421 1278 2492 strepitu,
1296 2426 1322 2476 et
1337 2420 1537 2476 immoderata
1552 2420 1737 2476 clamositate
1761 2421 1839 2476 andi-

132 2525 188 2565 suo
204 2509 341 2581 exemplo
356 2509 464 2577 «locet,
481 2511 543 2581 qni,
553 2526 622 2565 cum
633 2509 785 2583 apostolos
796 2510 894 2566 adbuc
909 2509 963 2564 inr-
1015 2514 1093 2564 tores
1107 2526 1177 2564 snos
1192 2514 1243 2564 ant
1257 2509 1366 2580 injuste
1388 2513 1497 2564 terreat
1521 2514 1572 2564 aul
1592 2511 1671 2580 juste
1701 2510 1839 2565 otlendat.

130 2597 344 2655 becillesetad
360 2599 962 2655 sublimiorisdoctrimeeruditionemim·
1017 2598 1121 2654 Siraris
1132 2597 1221 2653 debet
1231 2615 1305 2664 esse,
1320 2614 1357 2653 ne
1372 2597 1546 2671 prolationis
1576 2599 1735 2670 asperitate
1763 2603 1841 2654 tanto

130 2704 218 2762 pares
229 2688 374 2761 aspiceret
387 2691 448 2744 ait:
465 2689 574 2745 Attbuc
594 2691 691 2745 matta
715 2688 807 2745 liabeo
821 2688 900 2744 robis
915 2689 960 2741 dl·
1014 2687 1067 2742 liat
1082 2686 1190 2743 animis
1207 2686 1393 2743 audientium
1406 2687 1569 2755 onerosior,
1586 2693 1700 2759 quanto
1712 2687 1751 2742 ad
1759 2704 1842 2743 aures

131 2793 206 2847 cere,
234 2778 285 2834 sed
309 2794 369 2833 reon
392 2781 514 2848 potestis
540 2785 664 2848 portare
679 2779 764 2832 ritorto
779 2777 874 2847 (biart.
891 2780 958 2845 xi‘rl.
1015 2778 1117 2832 durior
1143 2777 1232 2847 vertit,
1253 2782 1281 2833 et
1307 2779 1507 2850 injucundior.
1535 2778 1728 2847 Signilicatio,
1745 2778 1776 2832 id
1803 2784 1845 2833 est

132 2870 204 2922 ltem
220 2866 385 2938 aliquando
400 2868 561 2923 tacendum
577 2883 641 2921 esse
657 2871 777 2936 propter
792 2864 958 2936 principita·
1016 2868 1161 2923 sententia
1174 2868 1329 2935 sermonis,
1342 2867 1409 2922 ideo
1424 2868 1513 2923 debet
1528 2884 1593 2922 esse
1609 2884 1689 2929 rcra,
1703 2869 1776 2940 qrtia
1793 2868 1843 2923 lal-

132 2954 242 3010 tianem
253 2955 396 3027 loquendi
411 2956 574 3022 uitandam,
593 2952 734 3007 Salomon
750 2955 780 3006 in
795 2952 959 3007 Proverbiis
975 2987 995 3042 C
1015 2956 1064 3011 lax
1079 2957 1205 3012 verbum
1220 2957 1309 3012 (itiam
1325 2957 1348 3011 si
1362 2957 1489 3012 l'acnnde
1503 2961 1555 3013 aut
1581 2956 1746 3029 composite
1773 2956 1843 3012 ‹liei-

131 3045 269 3114 0stendit,
291 3045 417 3100 dicens:
447 3046 483 3098 In
510 3043 699 3112 raattnoqato
722 3049 875 3110 peceatum
899 3058 958 3097 nort
1018 3045 1286 3114 tnr,1rilril0minus
1312 3046 1469 3101 tamenab
1496 3047 1630 3102 auditore
1644 3051 1695 3102 ard
1723 3046 1844 3102 noxium

131 3133 234 3201 deerit,
250 3135 304 3203 qni
317 3137 413 3188 aretem
429 3130 603 3185 rnoderutur
619 3129 699 3185 latria
713 3145 766 3184 suu
790 3130 960 3198 prudentis-
1017 3139 1068 3189 ant
1082 3135 1212 3190 otiosum
1229 3135 1264 3199 issi
1276 3135 1361 3191 sirerit
1376 3135 1567 3207 intellectum)
1593 3139 1758 3208 reputatur.
1789 3134 1841 3191 Sed

130 3223 222 3278 sinens
233 3228 274 3279 est
290 3222 388 3289 (Pron.
402 3221 443 3287 xl.
460 3222 531 3274 ltcm
549 3235 554 3271 :
571 3219 666 3273 Lubia
675 3221 754 3287 iusti
769 3220 958 3274 considerant
1015 3229 1125 3279 etcum
1142 3225 1400 3279 veritatenecesse
1426 3229 1479 3293 cst,
1508 3229 1541 3280 ut
1565 3241 1664 3280 sermo
1693 3225 1843 3297 loquentis

128 3313 256 3381 piacita,
273 3315 299 3364 et
314 3324 344 3362 os
357 3308 515 3376 turpiorum
529 3309 785 3380 per·eer·sntibitl.).
800 3313 870 3363 ltem
884 3327 889 3363 :
904 3309 961 3374 Oui
1015 3313 1204 3369 dulcedinem
1216 3314 1336 3384 babeat,
1350 3314 1421 3387 qnia
1437 3330 1515 3386 saepe
1531 3315 1620 3370 etiam
1635 3314 1745 3370 veritas
1760 3314 1843 3370 audi-

128 3402 215 3470 prius
230 3397 386 3464 respondet
403 3413 491 3467 puram
508 3398 624 3465 utriliat,
644 3399 768 3453 stultam
786 3414 816 3453 se
828 3415 889 3453 esse
915 3399 961 3454 de-
1015 3403 1331 3470 toitamalaeffiejmr,
1360 3405 1383 3457 si
1400 3404 1530 3460 autsjne
1547 3405 1672 3469 parmae,
1700 3408 1752 3460 aut
1782 3405 1843 3459 sine

130 3490 277 3545 monstrat
294 3492 320 3541 et
336 3488 510 3554 crrnfnsioue
525 3486 730 3556 dipuissimnm
749 3488 849 3557 (Pron.
868 3493 958 3547 urrist.
1015 3492 1373 3563 dilectionc,lioeest,vel
1387 3493 1730 3566 imp01·tunc,rclimpie
1744 3499 1842 3549 eontra

130 3579 202 3631 ltem
216 3573 247 3630 in
262 3575 338 3631 libro
357 3575 581 3631 Ecclesiastico:
598 3578 642 3632 Ne
657 3578 779 3632 caudes
804 3581 831 3631 te
846 3578 876 3631 iu
904 3592 961 3630 otu
1015 3598 1084 3636 curu
1097 3581 1274 3653 proteratur.
1288 3581 1410 3650 Singida
1421 3583 1484 3638 brec
1494 3584 1652 3656 Scriptune
1662 3600 1754 3638 saeue
1770 3582 1840 3638 testi·

130 3679 196 3721 nem
210 3673 340 3732 anetina,
355 3672 381 3721 et
395 3682 455 3722 non
466 3682 513 3721 eas
528 3667 557 3720 in
574 3667 655 3721 outrri
670 3667 728 3736 uia,
745 3667 786 3720 sie
802 3668 879 3721 enirn
891 3682 961 3734 pee-
1015 3669 1123 3727 moniis
1139 3670 1381 3742 comprobemus.
1397 3672 1482 3735 Quod
1497 3671 1617 3727 habitus
1637 3672 1840 3744 indisciplina-

130 3759 216 3810 rator
226 3757 377 3826 probatur
392 3757 422 3811 in
438 3756 555 3824 duplici
570 3756 685 3825 lingna
702 3756 774 3810 Esto
790 3761 961 3810 rrrrrnsaetus
1015 3763 1062 3815 tus
1078 3775 1247 3814 sermonem
1264 3759 1517 3833 contemptibilem
1528 3761 1627 3830 laeiat,
1642 3760 1786 3815 Salomon
1799 3776 1841 3814 os·

130 3843 171 3900 nd
185 3845 366 3901 audiendum
383 3846 503 3900 uerbum
516 3846 572 3900 Dei
587 3850 619 3899 at
648 3846 815 3916 attritique,
842 3851 869 3900 et
895 3860 961 3899 euru
1016 3849 1118 3921 tendit,
1135 3849 1237 3904 dicens
1253 3868 1258 3904 :
1276 3851 1343 3905 Non
1360 3851 1463 3906 {terent
1478 3851 1602 3905 stultum
1618 3851 1706 3905 uerba
1730 3864 1840 3919 corripe

131 3934 213 3990 omni
226 3935 375 4003 sapientia
386 3935 528 4002 proferas
544 3950 719 4002 respon-snm.
736 3951 847 3990 rerum.
874 3936 908 3987 Si
921 3938 961 3989 est
1016 3939 1072 3993 sita
1085 3941 1185 4008 (Prae.
1203 3950 1270 4005 xujr.
1288 3941 1319 3993 Et
1330 3939 1436 3994 ilerum
1451 3957 1457 3994 :
1471 3940 1539 3994 Non
1555 3944 1595 3994 est
1607 3941 1737 4006 specioso
1757 3941 1787 3993 in
1799 3951 1841 3993 ore

131 4022 187 4078 tibi
199 4023 379 4090 intellectus,
395 4022 540 4090 responde
551 4025 693 4090 prosimu
706 4036 718 4092 ,·
732 4024 899 4088 sinautem,
925 4024 961 4077 sit
1015 4028 1353 4099 stuttiparabola(l'ror
1367 4028 1594 4098 strilbtilerum
1605 4027 1697 4079 :Fons
1707 4029 1842 4083 rita‘era·

129 4116 561 4180 menesteusnperostumn,
577 4112 961 4179 uecapiarisinuerboin-
1016 4118 1088 4172 ditio
1118 4118 1315 4187 possidentis·
1347 4116 1484 4170 doctriua
1522 4115 1681 4168 stultorum
1716 4116 1842 4182 scenitas

131 4201 323 4271 disciplinato
338 4201 444 4271 (Ereti,
461 4201 500 4271 r).
516 4204 586 4255 ltem
604 4217 682 4273 sirpe
693 4205 815 4273 propter
827 4217 962 4256 reveren·
1015 4208 1116 4276 (Prau.
1131 4207 1219 4274 xxm).
1234 4208 1264 4259 tt
1274 4205 1379 4259 iterum
1394 4203 1553 4258 :Doctrina
1568 4219 1623 4258 sun
1635 4204 1775 4258 inuritur
1791 4207 1842 4275 eir,

131 4290 203 4347 tiam
216 4306 353 4363 personis
366 4289 527 4346 tacendum
542 4306 616 4358 esse,
647 4290 676 4344 in
700 4290 807 4344 eodem
836 4290 961 4345 demon-

131 4384 241 4437 stratur
254 4397 323 4435 cum
338 4379 445 4435 dicitur
462 4397 468 4433 :
492 4380 673 4450 Priusquam
688 4380 851 4449 interroges
868 4398 903 4435 ne
920 4383 962 4436 ri-

95 4529 102 4542 ,
131 4475 248 4537 tuperes
265 4483 450 4540 quartanam,
468 4474 495 4523 et
511 4484 577 4524 curn
593 4470 828 4538 interruptionis
845 4473 962 4540 corripe

127 4559 220 4626 juste.
236 4558 420 4627 Priusquam
447 4557 555 4613 anitius
570 4571 606 4612 ne
622 4558 800 4627 respondeas
829 4561 960 4629 eerbnm,

132 4650 159 4703 et
174 4646 206 4701 in
221 4645 317 4702 medio
330 4646 480 4701 seniorum
501 4661 537 4702 ne
552 4647 680 4715 adjicias
698 4649 780 4719 toperi
796 4648 959 4720 (declam).

131 4737 203 4791 ltem
215 4751 305 4807 saepe,
321 4739 442 4807 propter
452 4735 597 4790 malitiam
611 4736 782 4792 auditorum
800 4738 961 4794 tacendum

132 4839 210 4892 esse,
225 4823 368 4881 Salomon
385 4824 482 4896 docet,
495 4823 598 4880 elicens
615 4842 621 4879 :
638 4826 673 4880 In
686 4828 809 4882 azrrr'bns
823 4829 962 4897 insipien·

132 4913 254 4969 tiamne
265 4915 408 4984 loqrtmts,
420 4915 491 4985 puin
502 4914 663 4983 despicient
674 4916 841 4973 [lectricum
852 4918 963 4988 eloquii

133 5002 398 5074 tuitProe.xx111).
415 5006 508 5059 ltcm:
537 5005 582 5060 Ne
596 5005 756 5061 contendas
784 5022 849 5061 enm
872 5007 963 5075 pessi·

130 5093 196 5149 mis:
212 5100 240 5150 et
255 5094 452 5149 permutetis
466 5095 570 5163 impios
586 5095 780 5166 (Prorsus).
799 5099 870 5151 item
888 5113 893 5150 :
912 5097 963 5151 Vir

133 5183 252 5253 sepiens
263 5183 290 5236 si
309 5197 375 5237 erun
390 5183 482 5237 stulto
512 5183 707 5251 conternlerit,
728 5184 788 5238 sire
812 5185 963 5240 irascatur

131 5272 315 5338 sinerideut,
345 5288 406 5327 non
433 5273 562 5326 inueniet
588 5271 717 5340 requiem
749 5271 847 5335 (Pron.
870 5274 960 5344 xxix).

133 5361 273 5434 Quisquis
288 5361 350 5415 baec
361 5359 576 5432 impedimenta
591 5357 733 5430 loquendi
747 5377 850 5415 carcre
863 5362 963 5416 uolue-

131 5449 178 5518 rit,
194 5449 280 5506 facile
293 5449 425 5505 fortassis
440 5453 469 5503 et
484 5448 547 5502 siue
558 5446 862 5521 difficultatequando
874 5450 909 5505 sit
919 5451 963 5505 lo-

132 5539 290 5610 quendum
305 5541 457 5608 agnoscet,
476 5537 499 5591 si
526 5540 627 5592 tamen
648 5537 705 5593 boe
730 5538 864 5607 attendit,
891 5541 964 5613 quia

133 5625 216 5685 aliud
229 5631 348 5701 tempus
362 5631 407 5686 est
416 5626 540 5699 quando
554 5626 581 5684 ei
595 5627 647 5701 qui
662 5628 788 5689 voluerit
798 5629 883 5704 loqui
895 5647 965 5690 eou-

1016 4297 1067 4367 pui
1081 4301 1177 4349 aretem
1196 4309 1284 4356 rutra,
1303 4298 1328 4346 et
1340 4308 1443 4348 eurors
1463 4298 1514 4354 est,
1526 4292 1641 4361 patebit
1663 4294 1845 4363 eorrtemptrn'

1015 4386 1115 4454 (Prae.
1129 4382 1264 4452 sutilem
1278 4398 1283 4434 :
1302 4381 1450 4448 eroiriodo
1461 4383 1610 4451 puteluus
1620 4384 1736 4453 frustra
1753 4384 1839 4438 dubet

1015 4472 1140 4528 clarinus
1156 4472 1254 4539 tibias,
1269 4479 1310 4528 sic
1321 4473 1458 4529 indecens
1466 4480 1506 4530 est
1521 4476 1550 4529 in
1562 4489 1611 4529 ore
1623 4475 1786 4529 stultorum
1795 4490 1846 4543 pra·

1014 4562 1120 4618 rubeta
1136 4563 1237 4632 (Pron.
1250 4564 1341 4633 xxm).
1360 4564 1444 4626 Quod
1456 4580 1526 4619 vero
1539 4570 1626 4636 typus
1638 4563 1775 4618 elationis
1790 4580 1847 4618 ser·

1014 4667 1137 4706 monem
1149 4651 1280 4706 bominis
1292 4651 1444 4720 ingratum
1464 4651 1650 4707 auditoribus
1662 4650 1780 4717 reddat,
1795 4653 1847 4708 Sa-

1015 4740 1117 4796 lomon
1130 4740 1237 4795 iterum
1248 4746 1381 4806 testatur,
1393 4740 1495 4795 (licens
1508 4758 1513 4794 :
1535 4742 1664 4796 Excelsa
1687 4741 1782 4796 stulto
1804 4758 1848 4797 su·

1013 4832 1261 4902 pientininportu
1273 4847 1331 4885 non
1345 4831 1456 4900 irruerint
1467 4846 1497 4885 os
1511 4846 1595 4884 suurn
1608 4831 1709 4899 (Prae.
1720 4833 1847 4900 ssimi-:t

1014 4920 1122 4976 iterum
1130 4918 1213 4975 dicit:
1226 4920 1299 4976 Cum
1312 4920 1561 4975 obsecrationibus
1572 4920 1710 4990 tomaetur
1717 4935 1847 4988 pauper,

1016 5014 1042 5064 et
1056 5009 1136 5064 clines
1149 5010 1292 5078 effabitur
1304 5010 1400 5078 rigide
1416 5010 1515 5080 (lb-ou.
1532 5010 1621 5075 srrrrl.
1634 5012 1789 5074 Quantum
1800 5024 1847 5065 au

1016 5102 1076 5154 tem
1093 5115 1191 5154 sermo
1206 5098 1357 5154 clamosus
1372 5115 1390 5154 a
1411 5099 1606 5172 disciplinatis
1626 5099 1781 5155 carendus
1804 5099 1847 5165 sit,

1015 5189 1079 5261 ipse
1095 5194 1199 5244 auctor
1212 5188 1378 5261 disciplinae
1391 5190 1529 5259 ostendit,
1542 5190 1650 5261 dequo
1666 5181 1719 5261 per
1742 5189 1846 5244 isaiam

1017 5278 1238 5350 scriptumest:
1256 5279 1324 5332 Non
1340 5280 1482 5335 ctnrnubit
1499 5294 1593 5350 neqne
1607 5280 1736 5346 rtreipiet
1750 5294 1847 5347 perso

1016 5381 1086 5421 riam
1096 5367 1419 5438 respue{tridietnrtbris
1429 5370 1555 5435 rurrrp'us
1565 5366 1846 5436 tlsrr.strn.l'erl›nm

1018 5462 1279 5529 aulernasperinn,
1300 5462 1328 5512 et
1352 5456 1481 5512 rixosum
1510 5456 1634 5510 omnino
1658 5456 1847 5512 sermonibus

1017 5545 1212 5618 disciplinatis
1228 5546 1442 5601 secludendum
1454 5561 1528 5613 esse,
1546 5562 1599 5616 per
1622 5544 1767 5600 eumdem
1783 5562 1846 5619 pro·

1016 5634 1105 5694 batur
1117 5651 1187 5692 eum
1201 5635 1309 5693 dicitur
1321 5651 1327 5690 :
1339 5634 1433 5693 Labie
1447 5634 1533 5690 stulti
1544 5634 1752 5692 immiscentse
1765 5635 1847 5701 rien
