3742 6082
57 192 62 197 ⁴
111 206 165 262 747
422 206 600 267 HUGONIS
617 207 672 266 DE
690 207 720 265 S.
740 200 914 266 vrcronb
931 196 1017 258 OPP.
1037 197 1138 256 PARS
1155 196 1195 256 11.
1215 225 1251 240 -
1270 194 1514 256 nocherius.
1767 197 1819 258 rte

109 324 159 380 vel
172 325 285 382 divium
295 328 508 386 similitudinis
521 330 623 399 imago
638 330 671 384 in
684 328 774 384 nobis
788 331 937 383 restaura·
949 320 977 378 Α
990 324 1058 378 tum
1070 320 1228 377 molestias
1255 323 1323 377 tuto
1343 320 1481 392 excipere
1502 321 1615 391 posset.
1644 318 1704 386 Qui
1727 335 1819 377 usum

112 415 173 483 tur,
184 414 232 471 vel
246 416 340 487 hujus
355 418 427 473 vitae
440 417 660 473 necessitudini
674 415 938 486 consulatur,quse
991 411 1245 466 vestimentorum
1264 409 1384 481 primus
1409 407 1577 476 adinvenit,
1603 407 1819 480 consideravit,

88 541 92 548 -
112 517 173 573 quo
187 503 309 560 facilius
321 504 391 561 laedi
405 509 492 578 potes
508 506 655 576 adversis,
671 521 706 562 eo
718 506 818 577 magis
841 503 938 561 foveri
992 498 1074 571 quod
1088 498 1211 569 singula
1225 513 1355 571 quaeque
1373 497 1567 553 nascentium
1591 498 1717 569 propria
1738 513 1819 571 qua·

113 594 143 647 et
156 594 330 649 conservari
343 592 469 664 indiget.
992 586 1063 642 dam
1077 587 1212 643 habeant
1224 587 1426 655 munimenta,
1447 585 1561 658 quibus
1575 589 1721 641 naturam
1732 601 1820 644 suam

192 680 265 737 Gan.
280 681 332 736 IX.
349 684 390 736 In
403 697 465 751 qno
481 683 573 738 homo
588 684 711 738 similis
725 683 770 737 sit
785 684 855 738 Deo.
992 675 1031 730 ab
1045 674 1248 731 incommodis
1256 673 1550 730 detendunt.Cortex
1563 672 1661 730 ambit
1667 674 1820 745 arborem,

148 768 216 824 Duo
226 783 297 824 vero
312 772 385 823 sunt
399 785 468 841 quae
481 770 620 825 divinam
643 770 676 824 in
703 769 829 825 homine
853 768 937 823 simi-
991 779 1093 837 penna
1107 764 1184 835 tegit
1193 763 1474 835 volucrempiscem
1491 777 1621 835 squama
1635 763 1820 835 operit,lana

21 860 23 867 ⁴
111 854 272 910 litudinem
287 861 441 928 reparant,
454 857 487 913 id
501 861 557 927 cst,
571 857 739 929 speculatio
754 857 893 912 veritatis
908 859 938 911 et
992 867 1079 909 ovem
1092 852 1204 921 induit,
1220 851 1302 924 pilus
1313 852 1454 924 jumenta
1467 855 1496 906 et
1521 851 1603 906 ieras
1621 852 1726 922 vestit,
1752 867 1820 910 con·

110 943 234 999 virtutis
248 946 443 1014 exercitinm3
459 946 534 1018 quia
547 946 580 1002 in
596 946 653 1002 hoc
664 945 774 1001 similis
788 945 852 1001 Deo
878 947 935 1015 est,
992 941 1049 997 cha
1062 944 1174 997 testam
1189 940 1311 1012 excipit:
1322 940 1397 996 ebur
1410 939 1603 1011 elephantem
1614 940 1720 1012 jacula
1734 941 1820 999 time·

111 1033 194 1102 quod
207 1035 329 1105 sapiens
344 1038 374 1089 et
383 1035 488 1105 justus
503 1036 558 1103 est,
585 1034 638 1090 sed
656 1035 714 1090 iste
734 1032 936 1102 mutabiliter,
992 1045 1024 1086 re
1038 1030 1121 1085 iacit.
1138 1028 1201 1085 Nec
1212 1032 1315 1084 tamen
1328 1029 1393 1083 sine
1408 1043 1502 1084 causa
1522 1029 1639 1085 iactum
1654 1033 1711 1100 est,
1737 1031 1819 1103 quod

110 1120 161 1176 ille
172 1121 408 1178 immutabiliter
419 1126 450 1178 et
473 1123 596 1195 sapiens
610 1127 640 1179 ct
655 1123 760 1194 justus
784 1125 839 1178 est.
867 1120 937 1177 illa·
992 1134 1061 1175 cum
1072 1118 1194 1190 singula
1206 1118 1411 1174 animantium
1434 1121 1553 1173 naturae
1579 1133 1643 1174 suae
1663 1133 1753 1174 arma
1776 1117 1841 1176 se?

111 1223 180 1263 rum
194 1223 265 1265 vero
277 1209 443 1279 actionum,
458 1226 528 1282 qnae
542 1210 635 1282 hujus
650 1211 723 1268 vitae
738 1209 936 1267 necessitudi·
992 1222 1062 1263 eum
1076 1210 1151 1262 nata
1164 1205 1310 1276 habeant,
1326 1205 1411 1262 solus
1424 1205 1517 1261 homo
1536 1206 1664 1262 inermis
1682 1207 1820 1263 nascitur

110 1295 144 1351 ni
157 1295 512 1367 deserviunt,trimodum
523 1313 621 1370 genus
631 1303 687 1355 est.
702 1297 938 1371 Primum,quod
992 1299 1022 1352 et
1034 1295 1146 1351 nudus.
1162 1295 1306 1366 Oportuit
1320 1295 1413 1363 enim,
1429 1297 1465 1349 ut
1478 1293 1551 1364 illis,
1567 1310 1636 1366 quse
1649 1295 1711 1351 sibi
1725 1296 1821 1367 provi·

111 1386 231 1440 naturae
248 1386 489 1443 instrumentum
514 1387 730 1457 administrat;
757 1386 936 1457 secundum,
992 1385 1062 1441 dere
1077 1385 1229 1454 nesciunt,
1243 1387 1356 1439 natura
1371 1382 1563 1439 consuleret:
1580 1383 1700 1440 homini
1716 1388 1819 1441 autem

110 1472 193 1543 quod
207 1477 314 1530 contra
327 1475 477 1547 molestia,
493 1492 562 1550 quae
585 1476 777 1532 extrinsecus
802 1474 938 1531 accidere
992 1488 1030 1530 ex
1043 1473 1101 1529 hcc
1116 1473 1208 1529 etiam
1223 1472 1320 1544 maJ'or
1332 1471 1501 1544 reperiendi
1517 1472 1636 1528 occasio
1659 1477 1819 1545 praestare·

110 1565 250 1631 possunt,
265 1563 387 1632 munit,
404 1564 528 1620 tertium
544 1563 626 1637 quod
641 1567 749 1620 contra
764 1564 830 1634 jam
850 1562 938 1618 illata
991 1565 1053 1631 tur,
1069 1577 1139 1617 cum
1154 1560 1217 1630 illa,
1233 1576 1302 1632 quae
1314 1561 1432 1616 caeteris
1446 1559 1630 1616 naturaliter
1643 1560 1719 1616 data
1734 1565 1816 1631 sunt,

110 1653 236 1719 praestet
257 1651 433 1706 remedium.
459 1652 535 1707 Cum
559 1653 655 1722 igitur
679 1652 718 1707 ad
735 1651 937 1724 reparandam
951 1664 978 1721 B
991 1651 1115 1724 propria
1129 1650 1247 1707 ratione
1262 1650 1321 1706 sibi
1335 1650 1496 1706 inveniret.
1512 1649 1612 1705 Multa
1632 1650 1717 1705 enim
1739 1665 1820 1707 nunc

111 1739 254 1792 naturam
268 1742 405 1794 nostram
420 1739 620 1810 intendimus,
638 1740 744 1797 divina
767 1739 846 1795 actio
869 1743 933 1795 est:
988 1738 1277 1810 magisenitetratio
1288 1737 1494 1794 hominishaec
1504 1737 1608 1793 eadem
1621 1737 1817 1808 inveniendo,

110 1838 179 1879 cum
194 1840 266 1881 vero
280 1825 325 1881 illi
339 1827 422 1898 quod
436 1827 593 1883 infirmnm
610 1829 643 1883 in
658 1828 748 1883 nobis
764 1830 820 1897 est,
834 1842 935 1882 neces·
989 1843 1082 1900 quam
1096 1826 1412 1882 habendoclaruisset.
1426 1825 1490 1882 Nec
1504 1827 1570 1881 sine
1583 1841 1677 1881 causa
1693 1841 1812 1898 prover·

110 1913 192 1968 seria
204 1913 412 1985 providemus,
427 1914 573 1971 humana.
587 1915 695 1972 Omnis
710 1932 781 1988 ergo
793 1917 873 1972 actio
887 1915 937 1970 vel
988 1918 1075 1973 bium
1091 1919 1191 1985 sonat,
1208 1911 1291 1988 quod

109 1999 215 2056 divina
234 2006 290 2072 est,
313 2002 361 2059 vel
385 2003 531 2059 bumana.
557 2004 726 2060 Possumus
750 2008 936 2061 autemnon
1059 2007 1236 2076 queniora
1250 2004 1357 2074 samer
1372 2018 1483 2060 omncs
1498 2005 1782 2060 sacuderitartee.

107 2087 273 2160 incongrue
287 2090 372 2147 illam
388 2091 437 2162 (eo
452 2092 535 2164 quod
546 2092 583 2148 de
597 2094 807 2166 superioribus
824 2094 934 2149 habea·
989 2095 1056 2150 Hac
1070 2093 1211 2166 equidem
1224 2092 1342 2148 ratione
1354 2092 1418 2162 illa,
1430 2108 1499 2164 quae
1506 2107 1589 2148 nunc
1601 2091 1816 2149 excellentissi-

109 2177 171 2247 tur)
184 2178 418 2250 intelligentiam
431 2181 601 2254 appellare:
619 2182 784 2239 hanovere
798 2183 886 2254 (quia
899 2183 936 2240 de
989 2199 1040 2239 ma
1054 2183 1088 2239 in
1103 2182 1215 2239 studiis
1228 2181 1390 2238 hominum
1404 2181 1501 2250 vides,
1518 2185 1638 2253 reperte
1652 2183 1739 2237 sunt.
1753 2181 1816 2238 Hac

109 2265 306 2323 interioribus
319 2267 461 2339 habetur,
479 2273 510 2326 et
531 2271 621 2342 quasi
645 2271 781 2342 quodam
807 2272 935 2329 consilio
988 2272 1103 2328 Eadem
1125 2270 1282 2344 pingendi,
1308 2270 1442 2340 terendi,
1467 2269 1635 2343 sculpendi,
1657 2268 1816 2340 fundendi,

98 2352 232 2424 indiget)
248 2355 407 2425 scientiam
419 2372 536 2413 vocare.
553 2358 584 2414 Si
598 2359 695 2429 igitur
711 2359 874 2431 sapientia,
897 2366 933 2418 ut
988 2361 1111 2416 infinita
1125 2375 1236 2432 genera
1248 2363 1355 2415 exorta
1369 2362 1453 2429 sunt,
1466 2362 1502 2415 ut
1523 2359 1588 2431 jam
1609 2373 1681 2416 cum
1704 2362 1815 2415 natura

106 2455 199 2513 supra
212 2441 395 2514 dictumest,
410 2448 546 2515 cunctas,
562 2448 758 2519 quaeratione
770 2448 936 2517 fiuntmo-
988 2449 1090 2523 ipsum
1106 2448 1253 2505 miremur
1264 2448 1421 2504 artificem.

107 2529 232 2585 deretur
244 2531 400 2588 actiones:
417 2548 607 2607 consequens
618 2540 665 2592 est
676 2536 741 2608 jam
758 2541 802 2606 ut,
819 2538 936 2610 sapien-

106 2618 182 2674 tiam
197 2619 254 2675 has
268 2620 345 2676 duas
359 2625 461 2694 partes
476 2624 640 2694 continere,
654 2624 752 2695 idest,
763 2625 934 2697 intelligen-

106 2707 183 2762 tiam
196 2711 227 2764 et
241 2709 400 2766 scientiam
415 2710 562 2768 dicamus.
576 2713 695 2770 Rursus
717 2713 933 2785 intelligentia,
1024 2713 1102 2780 Quia
1115 2728 1187 2769 vero
1199 2713 1263 2785 jam
1283 2712 1375 2769 toties
1399 2715 1542 2769 naturam
1563 2711 1810 2768 nominavimus:

107 2796 253 2867 quoniam
282 2802 312 2853 et
334 2799 367 2854 in
391 2799 626 2872 investigatione
658 2803 808 2873 veritatis,
842 2808 872 2860 et
902 2805 934 2860 in
987 2802 1069 2870 licet,
1085 2806 1120 2857 ut
1134 2801 1178 2856 ait
1199 2800 1331 2871 Tullius,
1354 2804 1527 2857 «naturam
1543 2800 1673 2857 diffinire
1697 2799 1816 2856 difficile

105 2900 226 2943 morum
242 2889 484 2946 consideratione
498 2889 629 2960 laborat,
645 2907 712 2947 earn
725 2893 758 2948 in
780 2893 857 2949 duas
868 2909 933 2966 spe·
989 2892 1039 2960 sit,
1055 2914 1066 2940 »
1084 2905 1146 2945 non
1162 2894 1264 2946 tamen
1277 2890 1371 2963 hujus
1392 2889 1535 2947 vocabuli
1549 2888 1733 2960 significatio
1756 2904 1815 2945 om·

107 2975 167 3031 cles
177 2975 344 3033 dividimus
356 2979 407 3048 ,in
421 2979 634 3050 theoricam‚id
647 2981 933 3054 estspeculetivam;
953 2980 1063 3053 cnino
1079 2979 1201 3036 silentio
1219 2979 1431 3052 pretereunda
1444 2978 1576 3035 videtur.
1599 2977 1717 3050 Neque,
1741 2978 1815 3050 quia

107 3066 137 3119 et
151 3065 327 3135 practicam,
342 3068 374 3122 id
389 3071 435 3123 cst
447 3070 579 3125 activam
595 3087 601 3125 :
619 3086 687 3143 quae
702 3071 795 3126 etiam
821 3072 933 3142 ethica,
987 3084 1051 3125 non
1071 3068 1175 3124 omnia
1194 3083 1262 3140 quse
1284 3067 1428 3123 volumus
1452 3066 1562 3136 dicere,
1585 3081 1763 3139 possumus,
1784 3065 1815 3121 id

106 3151 138 3206 id
153 3156 199 3207 eet
212 3155 338 3210 moralis
352 3156 532 3227 appellatur.
550 3157 683 3214 Scientia
694 3160 935 3232 vero,quiacpe
987 3156 1070 3229 quod
1084 3171 1260 3230 possumus,
1284 3160 1382 3213 tacere
1402 3155 1558 3212 debemus.
1585 3154 1678 3211 Plura
1698 3157 1814 3211 veteres

105 3253 140 3292 ra
154 3239 289 3295 bumana
307 3245 513 3315 prosequitur,
535 3260 667 3316 congrue
688 3248 877 3317 mechanica,
902 3248 934 3304 id
987 3245 1024 3301 de
1038 3249 1151 3301 natura
1160 3244 1275 3301 dixisse
1296 3245 1509 3314 inveniuntur,
1524 3242 1577 3300 sed
1600 3242 1678 3299 nibil
1700 3243 1757 3313 ita,
1781 3245 1816 3297 ut

106 3329 153 3380 est
167 3326 339 3384 adulterina
353 3335 490 3387 vocatur.
987 3351 1050 3392 non
1064 3335 1182 3408 aliquid
1194 3338 1310 3391 restare
1317 3335 1468 3391 videatur.
1478 3333 1635 3401 Quantum
1645 3337 1752 3389 tamen
1761 3346 1815 3403 ogo

239 3415 312 3472 Cre.
330 3417 367 3474 X.
383 3421 427 3475 De
441 3422 627 3490 triplicibus
641 3425 798 3492 operibus.
987 3439 1025 3480 ex
1037 3439 1141 3480 eorum
1156 3423 1246 3480 dictis
1260 3424 1408 3496 conjicere
1419 3439 1546 3496 possum
1562 3466 1569 3493 ,
1594 3423 1695 3479 tribus
1718 3421 1813 3478 maxi·

140 3501 219 3560 Sunt
233 3506 346 3562 etenim
360 3507 492 3581 triplicia
514 3525 616 3582 opera,
632 3510 665 3567 id
681 3515 737 3581 est,
764 3527 841 3585 opus
865 3513 932 3583 Dei,
987 3528 1036 3568 me
1050 3511 1150 3568 modis
1164 3512 1258 3583 hujus
1271 3512 1413 3568 vocabuli
1424 3511 1647 3584 significatione
1667 3511 1715 3566 uti
1738 3509 1811 3567 sole·

105 3605 183 3664 opus
214 3598 342 3666 natura,
365 3613 442 3670 opus
464 3600 590 3656 artificis
614 3601 767 3657 imitantis
778 3604 932 3659 naturam.
986 3600 1073 3670 bant,
1089 3601 1219 3672 singulis
1235 3616 1322 3656 suam
1335 3601 1547 3657 diffinitionem
1561 3598 1760 3669 assignando.

104 3678 189 3752 Opus
202 3682 259 3738 Dei
274 3687 329 3754 est,
346 3687 428 3759 quod
442 3702 503 3744 non
519 3693 584 3744 erat
596 3704 696 3747 creare
708 3707 714 3746 :
729 3690 811 3747 unde
835 3691 931 3748 illud:
1022 3689 1125 3745 Primo
1139 3689 1230 3746 modo
1243 3705 1297 3762 per
1310 3689 1368 3746 boc
1381 3704 1493 3745 nomen
1515 3686 1688 3758 significare
1710 3686 1812 3742 velue

103 3771 321 3843 inprincipio
346 3778 470 3833 creavit
498 3779 581 3834 Deus
607 3782 724 3836 cretum
750 3786 781 3836 et
807 3786 932 3838 terram
986 3783 1060 3836 runt
1072 3778 1149 3835 illud
1163 3778 1363 3850 archetypum
1379 3777 1533 3850 exemplar
1546 3789 1649 3832 rerum
1659 3775 1812 3843 omnium,

104 3858 195 3930 (Gen.
209 3859 241 3928 ι).
257 3861 342 3933 Opus
355 3868 485 3935 naturae,
500 3867 584 3938 quod
597 3867 689 3924 latuit
704 3868 743 3924 ad
756 3872 859 3925 actum
868 3885 934 3942 pro
987 3867 1069 3941 quod
1084 3868 1116 3923 in
1128 3870 1230 3924 mente
1254 3867 1361 3923 divina
1372 3870 1436 3923 est:
1460 3866 1548 3938 cujus
1571 3863 1690 3920 ratione
1710 3862 1814 3919 omnis

104 3945 231 4002 ducere:
249 3949 329 4004 unde
343 3949 440 4007 illud:
457 3956 624 4011 Producat
639 3963 729 4012 terra
743 3958 875 4014 herbam
889 3960 935 4013 oi·
986 3957 1119 4012 formata
1131 3959 1221 4011 sunt:
1248 3959 1279 4011 et
1303 3956 1446 4012 dicebant
1467 3957 1611 4011 naturam
1633 3967 1698 4008 esse
1720 3952 1813 4007 unius

104 4039 230 4089 rentem
245 4034 344 4107 (ibid).
361 4042 416 4095 etc.
433 4040 518 4112 Opus
540 4042 667 4098 artificis
690 4048 736 4100 est
758 4045 933 4116 disgregata
986 4045 1135 4116 cujusque
1148 4043 1192 4099 rei
1207 4043 1434 4115 primordialem
1447 4058 1573 4100 causam
1587 4055 1694 4098 suam:
1718 4053 1814 4111 aqua

104 4121 298 4193 conjungere,
315 4125 363 4181 vel
375 4128 538 4200 conjuncta
552 4145 729 4202 segregare:
745 4133 826 4189 unde
839 4133 930 4189 illud:
986 4146 1048 4186 non
1061 4130 1160 4188 solum
1174 4145 1250 4201 esse,
1266 4131 1319 4186 sed
1334 4132 1426 4186 etiam
1441 4130 1502 4186 tale
1516 4144 1582 4186 esse
1594 4129 1716 4185 habeat.
1733 4126 1813 4182 Huic

106 4211 302 4268 consuerint
312 4214 397 4284 solia
408 4217 501 4289 ficus,
517 4224 548 4274 ct
561 4219 714 4289 fecerunt
732 4222 795 4275 sibi
802 4224 929 4291 perizo-
986 4219 1203 4290 significationi
1217 4219 1288 4274 talis
1300 4219 1441 4276 diffinitio
1457 4219 1649 4291 assignatur:
1668 4215 1814 4273 «Natura

106 4305 198 4354 mata
214 4300 302 4372 (Gen.
320 4310 376 4370 111).
393 4306 500 4379 Neque
514 4309 595 4364 enim
608 4309 710 4381 potuit
723 4309 771 4364 vel
783 4312 865 4365 terra
875 4325 931 4366 coe·
944 4347 972 4404 D
986 4312 1124 4380 estquis
1135 4309 1302 4380 unicuique
1317 4309 1362 4365 rei
1373 4325 1463 4365 suum
1476 4323 1542 4364 esse
1551 4306 1689 4364 tribuit·
1706 4304 1814 4362 Secun-

102 4385 168 4443 lum
182 4392 345 4461 creare,vel
357 4393 580 4453 homoherbam
596 4397 780 4469 producer03
795 4399 930 4470 quianec
983 4398 1022 4454 dc
1035 4399 1126 4455 modo
1141 4400 1284 4453 naturam
1299 4413 1365 4454 esse
1388 4396 1541 4466 dicebant,
1564 4395 1724 4469 proprium
1749 4407 1813 4450 esse

104 4474 241 4546 palmum
257 4478 295 4532 ad
307 4483 459 4537 staturam
467 4499 555 4539 suam
564 4483 693 4556 adjicere
707 4489 820 4558 potest.
835 4476 872 4542 ln
880 4487 929 4543 his
983 4487 1225 4558 uniuscujusque
1234 4486 1278 4541 rei
1288 4486 1337 4541 cui
1351 4484 1568 4557 significationi
1581 4482 1725 4540 diffinitio
1741 4481 1812 4537 asei-

105 4561 205 4617 tribus
240 4566 384 4636 operibus
407 4572 623 4627 convenienter
641 4588 718 4645 opus
744 4575 926 4646 humanum,
981 4578 1109 4646 gnatur:
1126 4596 1137 4624 ‹
1152 4573 1272 4630 Natura
1286 4588 1538 4647 unamquamque
1552 4588 1615 4628 rem
1626 4571 1810 4638 informans,

104 4649 187 4720 quod
202 4657 313 4709 natura
328 4669 389 4712 non
404 4661 460 4728 est,
474 4660 527 4715 sed
539 4660 680 4718 imitatur
696 4667 850 4734 naturam,
866 4680 926 4721 me·
980 4663 1104 4736 propria
1116 4662 1287 4720 differentia
1301 4663 1413 4720 dicitur
1421 4680 1431 4733 ;
1448 4661 1651 4719 »Secundum
1669 4675 1766 4734 quam
1777 4659 1811 4715 si-

104 4735 277 4810 chanicum,
293 4741 325 4799 id
339 4748 394 4800 est.
411 4745 619 4805 adulterinum
634 4753 830 4809 nominatur:
854 4768 925 4824 que·
981 4752 1208 4823 gnificationem
1222 4752 1321 4808 dicare
1336 4752 1486 4808 solemus:
1503 4751 1628 4806 Natura
1639 4751 1686 4805 est
1709 4747 1812 4805 omnia

103 4825 300 4885 madmodum
323 4835 353 4888 et
377 4833 471 4890 clavis
493 4838 727 4897 subintroducta
750 4841 927 4898 mechanica
979 4841 1151 4913 ponderosa
1165 4841 1204 4896 ad
1224 4844 1339 4896 terram
1364 4855 1498 4911 vergere,
1519 4839 1601 4895 levia
1620 4837 1685 4893 alta
1698 4840 1809 4909 petere,

104 4912 224 4971 dicitur.
242 4917 379 4982 Qualiter
391 4928 494 4980 autem
509 4942 587 4999 opus
599 4929 868 4986 artificisimitetur
878 4946 927 4986 na·
981 4929 1084 5000 ignem
1097 4944 1195 4998 urere,
1207 4944 1319 5000 equam
1333 4928 1518 4985 humectare.
1543 4926 1647 4984 Tertia
1670 4924 1811 4981 diffinitio

104 5004 217 5074 turam,
231 5005 358 5079 longum
374 5016 454 5068 esset
470 5029 632 5072 enerosum
645 5020 791 5090 prosequi
805 5034 858 5091 per
871 5019 929 5075 sin·
982 5017 1053 5073 talis
1066 5025 1129 5074 est:
1149 5039 1161 5067 ‹
1175 5018 1296 5073 Natura
1310 5021 1357 5073 est
1371 5017 1453 5088 ignis
1468 5015 1590 5085 artifex,
1615 5029 1654 5070 ex
1677 5012 1811 5086 quadam

101 5089 184 5161 gula.
200 5093 370 5154 Possumus
384 5103 487 5158 tamen
498 5105 630 5178 exempli
650 5121 743 5162 causa
764 5107 797 5161 in
822 5107 929 5178 paucis
982 5109 1018 5161 ut
1029 5107 1161 5178 prodens
1172 5106 1205 5162 in
1219 5122 1268 5162 res
1283 5105 1443 5161 sensibiles
1457 5101 1673 5177 procreandas.
1693 5121 1705 5150 »
1733 5097 1811 5170 Phy-

99 5178 134 5235 id
148 5180 367 5242 demonstrare.
384 5188 442 5254 Qui
456 5195 592 5248 statuam
606 5193 698 5262 fudit,
712 5193 868 5250 hominem
882 5195 927 5250 in·
983 5194 1038 5249 sici
1049 5209 1183 5266 namque
1195 5194 1312 5264 dicunt,
1328 5194 1433 5250 omnia
1447 5207 1485 5249 ex
1509 5191 1608 5248 calore
1633 5193 1663 5246 et
1684 5189 1812 5245 humore

101 5267 201 5325 tuitus
214 5276 269 5328 est.
295 5274 354 5339 Qui
368 5276 493 5335 domum
517 5280 600 5350 iecit,
624 5284 760 5337 montem
784 5282 926 5353 respexit.
982 5283 1144 5354 procreari.
1161 5281 1567 5354 UndeVirgiliusOceanum
1582 5282 1702 5352 patrem
1717 5274 1814 5350 appel·

99 5353 178 5419 Quia
194 5361 285 5431 enim,
302 5366 337 5418 ut
347 5365 391 5421 ait
404 5366 576 5439 Propheta:
593 5371 655 5429 Qui
673 5370 798 5424 emittis
822 5368 929 5438 fontes
982 5370 1027 5426 lat
1039 5386 1044 5424 :
1058 5373 1087 5424 et
1097 5369 1237 5426 Valerius
1245 5370 1382 5426 Soranus
1391 5370 1424 5426 in
1436 5369 1668 5441 quodamversu
1679 5365 1718 5422 de
1727 5365 1812 5433 Jove,

99 5444 137 5498 in
153 5453 367 5524 convallibus,
384 5456 477 5511 intra
492 5458 638 5512 medium
665 5459 831 5512 montium
855 5474 928 5527 per·
983 5458 1016 5515 in
1031 5459 1253 5530 significatione
1267 5460 1350 5531 ignis
1364 5458 1488 5516 aethsrei
1502 5457 1596 5514 dicit:

101 5533 291 5593 transibunt
304 5543 571 5614 aquaetPeaicrn)
584 5560 590 5598 :
603 5543 929 5602 eminentiamontium
1013 5564 1138 5630 Juppim
1154 5566 1322 5631 omnipotens
1336 5578 1431 5618 mum
1449 5576 1597 5630 requmqw
1612 5563 1746 5626 reperior,

48 5678 51 5685 ,
107 5630 204 5687 aquas
219 5638 279 5682 non
292 5628 420 5685 retinet:
437 5632 482 5688 ita
494 5632 603 5688 domus
616 5632 650 5688 in
665 5631 762 5689 altum
777 5634 930 5706 quoddam
1014 5643 1175 5710 Propenitor
1187 5645 1360 5712 probrisque
1381 5644 1465 5698 licam
1480 5658 1577 5698 cerum
1593 5655 1668 5695 unus
1687 5647 1712 5693 et
1729 5640 1811 5694 menn

108 5723 253 5768 cacumen
264 5711 395 5775 levanda
408 5718 479 5793 tuit,
503 5723 539 5780 ut
561 5720 745 5782 irruentium
768 5726 930 5798 tempesta·

1170 2587 1245 2646 Gne.
1261 2588 1315 2644 x1.
1332 2590 1416 2650 Quid
1430 2590 1476 2645 eit
1490 2594 1626 2645 natura.
