3742 6082
662 452 912 556 LIBER
951 436 1269 543 PRIMUS

111 678 178 734 Car.
195 678 215 730 1.
234 674 279 730 De
295 671 408 741 nuptiis
421 669 595 728 carnotibus
613 667 743 725 vitandis
764 660 935 722 suasoribus
954 647 1072 710 hioedu
1095 646 1153 704 aito
1178 641 1371 717 concupiscit.
1393 637 1514 696 Difficile
1538 633 1719 705 custoditur,
1743 631 1822 706 quod

147 770 359 840 Theophrasto,
375 773 464 840 atque
485 767 553 823 oties
565 763 753 837 pbilosophis
766 768 794 819 et
809 758 938 817 oratori·
992 739 1095 813 1³¹⁰res
1108 740 1213 793 611161η
1226 753 1233 804 3
1256 733 1417 832 molestum
1432 733 1477 787 est
1490 726 1658 826 possidere,
1674 722 1762 825 quod
1776 738 1822 778 ue·

147 870 199 925 bers
214 873 277 924 tum
290 867 407 924 Larini,
422 872 485 923 mm
499 866 619 923 (prm-3,
993 844 1045 885 mo
1058 826 1170 883 habere
1181 825 1330 896 dignetur.
1350 824 1459 878 lhnore
1474 823 1575 875 tamen
1590 829 1716 872 miserm
1729 811 1822 868 delor-

993 918 1051 975 mis
1065 917 1202 983 habetur,
1217 929 1312 987 quam
1327 911 1460 968 lormosa
1474 911 1619 964 servatur.
1636 903 1717 962 Nihil
1732 907 1822 959 tutem

148 1015 248 1071 Fertur
270 1008 411 1069 aureolus
436 1006 632 1080 Theophrasti
655 1004 734 1062 liber
752 1007 795 1061 lle
815 1001 939 1071 nuptiis,
994 1013 1048 1078 est,
1064 1008 1169 1080 inquo
1184 1004 1273 1062 sotius
1287 1000 1392 1076 populi
1405 1004 1474 1057 vom
1490 995 1653 1071 suspirant,
1675 993 1762 1051 Alius
1775 991 1824 1048 foe

111 1101 143 1160 in
168 1116 230 1175 <1¹¹⁰
253 1098 361 1174 tluffifst
374 1114 414 1156 &11
439 1097 485 1155 iil·
513 1096 632 1169 Sapiens
647 1092 887 1152 ¹¹¹⁰r0111<1110³²·
909 1092 943 1144 Et
994 1113 1056 1161 ma,
1078 1095 1155 1152 alius
1176 1092 1307 1164 ingenio,
1330 1090 1407 1148 alius
1422 1087 1545 1156 facetiis,
1559 1085 1637 1143 alius
1652 1081 1825 1141 liberalitate

112 1207 183 1250 oum
205 1188 367 1254 definisset,
398 1185 422 1242 si
450 1184 587 1259 pulchra,
615 1184 740 1240 sibene
765 1184 892 1249 morata,
918 1177 943 1233 si
996 1185 1151 1254 sollicitem
1176 1184 1279 1256 sieque
1301 1179 1403 1254 aliquo
1425 1177 1548 1235 tandem
1564 1174 1658 1232 modo
1673 1186 1826 1246 expugna.

112 1279 247 1345 honestis
262 1276 447 1352 parentibus,
463 1275 488 1331 si
514 1280 542 1330 et
566 1275 632 1348 ipse
654 1290 748 1330 senus
762 1279 790 1329 st
805 1272 899 1337 dives,
917 1267 942 1323 si
996 1280 1054 1345 tur,
1070 1274 1153 1348 quod
1166 1273 1300 1346 undique
1314 1269 1479 1326 incessitur·
1503 1266 1588 1334 Quod
1602 1264 1627 1321 ,j
1642 1267 1770 1338 propte,-
1788 1260 1825 1317 ὥ.

113 1368 234 1442 ΒὸΡίθῦθ
252 1366 326 1423 illim
341 1364 505 1439 flfiqustndO
528 1363 764 1434 maffifflfflmffls
780 1360 880 1418 statim
900 1357 945 1413 in·
1001 1363 1223 1438 spensetionem
1247 1360 1367 1427 domus,
1382 1362 1411 1415 et
1433 1355 1587 1426 languoris
1612 1351 1734 1423 solatia,
1748 1355 1777 1407 et
1792 1349 1827 1406 iu-

114 1457 204 1516 tulit:
230 1459 297 1514 llaeo
313 1460 413 1514 eutem
428 1471 496 1512 raro
511 1455 543 1511 iu
558 1453 670 1527 nuptiis
685 1455 867 1509 concurrunt
881 1446 947 1504 uni·
1001 1468 1072 1525 gem
1097 1448 1264 1508 solitudinis
1287 1448 1415 1504 ducatu,-
1434 1460 1519 1513 mor,
1536 1441 1632 1499 muno
1647 1439 1759 1497 melius
1775 1454 1827 1494 w.

112 1561 210 1604 Wlffl-
228 1549 292 1603 N⁰1¹
308 1549 354 1604 0⁸¹
379 1544 469 1614 ibitur
483 1560 559 1599 UXOf
580 1541 719 1598 duoeflda
734 1538 869 1613 sapienti·
885 1535 947 1592 Pri·
1000 1559 1057 1600 vus
1071 1540 1168 1598 fidehs
1182 1539 1346 1613 dispensat,
1363 1534 1507 1594 obediens
1521 1530 1692 1590 auctoritati
1707 1527 1826 1599 domini,

114 1651 200 1695 mum
214 1634 296 1695 enim
311 1632 411 1691 studia
425 1630 623 1705 philosophice
631 1629 780 1703 impediri,
793 1644 847 1685 1100
857 1642 947 1702 posse
1001 1636 1030 1689 et
1050 1627 1265 1704 dispensationi
1292 1628 1358 1699 ejus
1378 1625 1602 1696 obtemperans,
1626 1635 1725 1694 quam
1750 1633 1826 1684 uxor,

115 1737 301 1797 quemquam
317 1721 402 1778 libris
417 1725 447 1779 et
462 1720 547 1776 uxori
568 1720 679 1792 pariter
692 1719 843 1775 inservire.
859 1716 947 1774 uulsa
1000 1738 1069 1795 quae
1084 1720 1114 1776 in
1129 1734 1166 1775 eo
1180 1734 1211 1775 se
1226 1716 1374 1774 existimat
1391 1713 1560 1780 dominum,
1577 1710 1602 1767 si
1616 1709 1767 1766 adversus
1781 1705 1827 1762 effi

116 1816 196 1883 iuni,
211 1827 279 1884 ‘luffl
300 1813 510 1871 mimarum
534 1808 640 1865 usibus
664 1807 833 1864 necessaria
857 1809 945 1862 sunt:
999 1811 1195 1876 voluntatem,
1206 1807 1300 1875 idest,
1313 1807 1337 1862 si
1351 1803 1435 1879 quod
1449 1802 1557 1877 placet,
1572 1816 1634 1857 non
1650 1796 1826 1873 quodjube

115 1900 253 1975 lilitiosae
266 1902 372 1965 vestas,
390 1913 509 1964 666661,
531 1912 671 1967 8611111166,
691 1901 839 1969 sumptus,
854 1893 947 1952 666ῑί-
1000 1906 1048 1959 tur
1058 1899 1157 1957 faciet.
1166 1897 1304 1954 desidere
1319 1899 1422 1952 eutem
1433 1889 1827 1965 aegrotantimagiepcseunl

116 1990 164 2060 lue,
180 1986 313 2063 supellex
323 1986 417 2054 varia,
429 1985 553 2054 lectiom;
572 1985 946 2058 deiudepertotasnootes
965 1988 1099 2065 Ramisi,
1125 1992 1153 2043 et
1175 1985 1307 2044 vernulae
1334 1982 1489 2041 beneficiis
1518 1979 1654 2052 obligati,
1670 1993 1767 2053 qnam
1786 1976 1828 2033 ffla

117 2077 252 2153 querulae
263 2074 515 2149 nonquestiones3
539 2073 590 2132 illa
612 2074 745 2131 ornatior
768 2073 903 2150 procedit
915 2073 947 2129 iu
1001 2093 1070 2150 quie
1084 2076 1181 2147 nobis
1196 2076 1321 2148 imputet
1335 2074 1485 2146 lacrymas
1507 2086 1587 2138 sues,
1604 2072 1633 2126 et
1654 2064 1830 2124 haereditatis

117 2166 284 2242 publissllm·
312 2165 377 2221 haeo
401 2163 567 2223 h⁰¹1⁰¹³t¹¹f
593 2162 633 2220 ab
659 2163 814 2235 Omnibus,
836 2177 892 2231 680
917 2161 948 2217 in
1002 2182 1054 2240 spe
1069 2166 1180 2223 vendat
1202 2164 1279 2231 illas,
1296 2180 1367 2220 cum
1381 2167 1410 2219 et
1431 2158 1664 2218 sollicitudinem
1677 2158 1796 2228 jactans
1807 2157 1831 2210 et

119 2259 269 2315 conventu
283 2254 465 2314 {animarum
479 2252 595 2309 miselle
618 2253 777 2326 despicior.
798 2255 856 2310 Cur
868 2250 949 2324 aspi-
1002 2271 1117 2323 curam,
1133 2253 1303 2325 languentis
1327 2252 1464 2309 animum
1482 2246 1692 2322 desperatione
1715 2248 1830 2302 contur-

120 2345 221 2406 oiebes
246 2343 401 2402 vicinam?
428 2341 505 2408 Quid
528 2357 599 2398 cum
622 2341 731 2399 ancilla
754 2339 950 2414 loquebaris?
1002 2343 1061 2400 het.
1079 2345 1150 2410 Quoe
1164 2344 1188 2399 si
1207 2341 1365 2413 languerit,
1381 2335 1628 2410 coaegrotandum
1644 2340 1689 2392 est
1703 2349 1777 2391 cnm
1791 2349 1831 2397 ee,

120 2438 160 2491 ⁰⁰
177 2438 236 2490 ww
250 2431 316 2503 (³²⁵⁶)
329 2429 454 2491 leniens
469 2428 541 2503 quid
566 2428 713 2486 attulisti?
734 2432 798 2485 N⁰11
817 2428 949 2485 amicum
1003 2437 1033 2490 et
1047 2448 1206 2507 nunquam
1229 2433 1268 2489 ab
1294 2432 1358 2504 ejus
1380 2428 1490 2487 lentulo
1508 2424 1724 2484 recedendum.
1741 2427 1797 2480 hut
1811 2421 1832 2477 si

119 2521 232 2583 habere
246 2535 418 2604 possumus,
435 2534 496 2574 110ss
510 2517 646 2575 66661661
659 2535 665 2585 ;
680 2517 801 2574 allelmi
815 2532 950 2573 6111666111
1002 2522 1085 2579 bone
1107 2521 1203 2589 tuerit,
1219 2525 1248 2578 et
1269 2519 1371 2577 suevis
1394 2533 1470 2574 uxor
1486 2523 1565 2590 (quse
1583 2518 1687 2571 tamen
1702 2528 1774 2570 rara
1787 2512 1833 2568 aut

120 2625 197 2667 uxor
211 2608 257 2664 sui
271 2607 376 2665 odium
400 2606 579 2679 suspicatur.
598 2606 626 2663 Si
640 2605 831 2663 doctissimus
842 2620 952 2680 praeoe-
1003 2610 1086 2668 nulla
1100 2615 1165 2681 est),
1183 2627 1252 2667 cum
1266 2609 1447 2683 parturiente
1467 2605 1616 2677 gemimus
1631 2620 1702 2660 cum
1723 2599 1834 2676 pericli.

120 2705 188 2773 1³10r
202 2703 233 2755 in
251 2695 385 2770 quahbat
400 2695 520 2752 Uibium
539 2695 637 2763 fuerit.
652 2710 708 2752 nec
725 2710 848 2752 uxorem
862 2695 951 2751 relin-
1005 2704 1086 2758 tante
1100 2704 1285 2773 torquemur.
1307 2697 1432 2771 Sapiens
1452 2701 1553 2752 autem
1573 2709 1735 2767 nunquam
1758 2689 1835 2747 solus

120 2802 224 2862 quere,
252 2801 308 2844 neo
336 2801 405 2842 oum
437 2784 489 2844 tali
529 2784 647 2842 sarcina
679 2784 749 2841 illuc
777 2785 819 2842 ire
846 2801 953 2859 possu·
1006 2793 1194 2863 essepotest,
1212 2788 1305 2845 Habet
1320 2787 1401 2844 enim
1425 2800 1527 2841 secum
1551 2798 1659 2840 omnes
1680 2781 1734 2855 qui
1759 2784 1834 2847 suns,

121 2894 200 2941 mus.
215 2878 381 2949 Paupeoem
403 2874 483 2933 alere
507 2873 626 2932 difficile
653 2879 714 2942 est,
730 2875 852 2931 divitem
877 2875 952 2931 terre
1005 2879 1117 2953 quique
1139 2879 1239 2952 potius
1264 2879 1385 2934 fuerunt
1405 2875 1488 2944 imni,
1505 2878 1533 2930 ει
1557 2873 1695 2931 animum
1709 2870 1835 2928 liberum

122 2971 315 3025 tormentum.
331 2964 415 3021 hdde
436 2964 520 3037 quod
546 2963 629 3021 ualle
655 2969 701 3021 est
721 2964 823 3022 uxoris
837 2964 950 3032 electio,
1005 2968 1257 3042 quocunquevult
1268 2966 1418 3038 transfert,
1430 2963 1514 3039 quod
1527 2977 1653 3036 corpore
1667 2977 1730 3017 non
1741 2961 1837 3034 potest

123 3055 177 3113 sed
199 3054 297 3128 qualis
320 3053 474 3110 advenerit
499 3052 564 3111 talis
580 3053 616 3110 sit
629 3053 781 3122 habende,
798 3053 824 3108 si
837 3053 954 3109 iracun·
1006 3057 1184 3127 cogitatione
1199 3055 1461 3130 complectimini
1477 3052 1502 3109 si
1515 3051 1676 3110 hominum
1690 3047 1837 3122 copiade-

122 3142 172 3214 da,
198 3143 223 3201 si
248 3142 340 3212 latua,
367 3141 393 3198 si
415 3140 569 3210 deiurnus,
592 3142 616 3198 si
638 3135 829 3216 superba,'si
849 3141 951 3212 fetida,
1005 3146 1102 3216 fuerit,
1122 3146 1254 3221 loquitur
1279 3163 1349 3202 oum
1364 3147 1433 3201 lieo.
1454 3145 1616 3216 Nunquam
1637 3139 1743 3197 minus
1758 3137 1836 3195 solus

29 3268 34 3275 »
122 3231 325 3306 quodeunque
333 3230 395 3287 vitii
405 3235 539 3303 ast,post
549 3230 669 3305 nuptias
678 3230 832 3288 discimus.
840 3234 950 3304 Equus,
1006 3236 1069 3305 erit,
1085 3252 1178 3311 quern
1193 3253 1264 3293 eum
1277 3235 1360 3293 solus
1376 3233 1472 3291 fuerit.
1485 3235 1575 3290 Porro
1589 3229 1756 3286 liberorum
1770 3243 1836 3284 oau-

122 3321 236 3385 asiume
251 3320 318 3390 bos,
334 3318 626 3389 centensimum
645 3337 775 3394 queque
788 3320 951 3393 mancipis,
1009 3342 1042 3383 sn
1055 3342 1181 3383 uxorem
1191 3327 1310 3393 ducere,
1320 3323 1368 3380 vel
1379 3339 1417 3380 ne
1427 3337 1540 3379 nomen
1554 3323 1693 3377 nostrum
1703 3318 1835 3384 intereat,

122 3413 219 3465 vestes
234 3412 262 3464 et
276 3406 397 3474 lebetes,
414 3406 505 3464 sedile
519 3407 664 3478 ligneum,
680 3408 757 3466 calix
774 3414 802 3466 et
817 3409 954 3466 urceolus
1008 3415 1053 3473 vel
1069 3420 1101 3473 ut
1124 3415 1292 3472 habeamus
1313 3411 1472 3470 senectutis
1499 3409 1648 3484 praesidia,
1665 3412 1694 3465 et
1706 3412 1742 3464 ut
1755 3406 1837 3464 oerhs

124 3498 221 3555 fictilis
235 3498 402 3571 probantur
416 3497 511 3571 prius,
526 3502 555 3555 et
569 3498 612 3555 sia
627 3505 784 3556 emuntur:
801 3500 865 3556 sola
879 3516 955 3556 uxor
1009 3509 1130 3561 utemur
1140 3504 1310 3561 haeredibus
1319 3500 1546 3559 stolidissimum
1556 3503 1610 3556 est.
1621 3496 1698 3563 Quid
1709 3496 1791 3553 enim
1803 3493 1837 3550 ad

124 3602 185 3643 non
200 3585 376 3654 ostenditur,
391 3601 430 3642 110
444 3590 514 3642 66ῐ6
526 3585 690 3662 displiceat,
706 3602 801 3661 quam
816 3587 952 3644 ducatur·
1008 3609 1064 3653 uos
1076 3592 1247 3652 recedentes
1260 3610 1276 3650 e
1290 3591 1407 3651 mundo
1422 3587 1549 3663 pertinet
1562 3587 1586 3643 si
1600 3585 1724 3642 nomine
1740 3588 1838 3641 nostro

122 3675 311 3734 Attendenda
332 3681 377 3732 est
400 3691 472 3746 ergo
498 3691 617 3750 semper
639 3677 704 3749 ejus
732 3678 832 3749 ledea,
849 3682 877 3734 et
891 3677 955 3751 pul·
1008 3682 1306 3750 aliusnonvocetur,
1323 3682 1437 3736 cumei
1458 3677 1537 3734 filius
1558 3690 1620 3731 nou
1639 3673 1744 3730 stetim
1766 3668 1838 3746 patn'

124 3766 261 3823 chritudo
283 3765 451 3848 laudanda,
470 3783 508 3826 ne
535 3767 560 3826 si
579 3766 705 3825 alteram
726 3766 900 3840 inspexeris,
923 3784 956 3827 se
1008 3789 1065 3830 eun
1088 3769 1273 3829 voeabulum
1306 3768 1424 3837 reierat,
1460 3771 1489 3823 et
1513 3761 1752 3822 innumerabiles
1775 3759 1837 3825 snt

124 3854 270 3913 existimet
293 3854 460 3928 displicere.
482 3854 622 3912 vocanda
650 3861 693 3912 est
728 3856 861 3925 domina,
878 3857 954 3913 cele·
1008 3862 1061 3935 qui
1075 3860 1183 3919 eodem
1198 3857 1385 3932 appellentur
1397 3854 1543 3912 nominet
1566 3856 1603 3909 ht
1620 3867 1690 3925 quse
1705 3852 1838 3907 senectu-

124 3944 260 4001 brendus
275 3943 381 3999 natalis
394 3944 469 4014 ejus,
479 3944 646 4015 jurandum
661 3948 705 4001 est
716 3961 770 4018 per
781 3945 908 4002 salutem
923 3945 956 4002 ll-
1008 3949 1045 4005 tis
1060 3948 1172 4007 auxilia
1186 3951 1256 4004 sunt
1277 3945 1389 4004 nutrire
1403 3943 1486 4002 domi
1501 3941 1597 4014 illum,
1613 3939 1666 4013 qui
1686 3942 1740 3995 aut
1761 3936 1839 4011 prior

123 4032 192 4101 lius,
209 4036 240 4088 ut
266 4033 303 4088 sit
326 4036 477 4104 superstes
504 4031 683 4106 optandum,
697 4033 876 4092 honoranda
899 4038 953 4107 eet,
1011 4040 1039 4095 te
1053 4037 1128 4096 torte
1149 4036 1303 4106 moriatur,
1317 4040 1370 4094 aut
1383 4029 1615 4109 perversissimis
1638 4027 1777 4085 moribus
1794 4024 1837 4090 sit,

126 4121 227 4178 nutrix
251 4125 280 4177 et
303 4119 417 4192 gerula,
434 4137 538 4178 servus
561 4125 705 4196 paternus
730 4127 759 4178 et
773 4122 915 4192 altricius,
929 4126 958 4179 et
1011 4131 1062 4184 eut
1077 4131 1154 4184 certe
1167 4143 1236 4183 oum
1251 4125 1291 4182 ad
1308 4129 1460 4182 maturam
1485 4124 1603 4179 oetahm
1616 4117 1744 4185 veneris,
1759 4113 1838 4173 tarde

124 4216 301 4286 procurator
332 4210 565 4285 calamistratus,
588 4216 617 4269 6ῑ
652 4211 684 4268 iu
720 4212 845 4284 longam
874 4229 957 4275 secu·
1011 4217 1039 4273 ei
1053 4216 1183 4274 videaris
1195 4215 1282 4277 mori.
1307 4217 1375 4273 llaec
1388 4218 1418 4271 et
1428 4208 1606 4286 hujusmodi
1622 4207 1840 4288 Theophrastus

124 4317 252 4376 remque
263 4299 419 4358 libidinem
434 4305 569 4359 exsectus
583 4300 690 4377 spado,
708 4301 765 4358 sub
780 4301 955 4375 quihusuo-
1010 4305 1186 4373 edisserens,
1202 4320 1294 4377 quem
1317 4306 1454 4360 nostrum
1478 4315 1541 4356 non
1567 4301 1689 4355 moveat
1709 4292 1843 4368 adquie-

126 4391 260 4449 minibus
273 4390 419 4447 adulteria
433 4390 621 4448 delitescunt.
635 4393 836 4463 Quosounque
848 4391 899 4447 illa
911 4391 957 4446 di·
1009 4400 1072 4453 tam
1087 4393 1273 4452 continentiae
1287 4393 1407 4451 vitam?
1421 4389 1583 4460 Quieta‘est
1595 4386 1677 4445 enim
1687 4384 1842 4443 coutinen-

125 4478 274 4546 lexeritsfi
296 4478 388 4546 866ὓῦ
403 4479 536 4534 amandi·
555 4479 584 4536 Si
599 4481 692 4535 totam
713 4479 740 4535 61
761 4479 888 4535 domum
913 4495 958 4536 re·
1010 4485 1057 4542 tiae
1069 4485 1140 4553 vite,
1156 4500 1250 4558 quem
1272 4499 1334 4541 non
1349 4480 1493 4555 inquietat
1507 4477 1608 4536 uxoris
1624 4475 1768 4550 suspicio,
1785 4487 1845 4530 non

127 4565 258 4638 gandam
274 4563 469 4634 commiseris,
486 4565 677 4621 serviendum
694 4572 758 4636 est;
782 4568 828 4624 sin
843 4567 957 4642 aliquid
1011 4573 1171 4631 sollicitant
1194 4573 1371 4631 ancillarum
1396 4573 1546 4643 sumptus,
1562 4582 1618 4624 neo
1633 4561 1797 4622 contrubat
1811 4560 1846 4617 fi-

127 4660 179 4712 tuo
200 4652 323 4711 arbitrio
347 4653 556 4722 reservaveris,
571 4654 664 4711 fidem
688 4656 744 4713 sibi
764 4657 870 4716 haberi
893 4675 957 4717 non
974 4662 1122 4767 »horum
1143 4662 1331 4736 perversitas.
1356 4663 1427 4727 Quae
1448 4655 1604 4716 munditie
1620 4653 1716 4727 gignit
1729 4651 1844 4718 tlorem,

126 4744 253 4819 putabit,
269 4748 298 4801 et
312 4742 342 4800 in
358 4744 462 4801 odium
476 4742 599 4800 vertitur
613 4748 642 4801 et
653 4744 762 4817 jurgia.
779 4751 813 4804 Et
826 4747 883 4804 nisi
897 4749 955 4806 cito
1012 4746 1150 4823 puritatis
1165 4746 1242 4821 parit
1256 4746 1397 4813 fructum,
1412 4744 1501 4802 bonae
1523 4739 1713 4800 eonscienhae
1736 4735 1848 4811 protest

129 4833 327 4906 consulueris,
339 4832 458 4908 parabit
470 4848 588 4893 venene
602 4849 688 4892 anus.
700 4835 854 4908 aurifices,
868 4841 897 4895 et
909 4853 963 4896 au·
1015 4837 1151 4895 odorem.
1175 4839 1244 4892 llaec
1263 4834 1349 4906 tergit
1362 4833 1461 4891 cernis
1475 4831 1622 4898 macules,
1637 4827 1778 4886 enimam
1791 4824 1848 4880 ain·

127 4922 216 4982 rioles
237 4923 297 4997 (eie)
313 4929 341 4982 et
354 4923 502 4983 institores
520 4939 720 4995 gemmarum,
737 4926 961 5000 sericarumque
1015 4931 1105 4995 oerat,
1120 4924 1270 4997 restringit
1289 4922 1506 4995 cogitationum
1529 4919 1639 4977 fluxus.
1666 4913 1783 4988 siquis
1795 4927 1846 4969 au·

128 5011 258 5075 vestium
281 5012 307 5069 si
326 5011 539 5082 introduxeris,
554 5013 723 5090 perieulum
737 5015 887 5088 pudicitie
903 5020 961 5075 est.
1015 5018 1076 5073 tem
1088 5013 1190 5071 uxoris
1211 5029 1274 5071 non
1290 5018 1333 5071 est
1347 5016 1487 5087 expertus
1501 5004 1708 5073 inwmmodu
1726 5005 1847 5077 61166ιὶῠ

130 5100 159 5160 si
186 5101 387 5177 prohibueris,
414 5101 594 5177 suspicionis
617 5101 735 5174 ini-urie.
758 5106 866 5162 verum
887 5102 962 5177 quid
1015 5104 1125 5162 eredat.
1153 5103 1255 5162 Cicero
1276 5102 1357 5162 enim
1378 5105 1503 5173 rogatam
1524 5098 1564 5156 ab
1589 5093 1697 5164 lihoio,
1724 5095 1761 5149 ΰῑ
1783 5091 1848 5164 1³⁰³

129 5191 255 5265 prodest
263 5191 391 5263 diligens
402 5191 549 5261 custodia,
562 5207 632 5248 oum
646 5191 889 5266 uxorimpudica
904 5209 964 5252 ser-
1003 5193 1175 5267 repudium
1201 5187 1341 5251 Terentia
1372 5206 1507 5248 sororem
1531 5187 1598 5260 ejus
1624 5184 1761 5251 duceret,
1788 5191 1849 5235 uo!

128 5280 192 5338 vari
216 5296 277 5341 non
298 5281 403 5355 possit,
418 5280 529 5354 pudica
543 5295 605 5338 non
617 5280 747 5340 debenti
770 5282 865 5340 lntida
879 5283 962 5341 enim
1015 5280 1173 5357 acquievit,
1187 5283 1291 5340 dicens
1305 5297 1366 5339 noo
1379 5294 1507 5351 esposse
1521 5284 1550 5335 et
1561 5275 1654 5333 uxori
1674 5276 1702 5330 et
1714 5269 1850 5341 pbiloso-

129 5372 230 5426 custos
254 5374 299 5426 est
317 5369 460 5427 castitatis
473 5367 644 5438 necessitas,
661 5374 690 5427 et
703 5368 754 5425 illa
766 5384 836 5426 vere
850 5369 962 5441 pudica
1012 5374 1093 5443 pisia
1105 5373 1222 5443 pariter
1234 5387 1356 5443 operam
1370 5357 1453 5427 dore.
1471 5371 1572 5426 Fertur
1581 5371 1610 5422 et
1625 5365 1765 5421 Socrates
1774 5366 1852 5416 duas

128 5455 257 5514 dicenda
270 5461 325 5523 est,
338 5456 387 5513 eui
400 5456 482 5514 licuit
496 5471 630 5530 peccare,
649 5456 703 5512 sed
717 5455 821 5514 noluit.
839 5456 880 5514 Sit
894 5458 961 5531 pul-
1014 5477 1126 5518 uxores
1148 5461 1302 5530 habuisse,
1319 5459 1484 5533 xantippen
1506 5461 1536 5514 et
1560 5453 1704 5513 ltirouem
1727 5453 1854 5524 neptem

129 5545 211 5614 chre,
227 5550 280 5603 eut
290 5544 433 5605 deformis
447 5561 542 5614 tirsum¹
556 5545 696 5618 euinque
709 5550 831 5617 urgetur
844 5546 961 5607 incom·
1015 5548 1160 5607 Aristidis.
1172 5551 1242 5615 Qum
1257 5566 1328 5606 cum
1342 5564 1413 5605 eum
1427 5545 1532 5603 crebro
1548 5540 1695 5601 conviciis
1705 5537 1856 5611 aggredo

129 5632 363 5708 medensium
376 5634 468 5711 ducit.
481 5633 771 5709 sumserimus
780 5635 960 5711 samsom
1013 5625 1855 5712 unse,nonennessesssutmpssmnnmsna
