3742 6082
381 223 561 284 HUGONIS
578 223 632 281 DE
649 223 680 281 Ι.
700 221 872 281 VICTORE
889 220 975 279 OPP.
995 219 1096 278 Palas
1106 170 1152 276 D.
1172 248 1207 262 -
1226 217 1471 277 bonuarios.

660 449 840 564 PARS
893 446 1181 589 QUINTA.

557 692 621 750 DE
657 689 1007 751 DEDICATIONE
1043 690 1300 750 ECGLESIAE.

37 944 42 951 Ι
204 875 277 930 Cae.
296 872 320 928 Ι.
342 873 384 930 De
397 874 605 929 dedicatione
624 875 784 929 Ecclesia.
925 872 1101 942 Avectraa,
1121 878 1152 927 et
1171 873 1350 929 elevamini
1358 876 1464 941 porta
1478 873 1661 940 aeternales,
1685 876 1718 926 et
1737 873 1787 926 in·

115 965 187 1021 Post
197 962 320 1020 ordines
333 978 410 1035 quos
424 963 458 1018 in
473 962 573 1034 prima
593 965 680 1035 parte
697 961 907 1018 ecclesiastica
963 964 1074 1019 troihit
1099 977 1159 1018 ren
1180 964 1294 1032 gloriae
1319 960 1421 1030 (Psal.
1438 959 1539 1030 11161.
1557 959 1613 1016 Cui
1639 959 1788 1017 diaconus

56 1052 356 1123 ,administrationis
387 1052 548 1124 posuimus
579 1052 618 1107 ad
645 1054 908 1108 sacramentorum
962 1052 1048 1108 intus
1060 1051 1180 1123 positus
1191 1049 1372 1122 respondet:
1390 1051 1467 1111 onis
1489 1054 1537 1105 est
1557 1051 1618 1105 iste
1638 1065 1698 1105 reoo
1723 1053 1787 1120 glo·

78 1141 352 1199 considerationem
367 1139 545 1195 transimus,
563 1139 602 1194 Et
626 1140 761 1213 primum
784 1138 907 1212 quidem
961 1139 1041 1197 rice?
1052 1140 1158 1212 (ibid.)
1169 1139 1312 1196 Pontifex
1322 1144 1439 1195 autem:
1451 1140 1606 1196 Dominus
1619 1140 1784 1194 viriatum

79 1231 117 1287 de
131 1232 321 1287 sacramento
341 1228 540 1284 dedicationis
560 1227 711 1297 Ecclesia,
727 1229 760 1283 in
776 1244 838 1300 qua
853 1244 907 1284 666·
963 1232 1030 1298 ipse
1043 1235 1092 1285 est
1105 1245 1165 1284 ren
1176 1231 1291 1299 plorioe
1306 1230 1405 1300 (ibid).
1418 1228 1521 1283 Tertia
1532 1228 1655 1283 demum
1667 1228 1733 1282 vice
1748 1242 1789 1282 re·

81 1323 146 1376 tera
160 1319 264 1375 omnia
285 1321 476 1373 sacramenta
497 1316 700 1386 celebrantur,
720 1316 906 1388 loquendum
963 1323 1062 1374 serato
1078 1319 1156 1374 ostio
1171 1319 1267 1373 intrat
1281 1317 1420 1390 pontifex
1432 1332 1503 1372 666
1518 1317 1596 1371 61616
1610 1320 1639 1370 61
1661 1315 1786 1388 populo,

75 1409 170 1465 nobis
184 1408 314 1465 videtur.
338 1406 483 1478 Superius
505 1405 538 1460 16
553 1422 589 1461 66
612 1422 705 1478 quam
728 1405 909 1477 generaliter
962 1407 1065 1464 dicens
1081 1411 1144 1463 ter:
1159 1409 1233 1462 Pan
1258 1409 1334 1461 huic
1362 1404 1643 1473 1666111661).
1671 1404 1789 1460 Deinde

78 1498 115 1554 de
129 1495 329 1552 sacramentis
339 1495 545 1568 praemisimus
560 1495 752 1565 tractatione,
770 1494 907 1550 distinxi·
963 1512 1031 1552 cum
1050 1495 1259 1552 sacerdotibus
1278 1494 1422 1550 etlevitis
1438 1493 1599 1549 6161611616
1617 1491 1656 1548 ad
1681 1493 1792 1549 616116

79 1602 159 1656 666,
183 1586 376 1641 6661666616
395 1583 456 1638 alia
471 1599 536 1639 esse
552 1583 671 1653 salutis,
689 1582 750 1638 alia
765 1583 909 1639 adminis·
963 1601 1032 1641 nem
1045 1586 1259 1657 prosternitur,
1275 1599 1331 1656 pro
1351 1582 1592 1639 sanctificatione
1614 1581 1715 1653 ipsius
1738 1579 1789 1635 do·

80 1674 297 1744 trationis,alia
310 1672 654 1728 exercitationisPrima
667 1672 707 1727 ad
720 1672 906 1740 remedium;
962 1689 1031 1730 mus
1046 1673 1231 1730 dedicandae.
1253 1673 1363 1729 Postea
1388 1685 1576 1741 consurgens
1590 1669 1629 1724 ab
1653 1669 1792 1725 oratione

81 1762 214 1820 secunda
228 1760 268 1817 ad
280 1760 426 1830 officium
442 1761 534 1816 tertia
549 1760 587 1815 ad
598 1760 786 1816 exercitium.
803 1761 842 1815 Et
854 1759 908 1815 illa
962 1762 1099 1820 nondum
1123 1763 1261 1818 salutans
1287 1761 1434 1835 populum
1461 1759 1588 1815 dicendo
1605 1775 1611 1814 :
1628 1759 1792 1813 Dominus

81 1852 204 1927 quidem
217 1866 286 1923 quae
303 1849 582 1905 administrationis
598 1849 662 1905 sive
673 1849 907 1922 praeparationis
962 1854 1124 1909 vobiscum
1138 1850 1294 1922 (1161111)
1306 1867 1314 1918 ;
1327 1848 1539 1905 tantummodo
1548 1848 1688 1903 hortatur
1699 1861 1790 1901 cunc-

80 1945 154 1999 sunt
167 1940 327 1997 ordinibus
342 1939 504 2007 cohaerent,
519 1938 665 2010 quoniam
681 1939 785 2011 stipsi
800 1938 907 1994 ordine
961 1945 1009 1996 tos
1022 1940 1230 1997 adorandum.
1245 1940 1303 1995 His
1315 1939 1485 2012 completis,
1495 1936 1605 2009 incipit
1613 1935 1651 1991 de
1664 1934 1792 1990 sinistro

80 2031 272 2087 sacramenta
286 2029 401 2096 suntet
413 2043 482 2099 666
497 2027 576 2082 circa
584 2026 708 2082 ordines
717 2027 909 2083 consideran·
961 2030 1075 2101 angulo
1089 2030 1224 2086 basilica
1239 2029 1278 2085 ab
1294 2029 1410 2084 oriente
1424 2042 1479 2100 per
1493 2025 1704 2099 pavimentum
1720 2023 1792 2079 scri-

80 2116 516 2192 tur,qualiasuntindumsnta
531 2131 618 2172 sacra
627 2119 657 2171 61
665 2119 785 2185 vasa,et
799 2119 907 2172 catera
960 2118 1032 2175 bere
1046 2118 1244 2192 alphabetum
1259 2117 1400 2190 usquein
1413 2115 1553 2171 dextrum
1580 2111 1729 2183 angulum
1744 2127 1790 2167 oc

80 2206 268 2281 hujusmodi.
283 2206 356 2260 Haec
368 2205 472 2260 omnia
487 2206 571 2276 quia,
583 2208 618 2259 61
631 2204 747 2259 dictum
761 2208 817 2274 661,
828 2205 907 2260 61166
921 2211 946 2267 Β
960 2206 1099 2278 uideatis,
1114 2210 1206 2280 atque
1227 2208 1339 2263 iterum
1364 2221 1383 2259 a
1401 2204 1507 2259 dextro
1532 2201 1644 2273 angulo
1659 2200 1790 2256 orientis
1827 2260 1830 2264 ,

80 2297 164 2369 ipsos
176 2294 297 2351 ordines
312 2292 553 2360 considerantur,
569 2291 692 2348 divisim
708 2293 833 2348 tractari
845 2309 907 2348 666
961 2311 1058 2368 usque
1077 2296 1111 2351 in
1125 2296 1285 2352 sinistrum
1307 2293 1454 2365 angulum
1475 2290 1648 2348 occidentis.
1667 2288 1788 2344 Dehinc

82 2384 263 2441 debuerunt.
280 2380 349 2437 Alia
361 2395 433 2435 vero
449 2384 639 2436 sacramenta
661 2381 766 2436 omnia
785 2381 825 2438 ad
839 2397 908 2454 qnae
962 2384 1002 2440 ad
1042 2384 1151 2441 altiora
1181 2382 1389 2452 conscendit,
1415 2387 1446 2438 et
1468 2384 1554 2437 stans
1591 2381 1663 2434 6616
1691 2377 1791 2432 611616

82 2469 270 2530 conficienda
284 2469 544 2525 etsanctiticanda
559 2469 703 2526 universa
729 2471 794 2527 haec
818 2472 909 2544 quasi
962 2472 1061 2530 Deum
1094 2473 1154 2530 6111
1181 2474 1214 2530 16
1253 2471 1440 2544 adjutorium
1475 2470 1622 2536 invocat,
1651 2466 1787 2522 dicens:

82 2561 223 2636 quadam
238 2559 444 2613 instrumenta
456 2557 616 2629 praemissa
628 2561 711 2628 sunt,
724 2560 910 2632 subsequen·
962 2565 1046 2618 Dens
1062 2565 1098 2617 in
1122 2564 1330 2631 adiutorium
1353 2575 1461 2616 menne
1477 2559 1620 2614 intende.
1639 2556 1787 2623 Domine,

83 2655 129 2706 161
141 2647 265 2705 tractari
285 2647 463 2717 exposcunt.
480 2645 519 2700 Et
532 2646 668 2718 primum
692 2640 772 2703 sicut
792 2648 908 2704 dictum
963 2654 1007 2706 ad
1026 2654 1260 2720 adjuvandum
1276 2666 1326 2706 me
1344 2651 1469 2720 festino
1485 2647 1585 2719 (Psal.
1602 2643 1700 2714 sxrx).
1717 2645 1790 2699 Glo-

83 2744 129 2796 est
143 2738 181 2794 de
192 2735 383 2792 dedicatione
397 2733 549 2805 Ecclesia,
566 2735 655 2808 quasi
670 2735 706 2792 de
720 2736 819 2808 primo
834 2737 908 2809 bap·
963 2743 1018 2796 ria
1032 2743 1139 2797 Patri.
1157 2743 1248 2796 Sient
1267 2744 1340 2795 erat
1355 2741 1391 2793 in
1406 2736 1584 2807 principio,
1607 2738 1638 2789 et
1655 2745 1744 2786 nnnc
1758 2737 1790 2786 et

83 2830 289 2898 hamataque
303 2824 372 2897 ipsa
385 2822 611 2896 quodammodo
624 2825 759 2881 Ecclesia
772 2827 908 2899 primum
963 2845 1098 2900 semper,
1110 2832 1179 2900 etc,
1193 2830 1258 2888 s‘ne
1271 2829 1428 2884 Alleluia.
1440 2825 1513 2882 Post
1530 2824 1587 2879 hoc
1608 2836 1721 2894 aquam
1742 2821 1792 2876 he

81 2917 268 2991 baptizatur,
282 2916 317 2968 ut
329 2912 361 2967 in
376 2928 411 2967 ea
425 2913 495 2984 post
513 2912 638 2968 modum
653 2912 793 2970 homines
808 2915 847 2970 ad
862 2931 908 2970 sa·
964 2919 1087 2988 nedicit,
1105 2918 1199 2974 salem
1218 2921 1249 2975 61
1268 2919 1399 2974 6166166
1424 2914 1605 2980 admiscens,
1630 2909 1790 2965 611661666

82 3006 179 3064 lutam
197 3000 395 3074 regenerandi
418 3000 623 3073 baptizentur.
649 3000 743 3067 Quasi
756 3004 837 3059 enim
852 3005 911 3077 pri·
964 3011 1011 3063 ter
1025 3008 1148 3078 signum
1162 3008 1262 3063 crucis
1282 3020 1374 3078 super
1395 3005 1506 3076 ipsam,
1521 3001 1571 3057 oui
1585 3000 1722 3055 misturae
1748 2997 1790 3051 vi·

84 3111 169 3152 mum
184 3094 410 3148 sacramentum
426 3089 459 3145 in
471 3089 626 3162 baptismo
637 3092 841 3163 cognoscitur,
856 3108 910 3166 per
964 3112 1039 3152 num
1055 3096 1147 3152 etiam
1163 3096 1295 3151 additur.
1321 3093 1462 3150 Posthaec
1483 3078 1576 3161 tingit
1601 3088 1732 3159 digitum
1755 3085 1790 3140 16

84 3184 168 3258 quod
181 3181 284 3238 fideles
298 3179 497 3235 omnesintsr
510 3180 648 3235 666116
661 3182 797 3254 66166116
811 3182 911 3238 Chris·
964 3199 1055 3256 aqua,
1071 3185 1189 3241 etfacit
1204 3199 1322 3240 crucem
1337 3197 1392 3254 per
1399 3183 1533 3253 quatuor
1542 3192 1658 3234 cornua
1670 3174 1788 3231 altaris.

84 3273 109 3328 ti
123 3285 177 3344 661
191 3265 429 3338 regenerationis
439 3281 526 3321 novae
536 3267 667 3337 gratiam
680 3273 907 3342 computantur.
964 3273 1038 3330 Inde
1051 3275 1136 3330 venit
1150 3277 1221 3330 6616
1236 3273 1342 3342 611616,
1358 3275 1388 3328 61
1402 3270 1550 3327 circuiens
1565 3264 1698 3339 aspergit
1711 3261 1790 3318 illud

83 3360 199 3418 Idcirco
223 3357 281 3412 hoc
303 3354 437 3426 primum
461 3355 655 3410 tractandum
677 3358 816 3414 occurrit.
845 3357 909 3413 Pri·
963 3365 1079 3435 septem
1089 3364 1218 3434 vicibus,
1230 3361 1399 3435 aspersorio
1414 3360 1495 3415 facto
1510 3357 1547 3413 de
1561 3355 1704 3428 hyssopo.
1729 3350 1792 3406 Cir·

85 3463 171 3506 mum
192 3446 225 3501 in
240 3442 429 3500 dedicatione
445 3442 612 3512 figuratum
626 3444 776 3515 Ecclesia,
801 3447 910 3504 deinde
964 3452 1028 3508 cuit
1044 3451 1153 3507 dehinc
1168 3456 1264 3509 totam
1280 3449 1457 3518 Ecclesiam,
1481 3446 1666 3503 intrinsecus
1687 3455 1790 3512 asper-

81 3538 115 3594 in
130 3532 369 3592 sanctificatione
383 3530 493 3586 661666
507 3531 604 3587 tidelis
614 3532 803 3612 ,exhibitum
820 3535 907 3601 Quod
923 3551 947 3609 0
965 3555 1040 3611 gens
1060 3541 1192 3613 parietes
1207 3540 1305 3612 ipsius
1320 3538 1424 3594 eadem
1446 3549 1527 3607 aqua
1546 3532 1662 3587 faciens
1686 3530 1744 3585 hoc
1759 3530 1792 3582 et

83 3627 165 3683 enim
179 3625 212 3681 in
225 3623 282 3678 hac
295 3620 385 3675 domo
407 3620 556 3676 orationis
578 3621 743 3678 visibiliter
763 3639 817 3696 per
838 3625 911 3696 iigu·
965 3630 1064 3685 tertio.
1081 3623 1209 3685 Interim
1222 3643 1294 3685 vero
1316 3627 1459 3683 cantatur
1472 3621 1609 3696 psalmus
1632 3635 1638 3673 z
1667 3619 1792 3671 Basar-

83 3732 150 3773 ram
173 3710 365 3785 exprimitur,
392 3709 538 3764 1616616
552 3710 818 3785 animafideliper
836 3714 911 3770 invi·
964 3723 1021 3788 got
1044 3717 1456 3785 DenaiPsat.nxv11),cum
1478 3709 1657 3782 antiphona.
1680 3705 1793 3760 Canta·

85 3803 205 3861 sihilem
230 3799 391 3871 veritatem
413 3798 584 3854 exhibetur.
610 3799 681 3872 Ipsa
706 3802 787 3858 enim
802 3819 910 3860 verum
966 3809 1017 3862 tur
1029 3808 1121 3862 etiam
1138 3806 1329 3879 antiphona:
1346 3805 1407 3865 oue
1430 3799 1605 3857 habitatin
1621 3796 1792 3864 adiutorio

82 3890 230 3962 templum
244 3887 302 3942 Dei
316 3889 362 3941 661
376 3886 631 3944 eonfoederatione
642 3890 804 3960 virtutum,
820 3893 910 3964 quasi
964 3898 1130 3952 altissimi
1144 3898 1244 3967 (Psal.
1259 3894 1321 3966 xc).
1338 3891 1453 3949 Circuit
1472 3888 1595 3944 interim
1609 3886 1675 3959 ipse
1694 3883 1793 3957 ponti·

84 3979 218 4053 quadam
231 3978 386 4031 structura
396 3974 534 4048 lapidum
543 3976 749 4049 spiritualium
761 3979 911 4037 aedificata
965 3985 1026 4055 tex,
1042 3986 1196 4041 transiens
1209 3999 1263 4059 per
1282 3981 1415 4038 mediam
1430 3977 1588 4035 ecclesiam
1602 3977 1632 4030 et
1642 3975 1771 4029 cantans
1785 3988 1791 4026 :

83 4069 138 4125 uhi
152 4065 227 4123 fides
237 4061 483 4119 'fundamentum
508 4065 592 4133 facit,
606 4081 676 4138 spes
690 4066 838 4123 fabricam
853 4070 908 4124 eri·
964 4075 1084 4129 Domus
1098 4076 1310 4142 mea,dontns,
1321 4069 1463 4139 etc.(lsa.
1475 4081 1528 4122 avr
1539 4082 1548 4133 ;
1559 4060 1793 4127 11611111111111

82 4158 138 4230 git,
163 4154 297 4212 charitas
318 4154 613 4209 consummationem
639 4155 781 4227 imponit.
802 4156 862 4212 Sed
880 4160 910 4213 61
963 4161 1076 4219 1161616
1090 4179 1096 4218 :
1112 4163 1262 4218 Narrabo
1278 4173 1395 4216 nornen
1410 4162 1506 4212 taam
1521 4150 1792 4222 frondositas,

51 4234 58 4241 ’
82 4246 151 4320 1666
172 4242 306 4305 Ecclesia
329 4258 367 4298 ex
390 4241 588 4298 multitudine
601 4242 737 4300 fidelium
755 4245 788 4300 in
812 4260 909 4303 unum
965 4253 1002 4307 in
1016 4254 1122 4308 meato
1141 4252 1284 4308 ecclesia
1304 4247 1444 4304 landabo
1458 4250 1489 4300 te
1510 4244 1608 4310 (Psoi.
1638 4237 1716 4309 1111).
1733 4237 1794 4292 His

83 4334 286 4405 congregata:
303 4329 413 4387 domus
427 4333 474 4386 est
485 4329 541 4386 Dei
556 4330 637 4386 vivis
651 4331 807 4403 lapidibus
822 4350 907 4392 cons·
964 4345 1067 4397 autem
1081 4338 1366 4414 paractis,pontifex
1381 4351 1412 4392 se
1427 4331 1645 4389 adorationem
1661 4325 1791 4395 confert,

83 4425 194 4491 1111013,
216 4419 271 4476 ubi
286 4417 428 4473 011ῐὶ8ῖῦ8
442 4416 678 4473 fundamentum
700 4420 846 4491 angulare
860 4440 910 4496 po·
962 4432 1070 4501 petens
1084 4433 1119 4485 ut
1134 4427 1306 4500 omnesqui
1323 4423 1460 4482 eamdem
1472 4420 1597 4477 domum
1613 4413 1792 4473 616161116-

83 4510 241 4574 61166661;
258 4504 335 4560 duos
349 4503 482 4575 parietes
492 4504 670 4563 ludaeorum
685 4512 714 4565 et
722 4511 860 4581 gentium
874 4512 908 4568 16
963 4519 1123 4588 traverint,
1138 4517 1299 4573 exauditos
1324 4530 1356 4571 se
1371 4526 1436 4568 6666
1451 4508 1614 4581 gaudeant.
1630 4501 1792 4575 Completa

82 4612 145 4655 666
168 4594 227 4652 ilde
250 4591 449 4662 conjungens.
478 4591 579 4663 Hujus
601 4594 706 4668 itaque
725 4602 908 4657 sacramenti
962 4607 1068 4679 itaque
1082 4601 1462 4680 expiatione,convertitur
1474 4596 1514 4652 ad
1527 4595 1623 4651 altare
1637 4591 1790 4663 incipiens

81 4684 165 4759 quod
185 4683 218 4738 in
237 4679 428 4736 dedicatione
441 4679 583 4738 Ecclesiae
602 4683 765 4743 exhibetur
777 4688 907 4746 formam
962 4695 1164 4769 antiphonam
1175 4712 1180 4750 :
1190 4694 1334 4750 introibo
1344 4692 1388 4746 ad
1399 4684 1572 4745 altareDei
1585 4677 1789 4753 (Pratum),

80 4775 215 4850 primum
229 4769 439 4844 proponimus,
455 4774 490 4827 ut
499 4770 608 4828 deinde
620 4777 784 4846 mysticam
799 4778 910 4835 intelli·
963 4785 1114 4859 cumipse
1128 4783 1268 4857 psalmo,
1285 4784 1315 4838 et
1329 4777 1413 4852 quod
1427 4775 1579 4847 reliquum
1595 4773 1641 4826 661
1655 4767 1692 4824 de
1707 4782 1791 4840 aqua

80 4863 216 4938 tentiam
230 4858 300 4915 fid&
313 4874 381 4931 ΨΜ
400 4859 433 4915 in
446 4858 498 4916 ffl⁰
519 4860 673 4919 formatur
693 4867 903 4938 exquiramus·
920 4901 949 4959 D
962 4872 1186 4947 purificationis
1206 4871 1245 4927 ad
1268 4869 1369 4926 hasim
1390 4864 1497 4922 altaris
1517 4859 1656 4918 effundit.
1671 4855 1790 4913 Deinde

79 4953 153 5010 Gar.
169 4948 208 5006 11.
225 4950 268 5005 De
288 4947 339 5002 tis
354 4963 427 5017 quoe
441 4950 616 5006 cataclita·
629 4959 780 5022 waccar
794 4957 831 5011 in
854 4971 903 5012 ea.
962 4963 1064 5035 ipsum
1079 4962 1175 5018 altare
1186 4960 1281 5017 linteo
1300 4955 1479 5026 extergitur,
1494 4953 1525 5007 et
1538 4946 1677 5022 pontifex
1690 4945 1792 5000 incen-

114 5039 253 5097 Primum
277 5036 416 5109 pontifex
441 5051 554 5108 aquam
582 5039 744 5111 benedicit,
766 5044 904 5117 typicum
962 5066 1030 5106 sum
1045 5050 1143 5107 defert
1157 5064 1248 5122 super
1269 5045 1356 5107 illud.
1384 5043 1494 5100 Postea
1509 5038 1583 5093 facit
1606 5048 1726 5091 crucem
1756 5032 1792 5086 in

79 5131 125 5189 sal
139 5127 320 5195 admiscens,
336 5124 445 5181 deinde
461 5125 626 5184 Ecclesiam
641 5131 741 5203 ipsam
756 5133 903 5190 extrinse-
960 5138 1060 5194 medio
1073 5138 1179 5195 altaris
1193 5141 1223 5193 et
1237 5151 1291 5209 661
1299 5135 1433 5206 quatuor
1442 5126 1572 5198 angulos
1582 5123 1658 5195 ejus,
1673 5120 1710 5176 de
1723 5118 1791 5175 oleo

80 5236 134 5278 cus
145 5223 191 5274 ter
201 5215 338 5287 gyrando
353 5214 497 5286 aspergit,
514 5215 593 5271 clero
609 5221 638 5272 et
663 5219 776 5290 populo
803 5223 905 5278 subse
961 5228 1159 5283 sanctificato.
1183 5224 1300 5282 Deinde
1318 5223 1352 5278 in
1374 5218 1505 5277 circuitu
1523 5212 1655 5269 66616616
1675 5208 1790 5264 duode-

78 5310 199 5382 quente.
216 5303 476 5360 Interimveroin
497 5303 626 5359 circuitu
651 5303 826 5363 dedicandae
853 5310 904 5365 Ec·
960 5315 1019 5370 cim
1042 5331 1145 5371 cruces
1166 5314 1374 5370 chrismantur
1394 5310 1427 5364 in
1449 5301 1631 5378 parietibus,
1660 5297 1790 5368 abipso

77 5398 176 5454 clesiae
188 5394 373 5449 intrinsecus
396 5391 554 5447 duodecim
570 5407 697 5448 6666666
722 5397 795 5450 6661
818 5396 904 5454 lumi·
959 5405 1102 5475 pontifice
1127 5408 1189 5459 tres
1213 5418 1268 5476 per
1293 5398 1432 5470 singulos
1458 5393 1607 5464 figuratae.
1634 5387 1790 5442 Reversus

78 5487 176 5541 naria·
194 5483 251 5538 Per
266 5479 404 5550 Singulas
420 5482 522 5535 aulem
538 5479 620 5535 vices
634 5480 807 5553 adponam
822 5485 902 5541 hasi-
959 5491 1068 5548 deinde
1087 5494 1199 5548 iterum
1219 5490 1258 5546 ad
1272 5490 1368 5545 altare
1387 5496 1548 5541 accensum
1563 5478 1635 5534 thus
1651 5488 1744 5545 super
1757 5472 1790 5528 il·

75 5574 141 5630 11666
155 5571 281 5627 veniens
301 5570 406 5640 (quam
421 5568 460 5622 oh
476 5569 660 5623 sacramenti
675 5569 805 5640 figuram
820 5574 902 5631 clau·
959 5579 1014 5636 lud
1028 5582 1159 5637 61161116
1174 5580 1299 5636 modum
1314 5575 1424 5642 crucis,
1447 5574 1477 5626 et
1500 5570 1544 5625 sio
1559 5567 1681 5639 6616616
1703 5561 1788 5617 deni·

78 5675 144 5718 sam
157 5672 222 5712 esse
230 5657 358 5728 oportet)
371 5655 504 5727 percutit
525 5654 613 5727 virga
626 5659 774 5728 pastorali
802 5677 903 5736 super·
959 5685 1019 5741 que
1033 5671 1258 5726 consecratione
1265 5669 1368 5741 ipsum
1382 5662 1479 5720 altare
1489 5658 1569 5715 albis
1578 5650 1788 5713 velaminibus

72 5747 215 5807 liminare
225 5744 335 5817 ipsius,
348 5741 470 5801 dicens:
490 5745 604 5803 Tollite
607 5751 722 5817 portae
731 5751 901 5825 principes
958 5757 1103 5831 operitur.
