3742 6082
433 230 480 286 1111
499 228 682 288 cntusrno
703 226 833 287 thllAE.
852 259 889 272 -·
906 231 972 289 LlB,
991 231 1014 289 1.
1506 242 1579 304 Μ

51 369 99 411 na
114 353 194 411 socio
209 354 315 424 victus,
329 354 416 428 pigro
431 354 588 418 consentit,
600 354 691 410 indis-
708 358 732 413 ll
748 371 812 411 esse
831 359 973 424 testatur;
996 359 1025 414 et
1038 372 1144 414 verum
1158 357 1238 429 dicit,
1254 361 1307 419 sed
1321 362 1489 422 voluntarie
1499 369 1577 441 pati-

51 449 106 512 tur,
122 450 282 515 vagantem
304 446 447 518 sequitur.
472 448 553 511 Ecce,
570 444 687 512 fratrea,
717 476 721 485 r
745 462 814 501 mur
826 446 893 517 ista,
908 448 1054 520 quoniam
1069 464 1106 505 ex
1121 449 1167 505 his
1179 452 1339 524 praemium
1352 458 1471 512 aeterna
1484 457 1578 515 beati-

51 533 142 591 iitum
163 534 306 590 luctando
329 534 439 606 dejicit,
465 534 629 590 discretum
643 533 689 589 in·
746 535 857 593 tudinis
872 540 1093 608 exspectamus.
1115 540 1157 594 Ex
1170 537 1234 596 istis
1248 541 1439 613 aegritudines
1451 545 1576 604 insana·
1592 578 1601 597 .

51 623 141 697 mipit.
165 623 211 681 Sic
225 628 371 693 vagantes
392 628 475 679 extra
497 627 628 678 castrum
651 622 690 678 ab
744 623 820 680 biles
835 624 1005 681 nascituras
1019 625 1158 684 affirmat.
1176 631 1241 685 Nou
1254 631 1446 690 essebonum
1461 639 1576 692 nature

51 712 181 786 piantur,
192 712 339 784 recipiunt
351 728 406 785 pro
421 728 545 768 munere
555 727 689 784 paenam,
745 713 969 785 complexiones
983 715 1115 787 turbare,
1132 733 1202 773 cum
1217 732 1254 775 ex
1276 719 1478 780 subtractione
1496 724 1577 782 cibo·

51 800 238 874 supplicium.
250 800 414 872 hdaptetur
426 800 516 869 igitur
525 798 691 873 proportio·
745 817 814 857 rum
836 806 990 858 mutentur
1012 805 1247 878 complexiones,
1262 822 1299 863 ex
1313 810 1479 867 mutatione
1493 828 1576 870 com·

51 891 125 963 udo,
138 891 312 947 ostendatur
330 891 360 946 in
382 890 505 946 homine
519 889 650 946 interiori
664 892 693 944 et
745 889 921 964 plexionum
934 893 1122 950 conturbatio
1137 899 1252 952 naturae
1266 897 1434 968 contingat;
1456 915 1494 956 ex
1507 916 1577 959 oon·

50 981 99 1038 rod
116 980 275 1050 contigisse
294 980 390 1052 potuit
401 979 433 1036 in
447 979 567 1035 duobus
582 978 691 1052 praedi·
747 979 914 1037 turbatione
924 985 1039 1038 naturae
1049 982 1224 1053 infirmitas;
1238 1000 1276 1041 ex
1285 985 1466 1057 infirmitate,
1482 1005 1574 1047 mors.

52 1086 101 1128 em
117 1070 198 1126 enim
213 1069 399 1137 exteriorem,
415 1068 552 1125 videlicet
570 1084 692 1125 carnem
748 1073 830 1137 Ecce,
844 1070 962 1140 fratres,
976 1070 1116 1128 diabolus
1131 1074 1290 1147 physicam
1310 1076 1415 1136 docet:
1431 1094 1499 1135 ecce
1513 1096 1577 1137 me·

53 1176 121 1217 emo
145 1159 262 1215 dubitat
288 1159 482 1215 indiscretum
506 1174 582 1226 esse,
603 1163 631 1215 et
651 1158 695 1231 pi·
746 1159 832 1216 dicus
852 1159 948 1217 factus
963 1167 1020 1232 est,
1034 1162 1071 1218 de
1086 1164 1345 1239 complexionibus
1360 1166 1509 1240 loquitur:
1535 1169 1578 1226 in·

51 1265 120 1306 nam
135 1264 217 1317 vcro,
233 1248 262 1302 id
277 1253 323 1305 est
341 1249 496 1303 hominem
510 1246 691 1318 interiorem,
746 1248 901 1306 firmitates
923 1250 1069 1320 diversas,
1097 1252 1122 1308 si
1145 1257 1281 1311 teneatur
1304 1255 1419 1327 religio,
1440 1258 1577 1328 generari

51 1353 89 1394 ua
101 1337 274 1403 discretum,
286 1342 315 1393 ct
329 1337 511 1410 expeditum,
523 1335 692 1406 benignitas
746 1337 897 1410 praedicat.
915 1340 972 1396 Sed
985 1356 1078 1412 quare
1092 1342 1174 1400 hocf
1189 1346 1253 1399 Nou
1267 1346 1300 1400 ut
1310 1345 1423 1402 mederi
1432 1346 1511 1415 velit,
1524 1347 1578 1404 sed

51 1426 193 1485 lasmarit.
209 1429 280 1481 Ecce
295 1426 469 1494 claustrum,
479 1425 509 1479 id
524 1428 568 1480 est
580 1424 630 1481 Dei
643 1440 693 1480 ca·
747 1431 779 1481 ut
794 1427 929 1484 occidere
943 1430 1056 1501 possit:
1082 1446 1144 1487 non
1165 1434 1198 1488 ut
1211 1431 1402 1504 egritudines
1416 1438 1508 1504 curet,
1525 1435 1579 1492 sed

51 1519 168 1573 averunt
191 1516 293 1582 ambe,
313 1530 383 1570 cccc
404 1513 538 1586 undique
561 1513 693 1569 hostium
747 1520 780 1571 ut
794 1516 928 1572 securius
944 1517 1051 1575 inferat
1065 1525 1203 1577 mortem.
1225 1521 1309 1579 Videt
1324 1539 1360 1579 ex
1375 1522 1577 1581 subtractione

51 1604 176 1675 lamani,
189 1603 316 1678 quidam
340 1603 494 1660 minantur
508 1608 541 1659 ut
554 1606 692 1670 terreant,
748 1604 885 1661 ciborum
907 1605 1032 1662 luxuriae
1047 1609 1122 1664 vircs
1144 1625 1233 1682 posse
1257 1612 1362 1682 minui,
1378 1616 1407 1670 et
1429 1612 1498 1670 ideo
1515 1627 1579 1669 non

51 1711 60 1750 r
85 1693 169 1751 multi
184 1698 216 1749 ut
231 1693 391 1767 decipiant,
414 1693 589 1766 promittunt
603 1693 693 1749 etiam
713 1694 846 1768 ptardat
873 1694 982 1751 minari
1008 1696 1226 1767 egritudinem.
1251 1700 1344 1756 Timet
1367 1700 1462 1756 otium
1482 1701 1579 1774 perire

51 1787 195 1850 revertant,
211 1782 390 1838 insidiantur
405 1784 464 1838 fere
480 1798 587 1838 onrnes
601 1785 634 1839 ut
647 1798 692 1838 ra·
749 1788 778 1840 et
792 1783 1024 1841 somnolentiam
1045 1785 1177 1843 destrui:
1201 1791 1230 1845 et
1253 1787 1321 1846 ideo
1342 1787 1454 1847 laboris
1474 1789 1579 1847 intole-

51 1876 62 1930 1
77 1875 198 1930 1111111111
213 1874 383 1950 jectiscant,
400 1889 461 1929 11111
476 1879 518 1929 est
532 1874 585 1944 qni
597 1873 695 1942 saciat
747 1873 887 1943 rentiam,
904 1876 933 1930 et
952 1879 1094 1947 protensa
1106 1876 1276 1946 vigiliarum
1292 1879 1391 1951 spatia
1409 1879 1576 1953 praetendit.

51 1971 112 2021 test
127 1978 219 2035 usqae
242 1964 283 2019 ad
301 1979 394 2018 nizam
410 1964 588 2031 (Psatxm).
607 1965 694 2018 Extra
749 1962 846 2020 Credit
878 1978 915 2018 ex
954 1968 1130 2042 paupertate
1168 1966 1367 2024 humilitatem
1399 1969 1516 2038 nutriri,
1551 1973 1597 2026 et·

51 2053 280 2111 ,usexeuntibus
294 2052 457 2125 obstrepit;
473 2053 631 2108 intusrero
646 2068 693 2107 sa·
747 2052 814 2107 ideo
839 2052 945 2125 quaerit
972 2054 1146 2110 occasiones
1180 2056 1291 2129 quibus
1323 2056 1499 2114 humilitatis
1526 2058 1580 2114 im·
1607 2095 1610 2105 ·

66 2144 183 2200 occulto
197 2143 268 2198 recti
283 2142 389 2198 corde:
405 2142 508 2198 volant
522 2142 609 2213 ignea
624 2141 692 2209 tela,
749 2140 851 2213 pediat
864 2139 1039 2198 adventum.
1070 2145 1256 2216 «Paupertas
1268 2143 1359 2212 enirn,
1373 2148 1406 2202 ut
1420 2145 1461 2202 ait
1471 2146 1578 2203 beatus

51 2239 140 2292 rostes
154 2234 282 2300 eminae,
297 2234 465 2289 moriuntur
476 2232 579 2299 multi3
595 2232 694 2287 nullus
749 2230 1016 2301 Gregorius,bonis
1030 2233 1184 2289 mentibus
1199 2233 1274 2291 solet
1286 2250 1352 2291 esse
1367 2238 1466 2292 custos
1482 2236 1581 2293 hnmi-

51 2323 170 2380 aunius
184 2322 242 2378 diei
257 2322 425 2395 periculum
440 2321 566 2377 evadere
576 2324 692 2394 potest:
747 2321 870 2378 litatis.»
894 2323 962 2378 Haec
985 2323 1105 2380 assidue
1123 2323 1268 2397 replicare
1287 2325 1496 2383 claustralibus
1517 2342 1581 2383 non

51 2428 92 2480 us,
107 2411 248 2468 diabolus
267 2426 321 2483 per
343 2411 494 2484 quosdam
513 2411 550 2466 de
565 2409 694 2465 exercitu
748 2410 866 2477 desinit,
881 2412 945 2467 haec
960 2411 1097 2484 pluribus
1120 2413 1157 2469 de
1176 2414 1395 2472 renuntiatione
1407 2415 1515 2472 mundi
1529 2432 1580 2473 co-

50 2501 147 2558 alibus
162 2502 295 2557 minatur
309 2505 341 2556 ut
354 2504 459 2557 terreat
475 2516 536 2569 eos,
553 2515 607 2573 per
621 2499 695 2554 alios
749 2498 942 2569 gitationibus
957 2501 1121 2574 auteponit.
1139 2503 1161 2559 Ο
1176 2501 1322 2560 calliditas
1336 2503 1452 2577 antiqui
1465 2502 1579 2563 hostisl

53 2594 64 2646 t
84 2590 223 2662 decipiat,
240 2606 293 2663 per
319 2590 393 2646 alios
412 2589 557 2662 promittit
580 2594 613 2644 ut
627 2604 695 2661 per·
749 2587 933 2657 oingcnium
951 2589 1014 2645 sine
1029 2590 1186 2662 sapientia,
1202 2590 1257 2646 sed
1281 2607 1343 2647 non
1367 2592 1432 2648 sine
1447 2592 1579 2652 malitia!

51 2679 178 2752 reliquos
203 2678 360 2735 insidiatur
379 2683 411 2734 ut
436 2679 542 2752 rapiat.
566 2679 621 2736 Sed
643 2677 696 2751 qui
748 2675 966 2733 Abstinentiam
981 2680 1010 2732 et
1021 2678 1181 2749 jejunium,
1195 2684 1223 2735 et
1237 2683 1344 2735 caetera
1358 2696 1427 2752 quae
1442 2681 1580 2754 superius

51 2768 168 2826 inantur
182 2768 297 2824 homini
312 2768 442 2824 interiori
457 2773 486 2823 et
503 2767 638 2824 exteriori
653 2767 696 2822 in·
748 2763 889 2833 diximus,
917 2765 1052 2835 damnat,
1079 2768 1108 2822 et
1135 2781 1189 2839 per
1223 2766 1280 2824 ista
1312 2770 1453 2825 naturam
1481 2768 1580 2825 carnis

57 2860 123 2930 jam
138 2859 319 2914 munitiones
342 2857 459 2930 positis,
473 2858 518 2913 vel
539 2857 629 2913 etiarn
645 2856 696 2912 ali·
748 2853 874 2910 delicere
900 2854 1015 2921 esuriit,
1043 2858 1073 2911 et
1100 2858 1201 2912 tamen
1232 2856 1445 2929 superfluitatis
1472 2857 1580 2915 vitium

51 2948 112 3004 ide
124 2946 342 3004 renuntiatione
359 2947 458 3003 saeculi
474 2946 694 3016 cogitantibns;
749 2947 835 3011 tacet,
865 2959 919 3016 per
947 2942 1032 3016 quod
1056 2947 1165 3001 natura
1191 2944 1363 3014 suffocatur,
1390 2945 1438 3002 vel
1465 2947 1582 3004 excedit

51 3038 133 3094 udiat
154 3037 272 3093 bonitas
288 3042 395 3093 restra.
411 3040 485 3093 Cum
505 3036 622 3108 aliquis,
639 3035 697 3091 fra·
715 3073 735 3128 C
750 3031 894 3087 terminos
927 3046 1008 3087 suos.
1048 3032 1103 3102 Sic,
1140 3048 1159 3088 o
1195 3031 1312 3102 tratres,
1347 3033 1454 3090 mundi
1487 3033 1579 3107 hujus

51 3127 281 3196 imi,claustrum
292 3124 505 3195 intraverit‚vel
515 3142 585 3181 cum
596 3125 695 3180 adhuc
749 3120 888 3193 princeps
902 3117 1017 3175 homini
1031 3119 1178 3192 exteriori,
1193 3119 1224 3176 id
1240 3125 1283 3176 est
1302 3121 1395 3194 carni,
1410 3137 1465 3196 per
1485 3121 1582 3180 delec-

51 3219 105 3275 hoo
127 3217 248 3284 saecule,
264 3217 445 3273 admonente
461 3215 585 3288 Spiritus
600 3214 695 3271 sancti
749 3208 891 3266 tationem
915 3209 1124 3283 temporalium
1149 3209 1281 3267 minatur
1294 3215 1328 3268 ut
1343 3214 1459 3284 terreat,
1476 3212 1518 3269 sic
1538 3212 1582 3270 lo-

51 3309 255 3367 enuntiatione
271 3308 377 3363 mundi
393 3307 481 3377 hujus
497 3304 611 3378 aliquid
625 3321 695 3361 cum
750 3315 818 3355 cum
834 3297 1010 3356 munitionis
1024 3298 1240 3369 aggrediturin
1252 3315 1315 3373 quo
1324 3301 1408 3358 novit
1422 3317 1486 3358 esse
1500 3301 1582 3359 dehi-

51 3399 185 3456 ementis
209 3398 337 3466 cogitare
357 3395 489 3468 coeperit,
506 3399 576 3451 tunc
590 3393 696 3450 mundi
749 3388 865 3446 liorem.
890 3389 948 3446 Sed
961 3387 1054 3445 homo
1066 3388 1188 3446 interior
1207 3388 1353 3447 discretus
1371 3395 1400 3447 et
1414 3390 1581 3465 expeditus,

53 3504 106 3562 eps
116 3503 169 3560 per
179 3486 406 3542 delectationem
422 3483 632 3557 temporalium
642 3483 696 3539 mi·
751 3478 862 3535 scilicet
885 3478 997 3548 anima,
1020 3479 1165 3535 excitatus
1190 3480 1320 3536 tumultu
1340 3479 1503 3550 minarum,
1520 3480 1583 3538 sine

51 3626 52 3632 ,
67 3593 121 3651 per
134 3576 323 3648 voluptatum
334 3574 492 3631 varietates
506 3578 632 3629 terrores
646 3588 696 3628 ac·
751 3583 836 3623 mora
850 3582 933 3624 soora
945 3567 984 3623 ad
994 3567 1203 3623 defensionem
1215 3566 1399 3638 adjungitur,
1411 3567 1541 3642 implens
1551 3569 1584 3624 rl·

51 3667 158 3723 naliter
180 3671 280 3721 autem
303 3680 356 3736 per
378 3663 604 3719 delectationem
625 3666 698 3718 tem·
750 3655 804 3712 lud
825 3656 909 3728 quod
930 3655 1036 3712 heatus
1066 3654 1243 3711 Ambrosius
1263 3655 1335 3712 dicit
1352 3654 1390 3712 de
1412 3672 1483 3713 arca
1500 3659 1580 3713 Noe:

51 3756 179 3828 tutiquus
191 3754 284 3810 hostis
306 3752 412 3808 minari
426 3767 488 3808 non
502 3751 627 3819 desinat,
644 3765 698 3807 no·
753 3745 850 3801 «Boni
872 3744 1005 3801 custodis
1025 3743 1194 3817 praesentia,
1210 3743 1317 3817 inquit,
1337 3743 1379 3800 ibi
1401 3743 1584 3818 frequentior

51 3845 149 3903 ›rsitan
163 3859 225 3902 non
240 3843 294 3900 crit
307 3840 419 3898 inutile.
751 3839 804 3903 est,
821 3833 873 3890 ubi
884 3833 962 3890 muri
976 3832 1142 3902 fragiliores
1157 3835 1262 3890 sunt.»
1276 3832 1397 3904 lh'grum
1408 3833 1533 3905 socium,
1544 3848 1583 3891 na

752 3922 882 3994 deficiat,
894 3923 1052 3992 hortatur3
1066 3921 1235 3980 Salomonis
1247 3921 1339 3980 utitur
1348 3922 1472 3982 consilio
1481 3923 1583 3981 1111111·

752 4012 805 4069 tis:
832 4013 905 4083 Fili,
932 4011 1074 4069 accedens
1098 4012 1332 4070 adservantem
1354 4013 1584 4087 [introrepere

753 4103 883 4160 animam
899 4106 981 4158 taam
996 4102 1037 4158 ad
1049 4101 1226 4159 tentationes
1249 4102 1355 4173 (dccli.
1371 4102 1417 4175 n)3
1440 4101 1527 4160 docet
1540 4118 1586 4160 re·

754 4190 934 4249 tionabiliter
947 4190 1151 4259 indiscretum,
1167 4189 1295 4262 qualiter
1317 4190 1463 4247 sustinere
1477 4190 1587 4249 debeat

54 4298 69 4337 ³
90 4281 200 4337 etenim
227 4281 403 4337 exteriorem
427 4277 592 4345 hominem,
607 4275 638 4331 id
657 4278 702 4330 651
757 4282 856 4339 minas
878 4280 1030 4348 hostium3
1058 4279 1210 4349 religionis
1238 4278 1355 4335 bonum
1383 4280 1585 4351 commendat,

51 4374 150 4428 »stram
173 4372 276 4443 (quam
299 4371 386 4445 pigro
401 4375 429 4426 ct
442 4368 603 4425 indiscreto
619 4353 702 4421 ⁸0010
757 4369 963 4428 delectationis
973 4384 1042 4425 vero
1053 4368 1192 4443 pessimae
1205 4367 1311 4425 vidum
1324 4367 1468 4438 damnat;
1484 4371 1588 4426 monet

51 4460 286 4536 imperavimus),
295 4459 489 4516 delectatione
501 4456 641 4514 diabolus
653 4470 703 4524 ag·
718 4427 740 4482 D
756 4476 827 4518 eum
840 4475 879 4516 ne
892 4459 1049 4516 exhorreat
1063 4456 1287 4514 fluctuationem
1309 4456 1377 4514 vita
1398 4457 1499 4530 hujus,
1515 4457 1589 4532 quia

51 4549 146 4607 raucit
157 4548 182 4604 ci
197 4546 349 4617 religionis
363 4547 491 4603 formam
504 4552 532 4602 ct
546 4549 703 4602 cousuetu-
758 4550 798 4607 ad
812 4553 932 4621 tempus
944 4552 998 4617 est,
1013 4545 1169 4620 sedponst
1180 4545 1347 4603 anchoram
1359 4545 1433 4619 spei,
1447 4549 1476 4604 et
1489 4546 1586 4604 dicat:

51 4640 109 4697 lem
125 4637 317 4694 adversantes
333 4634 434 4702 carni;
449 4635 579 4691 ostendit
592 4635 620 4691 ei
635 4650 703 4708 pro·
759 4639 946 4709 Easpectabo
971 4653 1037 4693 eain
1061 4637 1114 4707 qai
1136 4637 1254 4692 salvam
1279 4651 1326 4691 me
1342 4635 1416 4706 fecit
1435 4650 1454 4692 a
1474 4636 1589 4706 pissino

51 4729 198 4786 cultatem.
220 4730 253 4782 Et
275 4742 345 4782 cum
358 4725 415 4780 hac
430 4723 540 4790 fecerit,
554 4727 704 4795 quantum
759 4729 859 4783 ercinia
873 4731 900 4781 et
917 4729 1098 4793 tempestate,
1115 4739 1175 4778 nan
1198 4722 1281 4777 dabit
1306 4722 1383 4777 enim
1399 4723 1431 4777 in
1445 4728 1590 4780 aternum

51 4835 96 4874 rm
111 4821 253 4891 prompta
266 4816 409 4872 humana
420 4816 535 4869 naturae
550 4811 704 4880 fragilitas,
757 4813 1075 4884 stuctnatianemjnsta
1091 4811 1186 4879 (Psal.
1201 4810 1265 4879 nv).
1283 4811 1421 4865 flortatur
1433 4809 1541 4869 iterum
1556 4813 1591 4868 il-

77 4907 168 4964 vestis
191 4906 393 4980 asperitatem,
416 4902 483 4959 lecti
498 4899 649 4968 duritiam,
666 4900 708 4956 vi·
760 4902 825 4957 lum
845 4915 883 4956 ne
907 4897 1096 4955 contristetur
1115 4896 1146 4951 in
1165 4895 1374 4954 exercitatione
1389 4914 1455 4969 sua,
1470 4916 1508 4958 ne
1523 4916 1593 4958 con-

51 5012 102 5053 um
117 4994 332 5062 assiduitatem,
348 4992 460 5051 laboris
475 4989 705 5059 intolerantiam,
760 4990 896 5047 turbetur
910 5003 928 5045 a
940 5001 1014 5043 voce
1028 4983 1151 5054 inimici,
1168 4989 1196 5041 et
1218 5000 1238 5041 a
1252 4983 1441 5045 abnaumc
1454 4993 1593 5063 peccato·

50 5081 708 5155 ncrudelitatem,fratrumdiscordiam,men·
761 5079 813 5152 ris,
829 5077 882 5134 sed
894 5076 992 5132 dicat:
1016 5077 1150 5132 Paratus
1164 5089 1230 5131 snm
1244 5080 1272 5132 et
1285 5092 1346 5133 nan
1361 5092 1427 5135 snm
1442 5080 1592 5149 turbatas,

51 5179 92 5233 111
107 5175 220 5232 oculos.
233 5174 321 5230 hddit
334 5173 425 5230 etiam
436 5171 528 5242 longa
537 5169 708 5241 vigiliarum
763 5175 797 5224 st
820 5166 985 5225 custodiam
1006 5164 1152 5221 mandata
1172 5170 1225 5221 tna
1243 5164 1337 5235 (Psat.
1359 5166 1467 5237 111111).
1493 5165 1542 5221 llis
1566 5168 1595 5222 ct

51 5282 94 5323 rm
105 5266 212 5340 spatia,
222 5263 342 5320 claustri
349 5262 482 5328 taedium,
490 5262 665 5318 constitutas
673 5258 711 5314 si·
764 5257 829 5314 aliis
845 5254 945 5312 multis
960 5253 1160 5312 incitamentis
1173 5254 1267 5312 homo
1287 5254 1408 5312 interior
1423 5254 1596 5311 consolatur

51 5373 70 5425 s,
81 5356 188 5429 jejunii
203 5353 438 5420 diuturnitatem,
450 5355 479 5407 et
492 5351 629 5407 ciborum
643 5349 711 5406 licet
764 5347 950 5414 exteriorem,
978 5345 1046 5402 licet
1073 5359 1143 5401 cum
1170 5360 1205 5400 eo
1238 5344 1441 5417 impugnetur,
1468 5347 1496 5400 et
1526 5357 1597 5401 can·

51 5446 243 5503 tractionem.
268 5446 301 5498 Et
324 5445 356 5497 ut
378 5440 497 5512 gravius
512 5444 629 5509 terreat,
643 5443 672 5497 et
686 5437 712 5494 si
764 5438 899 5495 turbetur
924 5436 955 5493 in
983 5434 1192 5493 exercitatione
1227 5433 1282 5489 sui.
1313 5434 1388 5489 Cum
1416 5431 1497 5490 enim
1526 5446 1597 5490 caro

51 5552 53 5589 ;
76 5536 114 5592 ad
137 5532 378 5608 desperationem
402 5530 564 5603 pertrahat,
582 5529 657 5602 quid
675 5543 712 5583 ex
765 5526 797 5582 in
819 5541 850 5582 se
869 5525 1026 5596 affligetur,
1051 5523 1099 5581 vel
1125 5520 1314 5580 saecularium
1337 5519 1497 5578 hominum
1519 5520 1597 5595 patl-

51 5639 76 5681 re
100 5625 171 5681 mali
186 5626 278 5697 queat
301 5621 456 5690 diligenter
467 5619 599 5692 inquirit,
614 5623 643 5674 11
661 5633 713 5675 an·
767 5620 815 5673 tur
839 5614 984 5684 conrida,
1010 5621 1079 5670 tnnc
1109 5613 1227 5668 «homo
1241 5608 1372 5680 interior,
1388 5615 1421 5667 ut
1436 5609 1477 5668 ait
1489 5610 1597 5670 beatus

51 5713 137 5775 mnia
149 5714 206 5774 ista
224 5709 418 5772 imbecillitati
430 5709 529 5772 carnis
538 5707 714 5770 1111111111
768 5704 962 5778 hugmtinus,
977 5703 1103 5766 affectus
1115 5699 1216 5770 tedio,
1230 5703 1259 5756 et
1269 5698 1435 5762 multorum
1447 5700 1531 5763 rabie
1543 5701 1598 5762 cfr-

51 4051 158 4109 naliter
174 4065 230 4121 per
243 4048 468 4106 delectationem
488 4044 698 4114 temporalium

51 4139 184 4196 diabotus
198 4138 311 4194 vicinari
324 4152 383 4193 nan
397 4135 524 4192 desinat.
