3742 6082
119 170 193 233 libb
582 167 753 224 APPENDIX
771 166 819 223 AD
848 162 1003 222 HUGONIS
1029 162 1145 219 OPERA
1162 163 1373 223 nonnanes.
1768 168 1826 224 lin

120 294 177 360 tur,
193 291 317 364 quando
332 307 418 348 mens
434 291 585 349 desiderio
608 308 708 348 rerum
735 289 948 365 temporalium
963 293 984 344 ,l
1007 287 1053 343 Ait
1067 287 1166 344 enim:
1183 288 1285 345 Oleum
1296 290 1333 346 de
1345 289 1443 360 capite
1457 293 1508 344 tuo
1522 304 1581 345 non
1592 288 1717 358 decifiu
1733 289 1827 362 (dccli.

121 381 208 437 anxie
223 381 382 437 cruciatur.
396 383 483 450 Ecce,
497 380 746 452 iuquit‚partucit
757 381 949 451 injustitiam,
1006 376 1055 448 rx).
1074 377 1155 432 Unde
1169 377 1327 447 Gregorius
1343 395 1350 433 ε
1368 401 1382 428 c
1398 381 1462 434 Non
1477 377 1598 435 deficiat
1611 378 1716 434 oleum
1731 378 1770 435 de
1788 397 1830 436 ca·

121 470 408 539 commendatorem,
431 475 459 525 et
483 469 602 539 peperit
628 469 816 540 iniquitatem
842 464 948 538 (ibid).
1005 466 1075 539 pite,
1092 485 1107 517 s
1122 466 1153 522 id
1167 472 1220 535 est,
1235 467 1366 524 charitas
1377 467 1414 523 de
1429 471 1539 523 mente.

121 558 263 630 Concepit
283 557 418 613 dolorem
446 556 517 612 mali
541 556 680 612 desiderii
710 556 740 612 in
761 554 950 626 cogitatione,
1195 558 1262 614 Cur.
1278 559 1330 612 XX.
1346 558 1390 613 De
1402 556 1505 613 dolore
1519 557 1649 613 verticis.

120 646 247 720 parturit
260 645 437 717 injustitiam
453 645 715 703 circumveniendo
727 645 849 702 tratrem
864 644 895 699 in
908 642 951 698 lo·
1042 644 1336 700 Concorteturdolor
1349 645 1414 713 ejus
1430 645 1462 700 in
1474 649 1564 713 caput
1579 647 1656 714 ejus,
1681 652 1709 702 et
1726 647 1758 703 in
1774 662 1833 704 uer-

121 735 248 800 cutiona,
264 732 343 789 male
359 734 544 806 possidendo
570 734 685 806 peperit
708 733 896 807 iniquitatem
919 730 949 785 in
1006 733 1090 788 licem
1102 732 1194 801 ipsius
1209 733 1353 803 iniquitas
1368 735 1432 802 eius
1444 732 1701 800 descendcttPsal.
1719 739 1778 803 ru).
1791 739 1837 793 Su

121 821 303 895 operatione.
320 822 370 879 Hic
387 827 488 878 autern
515 822 601 879 dolor
629 823 793 896 aliquando
816 819 951 878 nascitur
969 860 973 865 ψ
1005 820 1106 894 parius
1117 820 1247 877 diximus
1261 826 1351 895 caput
1363 821 1511 877 interioris
1526 820 1660 879 hominis
1677 839 1746 880 esse
1759 841 1836 881 men·

121 927 158 968 ex
173 911 281 980 calore,
310 912 475 985 aliquando
490 929 528 969 ex
549 916 675 969 tumore.
694 912 779 970 Calor
793 909 950 967 est'nimiae
1006 914 1077 977 tcm,
1093 925 1174 965 nunc
1189 913 1290 966 autem
1304 909 1447 966 verticem
1464 909 1569 982 capitis
1593 926 1762 983 possumus
1787 930 1834 986 ap

121 1001 292 1074 cupiditatis
308 1002 408 1071 ardor,
427 1002 561 1073 utigitur
576 1018 668 1058 sanus
683 1001 750 1072 fias,
767 999 863 1057 morbi
890 1015 953 1054 ma·
1005 999 1118 1072 pellarc
1131 998 1238 1054 mentis
1252 998 1410 1055 rationem.
1429 998 1509 1056 Sicut
1525 998 1606 1055 enim
1620 1005 1724 1057 vertex
1736 1003 1835 1076 capitis

121 1089 226 1147 teriam
243 1089 418 1146 subtrahere
428 1107 489 1147 nou
504 1090 634 1147 omittas.
660 1091 817 1161 Dispersit,
844 1086 950 1160 inquit,
1005 1087 1038 1144 in
1053 1087 1189 1143 dextram
1200 1091 1229 1142 et
1241 1086 1392 1142 sinistram
1425 1090 1544 1160 partem
1571 1088 1698 1161 capillos
1725 1088 1835 1160 dividit,

121 1179 203 1236 dedit
221 1180 416 1250 pauperibus,
426 1181 548 1250 justitia
559 1182 623 1250 ejus
638 1184 739 1236 manet
753 1181 783 1235 in
811 1180 952 1233 sarculum
1007 1175 1049 1231 sic
1063 1175 1139 1231 ratio
1153 1175 1264 1232 mentis
1277 1175 1375 1231 bonas
1394 1174 1529 1234 etmalas
1555 1176 1756 1248 cogitationes
1781 1178 1835 1234 dis·

121 1269 235 1337 saeculi,
250 1272 305 1324 etc.
336 1270 431 1337 (Psoi.
459 1268 525 1340 cur).
552 1268 608 1334 Qui
630 1268 815 1342 pauperibus
840 1265 951 1332 tribuit,
1008 1264 1110 1320 ceruit.
1127 1267 1159 1319 lu
1184 1263 1324 1319 verticem
1351 1263 1483 1320 hominis
1510 1263 1655 1337 iniquitas
1676 1265 1837 1335 descendit,

121 1356 233 1413 nullius
245 1357 418 1429 temporalis
427 1357 580 1413 commodi
594 1356 820 1413 retributionem
837 1355 951 1429 quaerit.
1007 1354 1082 1411 dum
1096 1352 1209 1410 malitia
1222 1353 1337 1427 peccati
1351 1354 1500 1411 rationem
1511 1354 1568 1411 sibi
1584 1355 1758 1427 subjectam
1779 1372 1838 1430 pre-

125 1445 154 1502 Si
181 1445 271 1516 igitur
291 1446 447 1517 largiendo
461 1463 530 1520 quae
558 1446 707 1519 possides,
737 1443 953 1517 contempseris
1008 1444 1072 1501 mit.
1086 1442 1143 1500 Sed
1155 1443 1219 1503 haec
1232 1443 1391 1501 infirmitas
1403 1444 1531 1513 verticis,
1542 1444 1573 1500 id
1583 1449 1626 1501 est
1639 1447 1758 1518 vertigo
1768 1446 1840 1519 capi

122 1535 283 1602 mundum,
312 1535 408 1592 anxiae
435 1535 606 1608 cupiditatis
630 1535 748 1590 minues
775 1534 968 1607 appetitum.¹
1009 1534 1046 1591 tis
1068 1534 1125 1589 hoc
1153 1532 1246 1589 modo
1258 1532 1332 1589 solat
1346 1532 1420 1600 fieri,
1444 1537 1477 1589 nt
1498 1533 1630 1606 caputin
1645 1533 1836 1608 duaspartes

123 1627 180 1680 Nec
191 1628 307 1680 tautum
323 1624 481 1680 materiam
496 1623 595 1680 morbi
610 1622 777 1692 subtraheS,
795 1622 849 1678 sed
863 1622 989 1695 etiamg
1010 1621 1157 1678 videatur·
1175 1621 1280 1678 scindi.
1310 1626 1342 1677 ln
1364 1621 1441 1678 duas
1456 1627 1555 1695 partes
1569 1625 1661 1694 caput
1686 1621 1838 1691 scinditur,

123 1712 190 1769 oleo
203 1728 325 1768 rosaceo
351 1717 441 1786 caput
468 1728 574 1783 unges,
602 1712 777 1783 hujusmodi
806 1711 954 1785 siquidem
1009 1711 1084 1767 dum
1099 1711 1174 1767 ratio
1190 1710 1298 1766 mentis
1313 1709 1353 1767 ad
1363 1711 1480 1767 diversa
1494 1711 1630 1784 partitur.
1646 1712 1772 1786 Oportet
1794 1728 1839 1768 au·

124 1800 207 1857 olum
223 1800 337 1872 frigidae
353 1802 585 1858 naturredicitur
600 1817 674 1858 esse.
691 1805 856 1857 Rosacenm
883 1816 955 1856 vero
1010 1803 1071 1856 tem
1084 1800 1108 1855 si
1124 1801 1187 1855 brec
1200 1799 1358 1856 infirmitas
1384 1800 1539 1872 contingat
1566 1799 1666 1871 alicui,
1690 1804 1727 1858 ut
1756 1806 1839 1875 caput

124 1888 224 1946 oleum
236 1894 280 1945 est
292 1906 380 1945 cruor
405 1896 582 1963 martyrum.
601 1893 676 1946 llum
703 1891 783 1946 enirn
798 1889 954 1963 passiones
1009 1888 1122 1945 infirmi
1138 1888 1210 1945 vitta
1222 1904 1257 1944 ao
1270 1888 1408 1959 luscinii
1422 1893 1467 1945 est
1477 1889 1670 1963 pannulinco
1679 1889 1838 1961 iubeamus

125 1983 297 2035 sauctorum
319 1978 402 2050 legis,
429 1980 495 2035 oleo
521 1996 645 2036 rosaceo
670 1984 760 2052 caput
771 1979 868 2050 ungis.
898 1979 955 2036 Sed
1010 1978 1125 2047 stringi.
1137 1981 1231 2051 Caput
1245 1982 1347 2034 autam
1360 1978 1444 2049 vitta,
1470 1978 1634 2053 valpanuo
1651 1978 1734 2036 lineo
1763 1981 1840 2037 strin-

125 2069 401 2141 antequamoleum
416 2069 559 2126 infundas
582 2074 698 2143 oportet
722 2074 813 2144 caput
838 2069 953 2137 radere,

124 2157 156 2215 id
171 2163 224 2226 est,
240 2159 393 2232 superflua
408 2176 552 2231 resecare,
566 2164 594 2215 et
606 2161 646 2215 sic
661 2159 773 2216 iaciens
789 2159 878 2215 simul
893 2175 956 2215 rna-

126 2247 229 2304 teriam
241 2248 338 2304 morbi
349 2249 490 2321 destruis,
507 2253 535 2304 et
547 2249 680 2304 lomento
692 2248 791 2319 frigidi
815 2249 873 2304 olei
898 2248 955 2304 ter-

126 2354 229 2393 rorem
244 2338 379 2394 calorum
393 2338 513 2411 premis.
531 2341 611 2408 Euge
625 2338 714 2408 igitur
729 2344 835 2394 aestum
846 2338 954 2405 caruis,

126 2442 227 2499 quiere
246 2426 388 2482 umbram
403 2428 511 2482 divinae
538 2427 739 2499 protectionis.
771 2431 853 2498 Roga
876 2444 957 2483 sum-

127 2530 212 2570 mum
226 2514 389 2579 medicum,
406 2514 514 2571 etdic:
542 2517 677 2587 Domine,
705 2518 840 2588 Domine,
861 2518 956 2572 virtus

1010 2066 1099 2137 gitur,
1110 2067 1184 2123 dum
1200 2082 1284 2122 mens
1298 2067 1380 2139 vitta,
1391 2067 1422 2123 id
1447 2070 1492 2123 est
1519 2067 1657 2125 doctrina
1671 2070 1839 2126 correctricc

1009 2155 1128 2226 ligatur.
1147 2155 1298 2211 docenim
1311 2156 1510 2212 medicamine
1537 2157 1647 2228 agitur,
1674 2162 1709 2215 ut
1737 2158 1839 2215 mentis

1010 2244 1085 2300 ratio
1100 2243 1139 2299 ad
1152 2260 1248 2299 unum
1258 2243 1423 2316 colligatur.
1440 2245 1522 2301 Unde
1538 2250 1566 2302 ct
1578 2245 1757 2304 Psalmista:
1793 2248 1839 2303 Ve-

1011 2339 1181 2388 rumtamen
1191 2333 1269 2388 Deus
1283 2334 1453 2405 confringet
1464 2336 1565 2405 capita
1577 2336 1770 2392 inimicorum
1785 2351 1841 2391 sero

1012 2438 1090 2489 rum,
1105 2425 1245 2479 verticem
1260 2424 1367 2492 capitis
1381 2423 1508 2495 [capilli]
1516 2424 1801 2494 perambulantium
1815 2427 1840 2480 in

1012 2512 1128 2568 delictis
1142 2512 1202 2567 suis
1215 2511 1311 2583 (Psal.
1326 2513 1422 2585 rursu).
1441 2513 1544 2586 Capita
1569 2513 1766 2570 inimicorum
1780 2518 1841 2570 sunt

127 2604 234 2659 salietis
249 2620 328 2672 crea,
342 2605 527 2661 obumbrasti
537 2620 627 2675 super
639 2611 730 2675 capnt
756 2622 851 2661 merim
867 2607 958 2662 indie
1012 2606 1128 2658 mentes
1152 2601 1363 2675 superborum,
1395 2608 1493 2659 vertex
1520 2603 1619 2676 capilli
1649 2609 1694 2660 est
1718 2605 1842 2661 versutia

129 2692 263 2750 belli.Ne
296 2695 399 2750 tradas
419 2711 465 2751 me
493 2711 511 2751 a
541 2695 687 2752 desiderio
708 2711 771 2752 meo
793 2698 956 2766 peccatori,
1013 2691 1213 2765 questionum
1242 2691 1273 2748 in
1300 2691 1502 2766 disputatione
1532 2693 1644 2751 subtili.
1679 2696 1755 2761 Qua
1780 2694 1842 2751 ideo

128 2783 183 2837 etc.
213 2782 307 2849 (Paul.
333 2784 462 2854 cxxxrx.)
490 2783 628 2855 nepetino
658 2783 789 2839 nominis
817 2785 958 2840 allectum
1013 2780 1229 2854 vertexcapilli
1247 2774 1312 2838 esse
1338 2781 1455 2848 dicitur,
1467 2783 1539 2855 quia
1549 2797 1603 2854 per
1614 2784 1786 2856 quamdam
1811 2784 1842 2839 si-

128 2870 250 2926 suscitat
265 2871 395 2944 pietatis.
416 2873 643 2945 Virtnainqnit,
658 2875 766 2930 salutis
781 2890 862 2930 merc.
893 2879 958 2948 lpse
1013 2869 1224 2933 militudinem.
1240 2869 1394 2927 subtilitati
1404 2870 1583 2943 capillorum
1596 2871 1753 2929 moraliter
1767 2888 1842 2929 com·

129 2960 209 3015 enim
224 2960 342 3017 cuilibet
356 2962 471 3019 homiui
483 2962 535 3018 rlat
547 2963 624 3018 rires
639 2963 783 3018 srrlrandi.
800 2964 867 3033 lpse
880 2965 958 3020 arim
974 2994 994 3050 C
1013 2964 1147 3034 paratur.
1161 2962 1234 3017 Cum
1248 2964 1349 3016 autem
1362 2976 1449 3016 mcns
1463 2977 1517 3034 per
1542 2961 1679 3017 diversas
1705 2963 1842 3035 quaestio·

129 3054 170 3106 cst
187 3052 350 3121 refragium,
364 3058 389 3107 ct
401 3053 497 3108 rrirtus
527 3054 653 3122 adjutor
673 3054 703 3109 in
714 3055 959 3110 tribulationibus
1014 3064 1069 3104 nos
1083 3047 1243 3120 spargitur,
1260 3046 1325 3105 lites
1340 3056 1532 3119 generantur.
1549 3050 1605 3107 Sed
1617 3054 1650 3106 ut
1664 3050 1786 3116 dicitur,
1812 3049 1842 3106 lis

129 3142 385 3211 quaeincenerunt
399 3158 451 3198 nos
466 3145 554 3198 circis
569 3143 661 3213 (Psal.
675 3145 752 3214 xiv).
771 3144 961 3200 Obumbrasti
1014 3154 1068 3212 per
1080 3137 1161 3194 litem
1176 3136 1255 3193 male
1270 3137 1429 3194 dirimitur.
1446 3140 1567 3212 Oportet
1591 3144 1693 3196 autem
1722 3156 1761 3197 ne
1780 3139 1841 3196 huic

129 3242 219 3298 super
230 3236 320 3297 caput
332 3245 427 3286 merem
441 3234 470 3285 in
487 3232 535 3288 die
551 3232 630 3288 belli.
646 3231 711 3287 ltics
721 3232 791 3287 belli
806 3238 852 3289 est
874 3249 959 3306 pros·
1014 3226 1178 3283 infirmitati
1189 3225 1334 3283 auxilium
1345 3227 1501 3284 medicinae
1511 3228 1673 3301 desit,quia
1687 3229 1840 3301 hujusmo

129 3317 239 3389 peritas
254 3319 369 3373 nrundr.
388 3321 459 3384 Quae
470 3320 533 3374 dies
558 3319 626 3376 belli
650 3337 717 3378 esse
743 3321 862 3392 dicitur,
887 3323 960 3395 quia
1014 3317 1046 3373 di
1060 3316 1185 3373 morbus
1199 3314 1281 3372 velut
1293 3331 1400 3372 vancer
1411 3317 1842 3391 serpit-Undeperdposlolum

130 3418 201 3458 caro
213 3403 358 3460 advorsus
371 3406 509 3478 spiritum
522 3407 552 3462 in
566 3424 601 3463 eo
616 3410 749 3480 quotidie
778 3415 903 3483 pugnat,
932 3416 960 3467 et
1015 3406 1122 3462 dicitur
1131 3405 1169 3461 ad
1184 3404 1372 3461 Timotheum
1385 3423 1391 3461 :
1403 3407 1576 3478 Prasancet
1585 3408 1841 3479 vaniloquiadeci·

130 3492 280 3550 multoties
294 3494 367 3551 alter
381 3496 420 3552 ab
435 3495 527 3553 altero
540 3503 708 3570 superatur.
732 3500 818 3556 Calor
843 3501 902 3557 diei
915 3505 961 3558 est
1015 3503 1056 3567 ta,
1071 3497 1200 3553 mraltum
1216 3496 1293 3552 enim
1304 3497 1470 3566 proficiunt
1485 3498 1525 3554 acl
1539 3499 1735 3569 impietatem,
1750 3502 1778 3554 et
1791 3512 1843 3554 scr

130 3581 212 3639 calor
227 3582 299 3639 mali
314 3583 462 3641 desiderii.
488 3587 668 3659 superponit
689 3587 778 3657 igitur
806 3589 906 3663 capiti,
929 3590 960 3646 id
1013 3587 1449 3656 mororumutcancerserpit
1473 3585 1600 3658 (HTim.
1631 3586 1672 3658 u).
1703 3588 1741 3642 Et
1757 3584 1842 3659 paulo

130 3677 183 3741 est,
197 3674 289 3731 menti
306 3691 445 3731 summus
461 3676 596 3733 medicus
610 3677 762 3749 umbram,
779 3678 876 3750 idest,
904 3696 959 3753 pa·
1014 3679 1105 3747 post:
1120 3673 1238 3730 Stultus
1253 3678 1352 3731 atatem
1365 3679 1393 3730 et
1405 3675 1469 3731 sine
1481 3675 1644 3743 disciplina
1671 3677 1840 3747 questionu

129 3762 238 3820 tieutiae
249 3767 465 3837 perseverantis
482 3767 702 3835 sustinentiam,
717 3785 754 3824 ne
776 3769 887 3825 nimius
914 3787 961 3827 ca·
1014 3765 1123 3834 devita,
1140 3764 1235 3819 sciam
1249 3765 1321 3834 quia
1335 3770 1482 3834 penerant
1498 3764 1573 3820 lites.
1598 3763 1726 3820 Servum
1749 3768 1839 3821 autem

129 3851 255 3909 lormali
270 3853 408 3911 desiderii
419 3861 552 3912 mentem
565 3861 679 3927 grain,
706 3874 744 3913 ne
767 3874 785 3914 a
811 3858 959 3915 desiderio
1014 3854 1136 3908 libidini
1146 3868 1206 3908 '2⁰72
1221 3857 1337 3921 ‘limile‘
1351 3853 1549 3925 [illistresied
1569 3857 1761 3909 ’bammum
1788 3865 1841 3908 ⁶⁵³⁸

130 3957 187 3997 sno
204 3943 320 4013 justum
336 3945 484 4015 peccatori
498 3945 673 4003 conformet.
1014 3942 1055 3997 ad
1078 3956 1176 3997 omnes
1204 3941 1311 4013 (ibid).
1336 3941 1415 3998 Solet
1441 3946 1543 3997 autern
1562 3940 1733 3997 infirmitati
1743 3940 1841 3996 verace

165 4030 255 4086 Dolor
269 4031 359 4086 etiam
374 4032 479 4104 capitis
493 4050 529 4089 ex
542 4040 658 4091 tumore
672 4036 814 4103 nascitur,
843 4037 960 4111 quoties
1015 4027 1181 4086 dolentium
1196 4045 1304 4087 nocere
1330 4029 1564 4104 multiloquissm·
1583 4029 1641 4086 Sed
1665 4033 1697 4085 ul
1728 4028 1841 4085 infirffl⁰

129 4117 363 4176 exabundantia
377 4120 450 4177 boni
465 4122 698 4194 operisanimus
724 4125 877 4195 gloriatur.
906 4129 960 4183 Tu·
1015 4119 1180 4191 perlectum
1214 4119 1315 4191 possis
1341 4125 1482 4192 praestare
1506 4118 1685 4188 remedium,
1715 4133 1768 4191 pro
1791 4116 1842 4171 ele

129 4222 197 4263 mor
212 4207 360 4282 siquidem
376 4210 481 4283 capitis
496 4215 538 4266 est
553 4210 642 4268 elatio
653 4213 772 4271 mentis.
788 4218 819 4271 Et
832 4218 885 4287 qui
894 4216 960 4272 ode-
1015 4209 1130 4265 cluario
1156 4213 1185 4266 el
1206 4210 1373 4282 pharmaco
1401 4208 1515 4283 optimo
1535 4208 1580 4265 ori
1593 4209 1661 4280 ejus
1673 4208 1795 4283 impone
1810 4206 1842 4260 si-

130 4304 202 4354 runt
219 4304 246 4355 le
259 4300 434 4357 extulerunt
450 4307 540 4370 capul
554 4302 639 4372 (Psal
666 4304 784 4376 cxxxii).
815 4304 996 4398 &tollen-D
1015 4298 1150 4357 lentium.

130 4384 170 4442 tia
184 4385 289 4457 capitis
304 4392 350 4442 est
365 4388 508 4460 superbia
536 4390 656 4446 mentis.
688 4391 745 4457 Qui
766 4393 894 4449 oderunt
921 4399 958 4460 le,

129 4473 235 4544 iuquit,
251 4474 303 4544 qui
315 4475 421 4530 odiunt
430 4492 493 4531 non
508 4476 662 4534 obediunt.
675 4479 731 4543 Qui
744 4485 844 4536 autem
855 4480 959 4553 diligit,

128 4559 226 4615 libens
236 4559 347 4616 obedit.
365 4561 446 4618 Unde
463 4564 607 4619 llominus
623 4582 630 4619 ε
647 4566 768 4638 Siquis,
780 4567 886 4642 inquit,
915 4572 961 4627 di·
1052 4566 1182 4640 Capillus
1193 4582 1229 4624 ex
1244 4567 1328 4624 fumo
1343 4582 1448 4638 &0⁸⁵⁰
1459 4570 1488 4623 θῐ
1501 4565 1599 4622 ⁰⁸Jid0
1627 4570 1776 4632 nascitur.
1800 4563 1848 4637 ‘llll

131 4649 196 4720 ligii
223 4665 278 4718 me,
303 4665 466 4708 sermonem
490 4668 587 4709 nrenm
616 4655 758 4736 savara,
774 4658 867 4728 (loun.
890 4661 960 4734 riv).
1016 4673 1053 4713 ex
1063 4656 1157 4728 igneis
1167 4660 1195 4713 et
1210 4656 1338 4713 incensis
1351 4660 1396 4713 est
1409 4655 1599 4714 humoribus.
1616 4657 1682 4722 Quo
1698 4659 1848 4713 crescente

130 4737 277 4795 Exhibitio
293 4745 394 4797 autern
414 4740 513 4814 operis
541 4741 685 4801 indicium
710 4750 756 4802 est
783 4747 959 4806 dilectionis.
1016 4747 1314 4820 crescuutetcapilli,
1342 4750 1444 4821 utpote
1465 4746 1504 4802 ab
1533 4746 1598 4818 ipso
1626 4746 1742 4803 nutriti.
1773 4749 1849 4802 Hunc

119 4832 252 4903 .0portet
266 4835 367 4888 autern
383 4832 449 4888 oleo
464 4831 597 4890 violaceo
613 4840 704 4910 caput
717 4852 839 4907 ungere,
851 4844 884 4895 ut
894 4856 963 4912 pos·
1015 4838 1133 4894 fumum
1144 4836 1195 4910 qui
1211 4835 1383 4910 perdiderit,
1400 4839 1429 4892 et
1443 4835 1567 4909 capillos
1583 4834 1691 4908 perdit.
1710 4838 1768 4892 Pro
1783 4850 1849 4908 qna·

131 4919 171 4974 sis
187 4917 318 4975 calorem
334 4921 458 4977 tumoris
480 4922 627 4992 mitigare.
658 4925 740 4981 Viola
765 4932 809 4983 est
841 4928 962 4984 humilis
1015 4925 1096 4983 litate
1111 4941 1183 4995 ergo
1199 4925 1273 4981 fumi
1288 4924 1585 4998 eruntcapilli‚sicut
1599 4924 1629 4980 in
1654 4923 1762 4981 herbis
1776 4923 1848 4980 side

130 5008 432 5081 herba,quredumdc
446 5014 524 5067 terra
535 5013 740 5081 nascituram
752 5016 963 5088 proculnterra
1016 5032 1095 5082 mus,
1111 5031 1149 5071 ex
1164 5018 1247 5070 terrae
1264 5014 1404 5083 siccitate,
1421 5013 1468 5071 vel
1480 5014 1607 5069 humore
1615 5013 1847 5075 rarescentibus,

130 5096 306 5171 proceritate
322 5103 488 5170 separatur.
504 5099 608 5157 Oleum
624 5100 714 5171 igitur
725 5103 901 5160 humilitatis
916 5121 962 5162 se·
1016 5103 1063 5159 vel
1077 5118 1144 5158 sese
1159 5101 1439 5171 augmentaulibus.
1453 5100 1539 5167 Quod
1554 5101 1577 5156 si
1604 5099 1711 5156 furnus
1729 5101 1849 5158 omnino

130 5184 213 5241 dabit
228 5184 402 5258 superbiam
417 5186 533 5241 mentis.
558 5190 636 5245 Cave
671 5194 770 5246 tamen
795 5207 834 5248 nc
861 5192 963 5249 oleum
1016 5192 1151 5262 deluerit,
1160 5191 1504 5265 pereuntiuhominibus
1517 5189 1628 5263 capilli,
1639 5193 1668 5246 et
1678 5189 1760 5248 liunt
1770 5189 1849 5247 celsi.

130 5274 294 5346 peccatoris
323 5275 491 5348 impinguet
529 5281 620 5350 caput
652 5283 736 5334 tuum
765 5281 860 5348 (Psal.
888 5283 961 5354 cxi).
1017 5279 1394 5346 Quibusnullaemedicinae
1405 5279 1595 5345 subveniunt,
1606 5284 1639 5336 ul
1656 5280 1795 5353 amplius
1810 5295 1851 5336 co

132 5363 236 5420 Oleum
250 5364 416 5438 peccatoris
431 5369 474 5420 est
502 5365 743 5425 blandimentum
767 5368 961 5428 adulationis.
1016 5385 1074 5424 mre
1087 5369 1483 5426 crescanl.Siautemlumus
1495 5384 1532 5424 ex
1542 5373 1604 5425 tolo
1614 5370 1852 5434 nonamittatnr,

131 5455 191 5508 Hoc
207 5458 307 5510 autem
320 5457 470 5509 tumorem
483 5453 588 5526 capitis
601 5469 661 5508 nou
677 5455 813 5524 destruit,
843 5458 896 5514 sed
910 5475 963 5514 an·
1017 5458 1069 5513 sed
1080 5458 1177 5514 salum
1192 5474 1229 5513 ex
1244 5457 1345 5527 aliquo
1360 5460 1486 5516 humore
1507 5458 1668 5528 inficiatur,
1694 5458 1853 5515 iufirmitas

132 5545 182 5611 get
200 5541 341 5596 etnutrit.
358 5543 392 5597 Ut
407 5545 507 5599 autern
528 5539 568 5596 ad
593 5540 717 5612 plenum
746 5560 854 5602 sanare
866 5547 963 5619 possis
1016 5548 1157 5620 quaedam
1169 5548 1311 5615 nascitur,
1323 5565 1391 5622 quae
1407 5548 1544 5622 alopicia,
1563 5563 1615 5604 seu
1644 5547 1855 5622 alopeciam

132 5627 258 5686 tumoris
275 5628 431 5698 morbum,
448 5628 528 5685 habe
542 5633 640 5685 tecum
658 5630 826 5690 Salomonis
852 5635 961 5694 oleum.
1000 5638 1166 5706 ‚catunllic
1178 5643 1279 5697 autern
1289 5639 1414 5696 morbus
1429 5639 1497 5696 ideo
1509 5638 1640 5712 alopicia
1650 5638 1776 5712 dicitur,
1787 5638 1855 5714 qula

1159 4444 1226 4499 Cir.
1239 4445 1304 4499 xlll.
1320 4444 1365 4500 De
1379 4443 1499 4513 capillis
1518 4442 1707 4499 cadentibus.
