3742 6082
10 40 18 157 t

142 109 195 167 tae
636 112 690 170 Dll
707 113 992 175 SAGRAMEN'I'IS.
1012 110 1122 176 LIBRI
1141 115 1172 175 11
1189 118 1291 178 Plus
1308 119 1362 179 111.
1403 112 1406 115 ’
1798 125 1852 188 4ἳ6

144 236 306 308 discordet,
322 241 352 294 et
366 238 537 310 malignum
553 255 645 312 quem
659 256 713 314 per
725 245 883 314 acceptum
907 243 968 299 offl·
984 241 1011 297 A
1024 239 1264 317 Nathanael,qui
1276 246 1310 302 in
1317 246 1484 320 Evangelio
1497 246 1687 305 Salvatorem
1697 250 1845 320 confiteri,

143 326 223 381 cium
239 326 363 399 expellit
385 327 421 382 de
435 343 561 400 corpore
581 328 691 398 abeno,
706 345 760 402 per
784 331 969 387 munditiam
1026 331 1055 383 et
1070 329 1109 384 ab
1133 332 1201 404 ipso
1222 335 1335 392 meruit
1359 335 1536 407 collaudari,
1562 337 1680 394 dicente
1698 339 1847 396 Domino:

142 414 214 470 vitae
228 415 361 487 expellat
375 416 412 471 de
432 416 521 473 corde
543 432 608 473 suo.
635 418 677 473 Hi
700 433 769 474 cum
789 419 971 476 ordinantur
1024 421 1846 498 Ecceeerelrroetita‚tnquodoleanonesttloaun).

144 504 301 577 accipiunt
321 505 358 560 de
381 521 477 561 manu
499 507 632 579 episcopi
654 506 767 563 librum
794 509 972 581 exorcismo
1024 505 1080 561 Isti
1096 509 1295 567 subserviunt
1305 511 1418 583 levitis,
1434 517 1464 569 et
1475 530 1551 569 vasa
1570 515 1705 588 corporis
1726 517 1756 570 et
1780 528 1848 570 seu·

142 609 222 662 rum,
237 597 267 648 et
278 593 391 650 dicitur
414 595 474 650 eis:
500 595 635 667 Accipite
658 600 688 652 et
711 598 865 653 memoriae
890 612 969 653 com·
1024 595 1128 664 guinis
1142 596 1256 654 Christi
1271 600 1347 672 ipsis
1360 601 1399 657 ad.
1415 601 1509 658 altare
1524 602 1677 673 deferunt,
1690 605 1720 659 et
1733 603 1847 659 iterum

140 679 293 751 mandate,
310 687 339 738 et
353 683 500 739 habetote
514 687 697 756 potestatem
712 685 890 758 imponendi
905 701 969 742 ma·
1024 683 1169 741 referunt.

140 786 200 826 nus
216 787 309 842 super
322 787 554 843 energumenos,
566 773 631 829 sive
645 775 890 830 catechumenos.
1059 772 1103 828 De
1117 775 1231 846 quibus
1243 776 1367 847 quidem
1381 779 1526 836 Patribus
1539 780 1666 853 placuit,
1686 783 1723 837 ut
1736 781 1786 837 cui
1800 796 1848 837 sa·

175 862 345 918 Exoreistae
351 863 383 917 in
401 863 507 918 ordine
521 863 875 921 etministeriolloclesiae
888 880 971 921 cons·
1023 875 1075 915 cra
1088 863 1236 933 mysteria
1248 868 1448 936 contrectant,
1463 866 1560 938 legem
1576 869 1738 925 observent
1753 869 1848 926 conti·

142 951 203 1007 tuti
217 954 291 1006 sunt
306 951 474 1006 secundum
496 952 593 1007 officia
608 968 676 1024 quae
696 953 729 1008 in
752 955 865 1027 templo
886 954 968 1011 Salo·
1023 952 1146 1021 nentiae,
1156 952 1235 1007 sicut
1250 953 1398 1025 scriptum
1411 959 1457 1011 est
1469 973 1474 1010 :
1486 959 1702 1014 Mundamini
1713 959 1773 1028 qui
1784 959 1848 1028 fer·

140 1039 243 1094 monis
258 1043 346 1095 erant
360 1039 518 1111 disposita.
532 1040 606 1104 Quae
620 1041 773 1112 posterius
788 1038 970 1098 suntabEe-
1023 1042 1067 1095 tia
1091 1056 1171 1096 vaca
1182 1044 1315 1097 Domini
1336 1042 1414 1114 (lea.
1431 1044 1496 1114 cn).
1527 1046 1568 1101 Hi
1595 1046 1760 1118 intemplo
1787 1046 1848 1103 Do·

140 1127 195 1183 dra
211 1127 546 1201 dispertitaLeguntur
558 1129 639 1184 enim
650 1129 707 1185 sub
722 1130 810 1186 esdra
820 1132 915 1188 luisse
925 1148 970 1188 ac
1022 1130 1099 1184 mini
1114 1131 1284 1187 oblationes
1297 1133 1470 1206 suscipiunt
1481 1150 1499 1188 a
1509 1134 1640 1207 populis.
1656 1134 1703 1190 Ad
1712 1137 1843 1193 istorum

139 1220 221 1272 tores
231 1216 338 1289 templi
352 1217 408 1272 filii
421 1233 580 1273 servorum
592 1217 776 1289 Salomonis,
793 1221 846 1291 qui
863 1224 966 1277 actum
1021 1218 1226 1289 provisionem
1241 1222 1375 1293 pertinet
1389 1225 1511 1278 tautum
1526 1223 1563 1278 de
1576 1222 1785 1279 oblationibus
1794 1239 1846 1297 po-

140 1304 246 1376 templi
261 1305 357 1360 totius
370 1305 428 1360 sub
443 1321 517 1360 cure
531 1322 586 1360 sua
602 1306 770 1376 haberent3
793 1312 847 1363 aut
873 1310 968 1365 sacris
1022 1322 1092 1362 nere
1106 1308 1139 1362 in
1154 1307 1255 1378 altari,
1274 1314 1425 1382 quantum
1450 1311 1586 1367 sufficere
1611 1313 1709 1385 possit
1732 1311 1847 1385 populo

138 1392 348 1450 oblationibus
362 1393 558 1450 deservirent.
576 1395 614 1451 Et
629 1411 699 1450 cum
712 1395 844 1452 fuissent
859 1394 897 1453 ex
919 1414 966 1454 or·
1021 1394 1086 1450 Dei.
1103 1394 1250 1452 Similiter
1263 1397 1322 1468 ipsi
1335 1399 1506 1470 corporales
1519 1399 1617 1472 pallas
1631 1404 1660 1456 et
1676 1400 1848 1456 substrato·

139 1481 209 1536 dine
222 1482 256 1536 in
269 1483 441 1538 ministerio
458 1483 574 1555 templi,
599 1483 688 1555 longe
714 1489 817 1541 tamen
841 1487 968 1543 fuerunt
1020 1482 1066 1537 ria
1079 1482 1193 1554 lavare,
1207 1488 1237 1540 et
1251 1501 1364 1557 aquam
1378 1487 1411 1542 in
1426 1487 1641 1559 baptisterium
1659 1502 1783 1558 vergere
1796 1487 1846 1544 de·

139 1570 176 1624 ab
191 1571 290 1626 officio
304 1571 409 1627 altaris
425 1573 491 1628 Dei.
510 1572 616 1644 Neque
629 1574 711 1628 enim
729 1574 910 1649 psalmistis,
935 1576 967 1632 id
982 1571 1111 1641 Rheni,
1134 1588 1259 1629 urceum
1274 1590 1396 1646 quoquc
1420 1579 1450 1631 et
1465 1592 1578 1648 aquam
1600 1576 1713 1632 manile
1731 1580 1762 1632 et
1782 1591 1847 1633 ma·

138 1663 183 1714 est
198 1660 387 1729 cantoribus,
401 1676 456 1716 nec
469 1662 613 1730 ostiariis,
630 1677 685 1718 nec
700 1679 856 1719 sacrarum
870 1666 966 1721 servis
1021 1662 1198 1732 nutergium
1214 1667 1327 1733 tenere,
1344 1665 1485 1737 episcopo
1500 1668 1530 1720 et
1552 1665 1740 1738 presbytero,
1763 1668 1794 1723 et
1810 1664 1849 1722 la-

139 1748 289 1819 attingere
303 1749 414 1805 licebat
428 1750 467 1805 ad
485 1766 613 1806 munera
628 1751 744 1822 alteris,
761 1753 820 1808 nisi
835 1756 967 1809 tantum·
1021 1750 1104 1818 vitis,
1120 1767 1175 1822 pro
1190 1750 1331 1810 lavandis
1358 1754 1502 1808 manibus
1523 1758 1595 1809 ante
1617 1754 1713 1810 altare
1735 1769 1848 1827 aquam

138 1837 229 1892 modo
243 1837 455 1907 levitisQuasi
471 1854 541 1909 ergo
557 1844 674 1895 actores
686 1841 811 1912 quidam
827 1842 967 1914 spiritua.
1020 1838 1165 1909 praebere.
1182 1839 1223 1894 Hi
1238 1855 1307 1895 eum
1323 1840 1507 1897 ordinantur
1521 1843 1601 1897 sicut
1622 1841 1795 1899 sacerdotes
1815 1844 1849 1899 et

138 1926 180 1982 les
196 1926 304 1999 templi
317 1927 374 1982 Dei
388 1929 544 1984 exorcista
558 1932 630 1985 sunt
644 1920 800 2002 inpopulo
822 1931 895 2001 Dei,
911 1933 965 2004 qui
1020 1926 1121 1983 levita
1136 1943 1247 1983 manus
1260 1929 1488 2001 impositionem
1516 1946 1578 1986 non
1604 1931 1769 2002 accipiunt,
1794 1930 1849 1988 sed

139 2015 361 2070 desubstantia
376 2016 501 2071 Domini
517 2017 565 2072 sui
581 2017 640 2072 sibi
653 2018 685 2073 in
699 2018 787 2074 donis
807 2020 965 2091 spriritus·
1021 2019 1143 2070 tantum
1158 2016 1282 2072 calicem
1296 2032 1430 2073 vacuum
1444 2022 1474 2074 et
1488 2020 1633 2090 patenam
1656 2033 1786 2075 vacuam
1807 2018 1845 2075 de

138 2103 220 2159 libus
241 2103 365 2173 tradite,
390 2105 422 2159 in
447 2105 661 2177 spiritualibus
688 2107 824 2164 aedificiis
847 2108 966 2181 dilapsa
1021 2120 1115 2160 manu
1131 2105 1275 2177 episcopi.

138 2193 313 2261 restituant,
331 2196 361 2248 et
376 2198 518 2265 reparent
539 2195 698 2268 dissipata.
724 2197 901 2253 Exercistas
925 2198 964 2253 si·
1054 2194 1100 2249 De
1114 2195 1500 2251 manuveroarcbidiaconi
1519 2195 1674 2251 urceolum
1688 2200 1848 2268 cumaqua

138 2281 262 2351 gnificat
273 2281 439 2354 Apostolus
465 2298 535 2338 cum
559 2284 648 2340 dicit:
671 2287 832 2356 Nunquid
855 2301 965 2342 omnes
1021 2282 1133 2338 manile
1160 2299 1213 2339 seu
1237 2284 1375 2354 mantile,
1407 2288 1437 2340 et
1464 2285 1704 2356 manutergium,
1733 2283 1847 2357 quibus

138 2373 330 2426 donationes
342 2373 460 2426 habent
474 2372 714 2428 sanationum?
737 2376 774 2446 pl.
802 2376 869 2430 Cor.
895 2377 964 2446 xn.)
1020 2371 1170 2428 mundare
1184 2371 1296 2429 debent
1310 2389 1422 2429 manus
1433 2373 1573 2429 sacerdos
1588 2377 1618 2429 et
1631 2373 1725 2429 levita
1739 2375 1847 2430 tracte·

137 2460 202 2516 Hoc
216 2460 314 2515 officio
330 2476 405 2516 usus
419 2466 464 2516 eet
481 2462 564 2517 Deus
578 2463 701 2535 quando
717 2463 815 2520 saliva
830 2480 887 2520 sua
897 2466 964 2522 teti·
1021 2461 1084 2516 turi
1098 2461 1204 2517 maine
1219 2468 1421 2518 sacramente.
1438 2461 1504 2518 Hoc
1519 2462 1616 2519 officio
1630 2477 1706 2518 usus
1721 2465 1768 2519 eut
1790 2460 1849 2519 Do·

137 2549 179 2619 git
194 2549 464 2622 auresetiinguam
472 2551 557 2607 surdi
566 2555 596 2607 et
605 2553 811 2622 muti,dicens:
825 2555 966 2624 Ephpbe·
1020 2550 1134 2620 minue,
1150 2551 1274 2623 quando
1289 2552 1370 2608 iacta
1382 2567 1468 2607 coena
1480 2567 1550 2607 curn
1569 2551 1729 2625 discipulis
1750 2551 1846 2610 linteo

138 2642 179 2705 ta,
190 2641 277 2707 quod
288 2644 336 2693 cet
353 2642 528 2709 adaperire
543 2643 655 2707 (Marc.
668 2641 724 2713 vn)
736 2658 745 2710 ;
757 2642 815 2698 hoc
827 2643 965 2716 exemplo
1021 2654 1052 2694 se
1064 2640 1236 2711 praecinxit,
1252 2644 1283 2696 ot
1294 2642 1422 2697 mittens
1442 2656 1556 2713 aquam
1578 2641 1610 2696 in
1619 2642 1733 2714 pelvim
1755 2640 1848 2713 pedes

137 2742 191 2781 uos
205 2727 318 2783 docens
333 2729 539 2801 spiritualiter
549 2732 665 2803 aperire
674 2731 783 2787 debere
794 2748 883 2788 aures
893 2749 967 2806 prae·
1021 2727 1240 2800 discipulorum
1252 2729 1339 2799 lavit,
1354 2733 1384 2785 et
1398 2729 1494 2786 linteo
1509 2730 1637 2786 extersit
1652 2729 1747 2800 (Joan
1760 2727 1844 2800 1111).

136 2816 308 2873 cordiorum
323 2818 494 2888 hominum,
510 2820 549 2874 ad
561 2821 808 2892 intelligendum,
825 2825 855 2878 et
868 2823 966 2878 oraad
1232 2819 1306 2875 Car.
1323 2819 1377 2875 XI.
1400 2820 1442 2875 lie
1464 2820 1628 2874 Diaconis.

136 2906 352 2977 confitendum,
368 2911 412 2977 ut,
429 2909 556 2980 expulso
571 2909 718 2980 daemone,
733 2910 867 2982 Spiritus
879 2927 961 2968 sanc
978 2919 1001 2977 c
1054 2906 1261 2961 Diaconorum
1277 2906 1350 2962 ordo
1363 2911 1449 2962 sexto
1466 2906 1604 2978 seqtlitur
1617 2904 1694 2974 1000,
1710 2919 1773 2960 non
1782 2903 1848 2961 Sinti

137 2999 186 3050 tus
199 3011 256 3051 vas
272 3012 363 3074 suum
376 2998 661 3070 recipiat.Similiter
672 2999 729 3054 hoc
738 2999 870 3056 officium
884 3001 966 3057 exhi·
1021 2995 1124 3068 aliquo
1140 2995 1252 3050 senarii
1262 2995 1419 3066 mysterio,
1431 2995 1464 3049 in
1471 3009 1532 3066 quo
1547 2996 1673 3066 propter
1686 2992 1845 3066 perfectio·

138 3082 215 3153 buit,
230 3085 354 3156 quando
369 3085 406 3140 de
420 3086 520 3141 Maria
533 3087 715 3158 Magdalena
728 3092 843 3160 septem
859 3089 966 3146 deamo
1020 3100 1089 3140 uem
1105 3084 1153 3139 sui
1169 3083 1360 3154 significatur
1373 3098 1500 3155 operum
1509 3082 1664 3155 perfectio.
1690 3081 1750 3138 Hic
1772 3080 1846 3138 ordo

139 3172 190 3227 uia
205 3173 294 3244 ejecit
308 3178 420 3247 (Marc.
437 3192 509 3245 xv1;
526 3179 590 3232 Luc
602 3176 681 3247 vni).
1019 3175 1052 3230 in
1064 3175 1161 3230 veteri
1175 3174 1372 3230 Testamento
1385 3189 1404 3228 a
1418 3173 1502 3229 tribu
1527 3173 1601 3229 Levi
1624 3172 1735 3228 hahuit
1759 3186 1844 3228 exor-

354 3263 427 3319 Cnr.
444 3264 498 3320 IX.
520 3268 564 3321 De
578 3268 749 3334 acolythis.
1019 3264 1113 3318 dium.
1130 3263 1277 3336 Praeeepit
1291 3263 1372 3318 euim
1386 3263 1470 3318 Deus
1482 3261 1582 3333 Moysi
1597 3265 1633 3317 ut
1647 3264 1717 3334 post
1728 3260 1845 3318 ordine·

173 3351 291 3416 Quarto
305 3351 371 3408 loco
385 3354 552 3409 succedunt
567 3355 711 3425 acolythi,
725 3356 779 3427 qui
794 3356 903 3413 Latine
919 3357 963 3414 di-
1020 3353 1133 3409 tionem
1148 3354 1251 3407 Aaron
1266 3355 1296 3407 et
1310 3352 1444 3408 filiorum
1460 3352 1647 3423 ejus,rursus
1660 3351 1761 3406 tribus
1770 3349 1845 3407 Levi

139 3443 251 3494 cuntur
262 3441 523 3515 ceroferarii,quia
539 3459 681 3499 accensos
697 3460 797 3501 cereos
810 3446 962 3516 deferunt,
1019 3442 1059 3497 ad
1072 3442 1170 3498 divini
1185 3441 1287 3498 cultus
1301 3442 1474 3497 ministeria
1484 3441 1689 3508 ordinaretur,
1697 3442 1728 3494 et
1742 3453 1845 3495 conse·

138 3527 211 3583 dum
226 3527 340 3599 legitur
354 3530 557 3602 evangelium,
574 3532 622 3588 vel
636 3533 709 3588 dum
724 3534 851 3590 offertur
872 3537 962 3592 sacri-
1019 3534 1154 3586 oraretur
1169 3531 1311 3599 Domino,
1328 3534 1357 3586 et
1373 3530 1523 3585 servirent
1545 3543 1600 3600 pro
1622 3527 1719 3583 lsrael
1742 3541 1844 3583 coram

138 3615 251 3670 ficium.
268 3617 337 3672 Non
354 3622 388 3673 ut
403 3620 544 3676 tenebras
558 3621 736 3692 hujusmodi
752 3623 830 3677 aeris
850 3624 962 3679 illumi·
1017 3619 1120 3674 Aaron
1135 3622 1165 3672 et
1192 3619 1264 3672 fiilis
1280 3619 1346 3699 ejus
1359 3618 1392 3673 iu
1407 3615 1605 3671 tabernaculo
1620 3615 1696 3682 Dei3
1723 3613 1845 3686 ipsique

139 3708 221 3774 nent,
239 3704 292 3760 sed
306 3707 345 3761 ob
360 3706 417 3763 hoc
429 3711 462 3762 ut
479 3710 558 3764 sicut
569 3710 691 3765 visibile
704 3710 808 3767 lumen
819 3712 963 3769 manibus
1017 3710 1172 3779 gestarent
1184 3721 1286 3761 arcam
1301 3709 1331 3760 et
1346 3704 1588 3773 tabernaculum,
1600 3705 1631 3758 et
1640 3702 1745 3758 omnia
1767 3716 1842 3759 vasa

138 3797 271 3863 gestant,
287 3795 332 3850 ita
346 3811 436 3867 opera
462 3796 539 3852 lucis
560 3800 711 3871 proximis
733 3800 907 3871 ostendant,
933 3806 963 3857 et
1017 3798 1093 3869 ejus,
1107 3798 1137 3851 et
1152 3796 1185 3850 in
1200 3795 1330 3850 circuitu
1345 3793 1535 3850 tabernaculi
1550 3793 1610 3866 ipsi
1626 3796 1728 3849 castra
1756 3807 1841 3850 cons·

136 3897 219 3937 more
234 3881 322 3953 lucie,
339 3885 513 3940 errantibus
528 3887 610 3942 viam
625 3888 657 3942 in
678 3889 812 3944 tenebris
835 3889 960 3963 palpan-
1017 3886 1173 3952 tituerent,
1199 3883 1281 3939 etin
1306 3882 1544 3956 transportando
1566 3882 1764 3940 tabernaculo
1784 3881 1845 3956 ipsi

137 3971 221 4026 tibus
236 3970 382 4027 ducatum
390 3974 600 4046 praebeantfli
613 3992 682 4031 cum
696 3978 962 4052 ordinenturpoet-
1016 3974 1212 4046 deponerent,
1226 3988 1395 4045 rursusque
1416 3973 1477 4047 ipsi
1502 3975 1729 4045 componerent.
1754 3972 1782 4028 A
1801 3971 1844 4029 vi-

137 4075 229 4130 quem
246 4061 345 4116 edocti
359 4062 473 4118 tuerint
488 4064 527 4119 ab
543 4065 684 4137 episcopo
696 4067 831 4139 qualiter
850 4068 885 4123 in
898 4068 962 4124 olfi-
1017 4064 1096 4134 giuti
1111 4067 1213 4118 autem
1229 4063 1319 4118 annis
1334 4067 1364 4118 et
1380 4078 1474 4135 supra
1486 4062 1566 4134 jussi
1582 4064 1656 4118 sunt
1676 4061 1789 4117 servire
1811 4061 1844 4116 in

135 4148 179 4204 cio
195 4165 255 4204 suo
269 4165 358 4220 agere
372 4151 512 4221 debeant,
527 4154 681 4225 accipiunt
690 4156 729 4211 ab
747 4156 962 4213 archidiacono
1018 4153 1227 4208 tabernaculo.
1243 4151 1341 4217 Quam
1352 4151 1490 4221 regulam
1502 4151 1595 4205 etiam
1616 4151 1714 4206 Samii
1738 4151 1844 4206 Ρθῑῐθῦ

135 4237 363 4308 ceroferarium,
379 4239 410 4293 id
425 4244 471 4295 est
485 4241 703 4298 candelabrum
714 4259 783 4300 cum
808 4261 903 4314 cereo,
928 4249 963 4301 ut
977 4269 1006 4324 D
1019 4242 1051 4296 in
1066 4241 1153 4296 Novo
1163 4241 1361 4297 Testamento
1374 4239 1611 4307 constituerunt,
1621 4239 1768 4310 quoniam
1780 4238 1845 4294 haec

135 4326 234 4381 sciant
250 4341 283 4382 se
298 4327 337 4382 ad
352 4328 520 4384 accedenda
531 4329 698 4386 luminaria
712 4334 892 4407 mancipari.
907 4336 963 4392 Ac·
1020 4333 1095 4385 aetas
1108 4329 1147 4384 ad
1160 4329 1312 4401 portanda
1326 4343 1418 4384 onera
1432 4328 1560 4382 robusta
1575 4329 1631 4395 est,
1645 4326 1728 4399 quod
1742 4325 1787 4383 illi
1797 4340 1843 4382 or·

135 4414 256 4485 cipiunt
269 4418 300 4470 et
315 4415 469 4472 urceolum
482 4434 614 4475 vacuum
630 4420 667 4475 ad
681 4421 907 4478 infundendum
920 4425 964 4479 vi-
1019 4418 1084 4473 dini
1099 4434 1115 4472 a
1127 4418 1233 4490 Moyse
1246 4418 1426 4473 institutum
1441 4414 1588 4482 est.Quod
1602 4416 1695 4470 etiam
1709 4416 1743 4471 iu
1758 4415 1845 4472 Novo

136 4519 210 4558 num
226 4503 261 4558 in
277 4503 410 4574 caucam,
433 4522 495 4577 quo
519 4509 743 4565 consecrandus
766 4515 812 4566 est
839 4514 965 4583 sanguis
1018 4507 1215 4563 Testamenta
1230 4510 1475 4580 repraesentatur,
1497 4520 1566 4560 cum
1590 4505 1727 4561 diaconis
1752 4521 1846 4579 supra

135 4591 303 4661 Christi,ut
317 4593 611 4654 sitcommemoratio
626 4601 787 4669 sanguinis
802 4601 839 4656 de
849 4602 964 4658 Christi
1020 4597 1180 4651 sinistrum
1197 4597 1360 4652 humerum
1376 4597 1455 4652 stola
1469 4596 1605 4668 ponitur,
1632 4598 1662 4650 et
1680 4594 1786 4650 casula
1810 4595 1844 4651 in

133 4679 229 4737 latere
245 4682 476 4754 profluentis,et
486 4701 575 4757 aquae
590 4687 661 4744 inde
676 4689 879 4760 procedentis.
891 4691 964 4756 Quae
1019 4685 1245 4755 diebusJejunii
1257 4700 1349 4756 super
1366 4684 1505 4740 eumdem
1528 4684 1692 4739 humerum
1716 4682 1842 4757 compli-

134 4769 195 4826 duo
208 4768 278 4825 ideo
303 4770 337 4827 iu
366 4773 457 4829 calice
482 4777 725 4847 commiscentur,
750 4779 824 4850 quia
849 4779 963 4835 Christi
1018 4777 1122 4840 catur;
1139 4774 1213 4844 quia
1231 4772 1382 4844 quidquid
1406 4771 1521 4827 laboris
1539 4775 1569 4826 et
1594 4771 1788 4831 sustinentiae
1809 4773 1843 4829 in

135 4860 288 4931 sanguiue
302 4876 410 4917 sumus
422 4863 581 4937 redempti,
595 4868 625 4921 et
639 4882 720 4940 aqua
734 4868 931 4941 baptismatis
946 4885 964 4924 a
1017 4862 1147 4917 hacviiu
1160 4860 1662 4931 toleramus,tauquaminsinistra
1672 4864 1842 4933 portamus,

134 4948 269 5019 peccatis
283 4949 392 5006 abluti.
409 4951 474 5007 Hoc
489 4952 624 5009 cilicium
640 4971 672 5011 se
687 4956 798 5012 habere
810 4957 963 5013 Dominus
1017 4951 1112 5006 donec
1125 4951 1158 5005 in
1174 4950 1308 5019 dextera3
1324 4949 1381 5005 hoc
1392 4953 1448 5018 est,
1464 4950 1496 5004 in
1516 4951 1687 5007 aeternitate
1708 4951 1845 5023 requiem

132 5037 164 5092 iu
184 5038 356 5109 Evangelio
388 5043 530 5113 testatur,
558 5044 679 5100 dicens:
708 5049 773 5116 1390
800 5063 874 5102 sum
903 5050 963 5103 zum
1017 5039 1257 5095 habeamus.Hio
1272 5037 1690 5096 ordoiuNovoTestamento
1703 5041 1743 5095 ab
1756 5053 1843 5113 apos·

135 5129 257 5182 mundi
271 5130 331 5198 qui
341 5132 494 5199 sequitur
505 5148 556 5187 me
571 5149 636 5188 non
651 5136 801 5190 ambulat
815 5137 852 5189 in
877 5141 961 5193 tene.
1017 5129 1087 5184 tolis
1101 5127 1844 5200 initiumsumpsit,quandosiclegiturintlctibus

136 5215 215 5286 trie,
231 5219 291 5272 sed
307 5218 434 5274 babebit
448 5222 560 5276 lamen
570 5224 648 5277 vitre
663 5222 767 5294 (Joan.
784 5222 866 5296 v111.)
1017 5217 1234 5291 apostolorum.
1247 5217 1386 5291 Apostoli
1396 5222 1517 5286 septem
1529 5220 1616 5273 viros
1629 5218 1704 5273 birni
1714 5217 1844 5271 testimo

335 5305 408 5362 Cea.
426 5307 463 5365 X.
477 5311 521 5365 De
536 5311 754 5366 subdiaconis.
1017 5310 1069 5362 nii
1080 5310 1192 5376 plenos
1207 5310 1335 5377 Spiritu
1351 5306 1698 5379 sanctotilctviladhoc
1708 5303 1843 5360 officium

168 5391 287 5458 Quinto
299 5391 366 5450 loco
381 5400 427 5451 est
440 5397 514 5453 ordo
530 5398 788 5454 subdiaconorum
805 5399 859 5471 qui
881 5401 962 5473 apud
1016 5396 1189 5467 elegerunt:
1203 5401 1235 5450 et
1250 5398 1399 5451 oratione
1406 5398 1583 5466 praemissa
1599 5407 1719 5448 manus
1730 5391 1778 5446 eia
1788 5391 1846 5446 im·

130 5480 255 5538 Graecos
268 5485 316 5542 dv·
332 5484 611 5544 tudamsvocantur.
628 5487 683 5542 lsti
696 5490 769 5542 sunt
781 5489 835 5559 qui
850 5489 882 5543 in
906 5490 959 5546 Es·
1012 5490 1200 5554 posuerunt
1217 5484 1332 5556 (ibid).
1354 5485 1393 5539 Et
1407 5484 1515 5540 exinde
1536 5479 1666 5553 apostoli
1690 5483 1720 5534 ct
1742 5494 1847 5535 eorum

131 5569 186 5627 dra
199 5568 368 5645 Nathanei‚
385 5577 417 5631 id
431 5581 477 5633 est
491 5578 524 5632 in
549 5575 725 5632 humilitate
746 5577 878 5633 Domino
901 5593 961 5634 ser·
1016 5590 1204 5630 successoros
1218 5574 1426 5642 decreverunt,
1443 5577 1477 5627 ut
1489 5572 1522 5626 iu
1536 5569 1620 5624 omni
1645 5568 1771 5624 matrice
1785 5567 1839 5625 lic·

129 5660 251 5718 vientes
266 5663 472 5737 appellantur,
487 5682 525 5723 ex
547 5681 679 5739 quorum
703 5665 809 5722 ordine
829 5666 890 5721 tuit
909 5665 960 5723 ille
1015 5664 1107 5721 clesie
1119 5667 1233 5736 septem
1251 5663 1371 5719 diaconi
1393 5661 1473 5717 circa
1497 5659 1595 5713 Mam
1615 5656 1744 5712 Quales
1751 5654 1856 5710 suinu-
