3742 6082
70 273 126 331 481

573 278 627 336 DE
645 274 933 339 SACRAMENTIS.
962 277 1071 336 LIBRI
1088 278 1118 338 11
1136 274 1236 340 PARS
1251 281 1305 340 x1.

1722 293 1776 352 482

70 402 102 455 el
117 400 221 456 causis
234 401 309 471 suis,
318 404 348 457 et
362 402 428 475 ejus
441 404 608 461 secundum
622 408 742 480 tempus
757 410 787 463 et
797 407 898 462 locum
913 405 940 459 Α
954 406 1024 462 darn
1039 422 1100 462 non
1122 409 1327 481 intelligentes
1341 412 1398 468 hoc
1411 413 1493 485 quod
1510 415 1626 486 dictum
1642 420 1708 473 est:
1724 419 1778 475 illa

69 493 101 544 et
112 490 195 546 ritus
207 491 348 546 variatio.

233 579 307 635 Car.
324 579 363 635 II.
381 583 424 636 De
440 584 569 651 origiue
582 586 737 653 conjugii.

104 665 250 740 Conjugii
263 673 370 724 auctor
384 669 467 724 Deus
480 675 535 725 est.
548 672 615 742 Ipse
629 673 710 726 enim
722 673 897 744 conjugium

68 771 136 811 esse
157 756 317 825 descrev1t,
339 758 463 828 quando
477 760 636 815 mulierem
657 761 696 815 ad
710 761 900 832 propagatio·

68 860 141 900 nem
156 846 277 916 generis
292 845 420 901 humani
435 846 553 902 homini
565 848 598 902 in
613 848 800 930 adjutorium
815 849 895 903 iecit.

67 933 170 989 Adam
192 950 314 1006 quoque
329 936 362 990 in
378 937 521 1007 spiritum
546 953 730 1008 cognoscens
753 937 792 992 ad
807 953 897 1008 quem

68 1037 162 1077 usum
177 1022 289 1078 mulier
302 1024 384 1079 iacta
399 1029 488 1094 esset,
505 1042 574 1080 cum
590 1025 720 1082 adducta
735 1025 844 1081 fuisset
859 1026 898 1080 ad

67 1127 141 1166 eum
156 1111 236 1166 dixit
249 1128 255 1166 :
267 1114 334 1168 Hoc
346 1129 436 1168 arene
449 1129 482 1169 os
492 1130 532 1169 eac
548 1117 671 1170 caribus
683 1117 808 1183 merset
821 1129 897 1169 caro

66 1203 108 1257 de
124 1215 226 1256 carne
242 1217 324 1256 mea
342 1204 479 1271 Propter
494 1205 550 1259 hcc
562 1207 727 1273 relinquet
740 1206 831 1259 homo
841 1218 898 1272 pa·

68 1295 153 1345 trem
182 1305 281 1344 suum
308 1295 339 1345 et
368 1297 508 1346 matrem
538 1307 634 1347 suom
663 1298 694 1346 cl
720 1293 897 1347 adherebit

67 1381 170 1434 umori
184 1385 297 1448 sumet
310 1385 409 1434 erarii
426 1383 491 1435 duo
507 1382 543 1434 ia
559 1394 740 1436 carneuna
755 1380 893 1452 (Gemit).

65 1467 211 1522 Christus
237 1468 329 1522 etiarn
353 1468 385 1522 in
401 1468 485 1522 Cana
500 1468 633 1524 Galilaeae
659 1470 763 1539 (Joan.
779 1469 812 1535 11)
833 1484 895 1524 non

67 1554 564 1627 solumpraesentiacorporali,sed
571 1557 759 1612 exhibitione
774 1572 895 1629 quoque

64 1644 209 1699 miraculi
222 1646 348 1716 nuptias
363 1647 560 1702 consecravit.
574 1647 610 1701 In
624 1647 736 1718 quibus
752 1647 895 1701 omnibus

953 496 1063 551 mulier
1073 513 1134 552 non
1147 501 1247 571 potest
1257 501 1407 573 pertinere
1419 502 1457 557 ad
1468 502 1582 559 Christi
1595 509 1625 561 et
1637 506 1777 564 Ecclesiae

954 589 1178 644 sacramentum
1193 603 1261 642 curn
1287 605 1348 660 qua
1361 592 1498 646 noscitur
1518 608 1580 649 non
1601 594 1696 651 tuisse
1713 610 1776 650 car·

952 674 1021 728 nale
1036 677 1261 746 commercium,
1278 679 1456 734 existImant
1471 687 1696 738 sacramentum
1711 699 1777 739 con·

949 763 1028 833 jugii
1041 778 1105 816 esse
1119 779 1180 818 non
1192 781 1281 836 posse
1295 767 1348 821 ubi
1374 768 1544 823 commistio
1567 770 1698 826 carnalis
1713 787 1776 827 non

952 853 1053 907 fuerit.
1069 853 1216 907 Nesciunt
1231 855 1311 908 enim
1332 855 1413 926 quod
1438 857 1570 912 officium
1594 859 1728 930 conjugii
1741 861 1776 916 in

952 941 1052 995 carnis
1067 941 1288 1009 commistione,
1299 942 1383 997 illam
1399 924 1564 1014 quainter
1577 945 1733 1002 Christum
1744 951 1776 1004 et

952 1029 1117 1084 Ecclesiam
1142 1046 1196 1102 per
1222 1031 1322 1085 carnis
1361 1033 1584 1104 susceptionem
1620 1035 1701 1090 iacta
1727 1038 1775 1092 est

951 1119 1097 1174 unionem
1107 1119 1580 1192 figurat,proplereaque··Christi
1589 1127 1619 1177 et
1632 1123 1773 1181 Ecclesiae

952 1211 1176 1262 sacramentum
1201 1223 1342 1263 essenon
1357 1209 1465 1280 possit,
1480 1209 1533 1264 ubi
1559 1212 1772 1268 commercium

951 1296 1071 1353 carnale
1086 1312 1148 1352 non
1163 1296 1264 1352 fuerit.
1281 1295 1465 1368 Conjugium
1487 1302 1589 1354 tamen
1608 1314 1725 1368 verum,
1744 1303 1774 1355 et

950 1400 1057 1440 verum
1065 1386 1199 1457 conjugii
1208 1390 1432 1441 sacramentum
1441 1387 1611 1456 esse,etiam
1618 1389 1645 1443 si
1653 1388 1774 1444 carnale

950 1475 1164 1530 commercium
1178 1490 1238 1530 non
1254 1475 1346 1530 tuerit
1361 1477 1570 1545 subsecutum,
1584 1477 1646 1532 imo
1669 1478 1774 1548 potius

950 1566 1036 1619 tanto
1051 1564 1153 1617 verius
1176 1567 1206 1618 et
1229 1565 1365 1620 sanctius
1380 1580 1455 1634 esse,
1471 1569 1587 1637 quanto
1602 1566 1634 1620 in
1650 1581 1681 1620 se
1696 1565 1774 1621 nihil

949 1652 1043 1706 habet
1056 1652 1136 1707 unde
1148 1652 1274 1707 castitas
1294 1653 1463 1722 eruhescat,
1478 1654 1530 1709 sed
1547 1653 1627 1710 rande
1639 1653 1773 1709 charitas

64 1733 241 1788 ostenditur
250 1735 426 1805 conjugium
440 1725 495 1789 eta
505 1735 569 1790 Deo
579 1751 644 1790 esse
653 1739 682 1791 et
692 1736 807 1791 bonum
819 1751 893 1791 esse.
911 1739 1187 1808 Bglorietur.Nam
1201 1744 1231 1796 et
1240 1741 1342 1813 ipsum
1357 1741 1772 1829 conjugium‘sacramentum

63 1821 138 1877 Car.
154 1821 210 1877 III.
221 1825 265 1877 De
280 1825 407 1891 duplici
423 1825 636 1879 institutione
649 1826 838 1894 ccrejupii,et
852 1827 892 1879 de

233 1924 335 1966 caasa
352 1913 576 1966 iustitutionis
591 1914 727 1982 duplici.

99 1998 262 2055 Institutio
277 2000 413 2071 conjugii
425 1999 539 2072 duplex
551 2005 597 2055 est
610 2018 615 2055 :
629 2017 691 2055 una
703 2005 774 2056 ante
788 2016 890 2074 pecce-

64 2092 131 2143 tum
150 2087 189 2142 ad
204 2087 336 2143 officium
352 2104 359 2156 ;
383 2089 478 2143 altera
488 2094 558 2160 post
572 2095 728 2161 peccatum
744 2089 782 2144 ad
797 2105 892 2145 reme·

64 2175 161 2232 dium.
179 2176 283 2232 Prima
297 2182 333 2232 ut
347 2180 458 2232 natura
469 2177 727 2250 multiplicaretur
735 2196 743 2248 3
759 2179 892 2234 secunda

65 2268 99 2320 ut
130 2267 245 2320 natura
271 2266 470 2337 exciperetur,
491 2270 521 2321 θῖ
548 2268 659 2322 vitium
688 2268 889 2331 cohiberetur.

64 2353 170 2409 Prima
184 2353 341 2410 institutio
362 2355 538 2426 conjugium
553 2356 711 2427 proposuit
733 2356 766 2411 in
780 2356 893 2412 foedere

64 2441 287 2511 dilectionis,ut
299 2443 333 2497 in
346 2457 380 2498 ec
396 2447 620 2498 sacramentum
636 2447 715 2500 esset
726 2445 891 2514 societatis,

65 2546 134 2602 quae
155 2531 189 2585 in
209 2530 318 2602 spiritu
334 2534 451 2587 constat
475 2532 556 2587 inter
582 2532 680 2587 Deum
696 2535 725 2588 et
743 2533 889 2588 animam.

64 2620 206 2675 Officium
229 2622 332 2676 autem
353 2621 487 2693 conjugii
509 2622 657 2677 incarnis
680 2623 891 2678 commistione

63 2708 236 2781 proposuit,
252 2711 287 2764 ut
298 2709 331 2763 in
346 2724 380 2764 eo
394 2715 619 2766 sacramentum
630 2715 710 2766 esset
725 2711 890 2781 societatis,

64 2814 134 2871 quse
150 2798 183 2853 in
199 2812 289 2852 carne
302 2798 406 2854 futura
419 2803 485 2854 erat
498 2800 579 2855 intcr
589 2800 746 2856 Christum
758 2804 787 2855 θῖ
796 2801 893 2856 Eccle-

64 2889 152 2942 siam.
167 2885 307 2941 Secunda
320 2887 395 2942 insti
411 2888 475 2943 utic
489 2889 665 2959 conjugium
677 2889 710 2944 in
725 2889 837 2944 foedere
852 2888 893 2944 di·

63 2975 205 3031 lectionis
228 2975 369 3045 sancivit,
386 2979 419 3031 ut
434 2992 488 3048 per
512 2978 577 3048 ejus
598 2977 680 3033 bona
703 2977 734 3032 id
758 2976 840 3048 quod
858 2978 891 3032 in

947 1829 1086 1896 cst,sicut
1096 1832 1126 1885 et
1135 1829 1237 1900 ipsum
1253 1829 1384 1884 officium
1397 1830 1531 1900 conjugii
1544 1833 1771 1886 sacramentum

947 1932 1012 1971 esse
1026 1917 1227 1986 cognoscitur.
1244 1916 1302 1971 Sed
1324 1917 1511 1988 conjugium,
1525 1921 1560 1972 ut
1574 1918 1700 1988 dignum
1714 1923 1770 1988 est,

947 2009 1171 2060 sacramentum
1187 2008 1233 2059 θεῖ
1255 2004 1339 2059 illius
1361 2006 1515 2061 societatis
1530 2021 1598 2077 quae
1613 2007 1646 2061 iu
1659 2006 1770 2078 spiritu

946 2097 993 2149 est
1004 2094 1084 2149 inter
1099 2093 1196 2148 Deum
1209 2097 1239 2149 et
1253 2093 1540 2149 animamotficium
1550 2109 1623 2150 vero
1634 2094 1769 2167 conjugii

947 2185 1171 2238 sacramentum
1191 2185 1238 2237 est
1255 2180 1339 2236 illius
1363 2182 1517 2238 societatis
1539 2198 1608 2254 quae
1632 2183 1665 2239 in
1680 2198 1770 2239 carne

946 2276 992 2327 est
1013 2272 1093 2325 iuter
1112 2269 1267 2325 Christum
1293 2274 1323 2324 et
1346 2269 1521 2330 Ecclesiam.
1547 2271 1700 2343 Scriptum
1724 2273 1772 2326 θεῖ

947 2361 1028 2415 enim
1043 2376 1048 2413 :
1062 2361 1171 2413 Erunt
1186 2361 1250 2413 duc
1267 2359 1303 2411 in
1324 2372 1423 2413 carce
1440 2373 1507 2413 urea
1524 2360 1612 2431 (Gen.
1630 2357 1663 2428 u)
1682 2376 1695 2427 ,·
1718 2357 1773 2415 sad

947 2449 972 2504 si
988 2448 1048 2503 duo
1064 2447 1096 2502 in
1110 2461 1200 2501 carne
1214 2462 1287 2515 una,
1300 2446 1364 2518 jam
1380 2462 1442 2501 non
1456 2446 1516 2502 duo
1539 2446 1591 2502 sed
1613 2461 1677 2502 una
1689 2460 1769 2503 carc.

946 2539 1012 2592 Hoc
1027 2540 1074 2591 est
1089 2540 1335 2590 sacramentum
1351 2534 1433 2607 quod
1455 2535 1499 2589 ait
1524 2534 1689 2605 Apostolus
1703 2549 1770 2589 ma-

945 2640 1048 2694 gnum
1065 2626 1100 2678 ia
1117 2625 1241 2679 Christo
1254 2629 1285 2678 et
1294 2625 1439 2679 Ecclesia
1456 2623 1626 2694 (Ephesu),
1638 2621 1677 2677 ad
1690 2622 1771 2694 quod

947 2714 1171 2769 sacramentum
1197 2712 1349 2784 pertinere
1375 2727 1435 2767 non
1455 2713 1556 2782 potest
1574 2708 1683 2764 mulier
1702 2725 1771 2765 cum

946 2818 1009 2875 qua
1035 2800 1173 2856 noscitur
1197 2815 1258 2855 non
1280 2800 1375 2854 fuisse
1396 2799 1516 2855 carnale
1540 2798 1769 2853 commercium.

945 2892 1050 2947 Potest
1061 2895 1163 2946 tamen
1173 2889 1324 2960 pertinere
1332 2887 1461 2943 adaliud
1475 2889 1698 2942 sacramentum
1708 2900 1770 2942 non

946 2993 1092 3049 magnum
1107 2978 1140 3032 in
1154 2975 1276 3032 Christo
1289 2979 1318 3031 et
1334 2974 1643 3046 Ecclesia,sedmajus
1658 2974 1691 3029 in
1704 2974 1768 3030 Dec

64 3063 167 3120 carnis
188 3064 401 3119 commistione
422 3064 612 3120 infirmitatis
634 3069 699 3120 erat
722 3070 751 3120 θῖ
775 3065 888 3136 delicti,
907 3072 976 3143 get
988 3067 1102 3122 anima.
1116 3065 1195 3131 Quid
1221 3066 1302 3120 enim
1319 3062 1378 3119 tsi
1395 3078 1542 3134 magnum
1570 3067 1616 3119 est
1640 3063 1722 3135 quod
1736 3063 1769 3117 in

62 3156 271 3211 excusaretur.
281 3154 419 3210 Officium
435 3158 537 3210 autem
553 3155 686 3226 conjugii
700 3157 733 3211 in
749 3157 888 3211 commis·

943 3172 1042 3223 carne,
1059 3170 1205 3225 magnum
1221 3155 1342 3208 nonest
1359 3169 1364 3206 :
1381 3152 1443 3207 imo
1458 3151 1555 3207 multo
1568 3152 1669 3224 majus
1686 3151 1769 3224 quod

62 3243 145 3298 tione
168 3242 280 3311 carnis,
297 3242 446 3298 concessit
468 3247 502 3298 ut
522 3244 554 3298 in
581 3259 615 3299 eo
639 3247 748 3316 praeter
769 3245 889 3315 generis
941 3246 975 3301 in
990 3243 1100 3316 sptritu
1113 3246 1159 3297 θεῖ
1178 3239 1193 3295 i
1212 3243 1302 3307 Care,
1319 3241 1431 3312 inquit,
1448 3241 1534 3294 nihil
1547 3244 1688 3310 prodest,
1703 3243 1765 3310 spi·

62 3329 351 3403 multiplicatIonem
367 3331 580 3401 generant-ium
596 3332 760 3389 infirmitas
772 3333 888 3406 excipe·
942 3336 1029 3389 ritas
1040 3338 1088 3387 θεῖ
1100 3333 1157 3402 qui
1166 3331 1313 3401 vivificat
1326 3327 1489 3399 (lucravit.
1501 3327 1533 3384 Si
1541 3343 1611 3399 ergo
1619 3344 1765 3400 magnum

62 3424 156 3474 retur.
173 3418 273 3483 Quare
287 3422 389 3474 autem
402 3420 581 3475 institutum
595 3420 635 3475 sit
647 3421 782 3493 conjugii
795 3437 890 3476 sacra·
943 3427 989 3478 est
1004 3421 1086 3494 quod
1101 3421 1133 3475 in
1148 3434 1238 3475 carne
1253 3422 1309 3487 θεῖ,
1325 3418 1426 3489 majus
1444 3418 1551 3487 ulique
1571 3420 1617 3472 est
1638 3417 1767 3489 quadiu

63 3511 214 3576 mentum,
229 3507 396 3579 Apostolus
420 3507 523 3564 innuit
545 3510 575 3578 (Ι
586 3510 653 3564 Cor.
671 3511 704 3578 1),
718 3509 772 3564 uhi
786 3510 888 3564 virum

63 3596 230 3667 imaginem
243 3595 298 3651 Dei
314 3610 389 3664 esse,
405 3611 439 3651 ac
451 3611 505 3668 per
518 3596 575 3651 hoc
589 3596 813 3668 quodammodo
826 3613 890 3652 mu·

62 3683 167 3741 lierem
179 3685 292 3740 animae
306 3685 467 3740 rationalis
482 3689 591 3757 typum
599 3690 728 3757 ,portare
743 3687 886 3742 ostendit.

61 3772 159 3838 Quare
167 3773 242 3828 item
253 3773 352 3844 primo
363 3774 541 3829 instItutum
554 3774 594 3829 sit
602 3774 736 3845 conjugii
745 3774 887 3844 officium,

60 3860 123 3934 ipse
136 3862 223 3918 Deus
237 3862 398 3917 institutor
413 3865 443 3917 et
457 3862 614 3917 ordinator
626 3862 886 3932 ostendit,dicens:

60 3951 198 4006 Crescite
223 3955 255 4005 et
278 3952 554 4020 multiplicamini
570 3956 601 4005 et
623 3954 741 4019 replete
763 3956 887 4007 terram

60 4037 148 4107 (Gen.
161 4037 209 4107 11).
224 4038 362 4094 Officium
379 4041 482 4093 autem
495 4039 629 4110 conjugii
643 4038 700 4094 hoc
715 4043 771 4109 est,
787 4041 887 4096 carnis

59 4125 305 4182 commistionem
330 4130 401 4182 ante
414 4129 572 4199 peccatum
589 4142 650 4181 uon
666 4127 704 4182 ad
720 4128 887 4184 remedium

58 4213 263 4284 infirmitatis,
273 4215 326 4270 sed
340 4215 379 4269 ad
395 4214 682 4287 multiplicationem
697 4216 792 4288 prolis
804 4217 889 4273 insti·

58 4304 160 4358 tulum
183 4319 259 4374 esse,
275 4308 345 4376 post
367 4307 525 4377 peccalum
551 4307 605 4358 aut
627 4304 707 4359 idem
730 4305 832 4378 ipsum
850 4305 888 4361 ad

943 3511 1054 3583 spiritu
1067 3512 1121 3564 est.
1130 3507 1161 3563 Si
1173 3511 1252 3562 recte
1264 3522 1318 3578 per
1329 3505 1518 3578 ScrIpturam
1533 3508 1671 3560 sanctam
1684 3505 1767 3561 Deus

944 3613 1075 3669 sponsus
1089 3597 1211 3663 dicitur,
1221 3598 1250 3649 et
1265 3594 1368 3648 anima
1384 3592 1542 3647 rationalis
1557 3608 1670 3663 sponsa
1683 3608 1767 3647 voca·

942 3692 1003 3756 tur,
1020 3685 1136 3756 aliquid
1150 3684 1286 3755 proiecto
1308 3684 1388 3738 inter
1403 3682 1501 3736 Deum
1517 3685 1546 3735 et
1561 3681 1696 3735 enlmam
1709 3685 1765 3750 θεῖ,

943 3776 1030 3847 cujus
1039 3773 1070 3827 id
1081 3771 1163 3843 quod
1174 3772 1206 3825 in
1217 3770 1358 3841 conjugio
1369 3770 1448 3824 inter
1461 3768 1631 3847 masculum
1643 3772 1671 3823 et
1684 3768 1767 3824 ismi-

942 3880 1014 3919 uam
1030 3863 1159 3928 constat,
1174 3861 1399 3914 sacramentum
1413 3862 1442 3913 et
1454 3858 1555 3928 imago
1571 3863 1625 3913 est.
1635 3859 1674 3913 Et
1688 3858 1767 3914 forte

942 3957 978 4006 ut
988 3949 1161 4022 expressius
1170 3947 1289 4003 dicatur
1297 3947 1365 4018 ipsa
1375 3947 1503 4001 societas
1513 3950 1542 4001 θῖ
1553 3962 1621 4019 quaa
1632 3946 1766 4001 exterius

941 4041 974 4095 in
989 4037 1130 4110 conjugio
1144 4038 1233 4109 pacto
1248 4034 1370 4090 foederis
1385 4039 1525 4090 servatur
1540 4039 1765 4091 sacramentum

942 4131 997 4192 θεῖ,
1014 4130 1044 4182 et
1057 4126 1155 4198 ipsius
1179 4123 1362 4180 sacramenti
1386 4139 1434 4178 res
1458 4128 1504 4178 est
1520 4123 1640 4179 dilectio
1656 4128 1766 4180 mutua

942 4217 1126 4283 animorum,
1139 4229 1207 4286 quae
1220 4212 1259 4267 ad
1272 4212 1403 4267 invicem
1418 4213 1450 4267 in
1465 4213 1619 4267 societatis
1633 4216 1663 4268 et
1677 4213 1766 4268 toede-

942 4306 984 4361 ris
1005 4303 1174 4376 conjugalis
1196 4301 1318 4357 vinculo
1342 4301 1523 4357 custoditur.
1545 4302 1583 4356 Et
1608 4301 1672 4356 haec
1698 4302 1765 4373 ipsa
1802 4365 1805 4370 ¹

58 4390 227 4447 remedium
242 4393 432 4448 infirmitatis
446 4407 623 4449 concessum
638 4394 748 4448 beatus
763 4395 883 4466 Augus·
900 4423 928 4477 D
943 4409 1049 4449 rursus
1064 4391 1195 4460 dilectio,
1209 4407 1271 4463 qua
1289 4389 1444 4470 masculus
1459 4394 1489 4445 et
1503 4390 1618 4445 femina
1632 4390 1664 4445 in
1679 4405 1765 4445 sanc·

57 4480 142 4535 tinus
154 4484 287 4537 testatur
296 4482 345 4537 his
358 4482 470 4551 verbis,
483 4481 595 4536 dicens:
610 4480 778 4555 Utriusque
793 4501 885 4543 sexus

57 4567 222 4623 infirmitas
250 4569 442 4641 propendens
469 4569 502 4623 ln
531 4570 652 4624 ruinam
683 4573 886 4643 turpitudinis

58 4661 136 4711 recle
144 4656 306 4713 honestate
315 4658 494 4729 nuptiarum
503 4658 701 4730 excipitur‚ut
709 4662 790 4731 quod
802 4665 886 4719 sanis

58 4748 138 4799 esset
149 4745 336 4814 cilicium‚sit
351 4748 473 4818 aegrotis
489 4748 666 4802 remedium.
680 4748 757 4804 Item
772 4751 804 4805 in
820 4767 888 4806 con·

56 4833 143 4903 Jugio
158 4832 324 4889 aliudesse
339 4838 371 4891 θῖ
383 4836 509 4892 alterius
525 4837 567 4891 rei
580 4842 804 4893 sacramentum
821 4855 887 4895 esse

58 4921 160 4992 ipsum
176 4923 364 4994 conjugium,
378 4928 407 4978 et
422 4924 505 4979 aliud
519 4915 585 4979 θεεό
599 4928 629 4978 θῖ
641 4924 767 4980 alterius
782 4928 824 4982 rei
839 4943 885 4982 sa·

58 5014 250 5065 crementum
277 5026 341 5066 esse
356 5012 457 5083 ipsum
483 5010 618 5084 conjugii
633 5012 765 5068 officinm
780 5030 789 5084 3
806 5015 886 5070 idem

57 5096 122 5168 ipse
137 5098 170 5153 in
183 5098 263 5155 libro
278 5100 322 5155 De
336 5101 417 5155 bono
433 5100 585 5172 conjugali
599 5103 741 5169 testatur,
758 5102 861 5158 dicens
878 5121 884 5158 :

57 5185 91 5240 In
107 5187 253 5259 conjugio
265 5188 382 5260 aliquid
397 5190 469 5244 boni
484 5204 548 5243 θεεθ
563 5189 698 5258 videtur,
711 5205 773 5246 uon
787 5191 886 5247 solum

57 5279 183 5348 propter
195 5278 447 5349 propagationem
464 5277 608 5347 liliorum,
625 5277 786 5334 sedetiam
801 5297 888 5355 prop-

57 5369 103 5419 ter
118 5364 293 5420 naturalem
308 5366 341 5420 in
366 5365 485 5422 diverso
507 5381 582 5420 sexu
603 5367 788 5423 societatem.
805 5369 886 5425 Alio-

58 5454 136 5524 quin
148 5455 214 5526 jam
228 5470 291 5511 non
306 5455 456 5512 diceretur
471 5456 647 5527 conjugium
663 5456 695 5510 in
712 5459 847 5529 senibus,
862 5461 887 5515 si

58 5541 107 5596 vel
119 5543 299 5600 amisissent
307 5545 386 5600 tilios
394 5545 511 5600 velnon
521 5545 713 5614 genuissent,
721 5545 753 5600 in
763 5548 886 5618 quibus,

59 5631 117 5685 etsi
138 5634 323 5688 emarcuerit
346 5633 435 5688 ardor
458 5634 570 5702 carnis,
585 5634 668 5704 viget
692 5637 794 5689 tamen
814 5637 888 5692 ordo

61 5719 234 5776 charitatis.
251 5721 327 5776 Item
348 5740 354 5777 :
375 5724 411 5777 ln
424 5724 542 5795 nuptiis
556 5722 626 5795 plus
641 5722 723 5778 valet
742 5725 888 5782 sanctitas

61 5809 260 5880 sacramenti,
282 5826 374 5883 quam
393 5811 564 5868 fecundItas
577 5812 703 5867 ventis.
720 5811 807 5868 Unde
822 5815 888 5886 qui-

942 4483 1030 4538 titate
1054 4480 1188 4552 conjugii
1210 4479 1322 4534 animis
1347 4479 1509 4547 uniuntur,
1540 4482 1766 4535 sacramentum

941 4574 986 4625 est
1005 4587 1011 4636 ;
1035 4573 1064 4624 et
1079 4569 1201 4638 signum
1218 4567 1301 4622 illius
1316 4567 1488 4623 dilectionis
1504 4583 1565 4622 una
1580 4567 1663 4622 Deus
1678 4569 1767 4624 ratio

941 4658 1004 4713 nali
1019 4659 1129 4712 animae
1148 4657 1233 4710 intus
1254 4672 1308 4728 per
1321 4656 1508 4710 inlusionem
1531 4656 1637 4725 gratia
1660 4672 1723 4712 suae
1736 4660 1766 4711 θῖ

941 4747 1069 4818 spiritus
1086 4745 1134 4799 sui
1149 4743 1415 4815 participationem
1436 4744 1766 4816 conjungiturCopula

940 4837 1036 4906 igitur
1050 4833 1150 4887 carnis
1165 4848 1232 4903 quae
1248 4836 1318 4885 ante
1333 4835 1490 4902 peccatum
1506 4832 1538 4887 in
1549 4834 1691 4904 conjugio
1707 4835 1767 4889 otil-

941 4926 1021 4980 cium
1037 4923 1139 4990 tuit,et
1149 4924 1219 4993 post
1233 4924 1389 4992 peccatum
1404 4922 1436 4975 tn
1451 4921 1556 4977 eodem
1566 4938 1621 4994 pro
1633 4924 1765 4979 remedio

941 5027 1084 5069 concessa
1098 5014 1144 5065 est
1157 5027 1165 5079 3
1180 5011 1222 5064 sic
1237 5010 1401 5083 utrobique
1417 5011 1559 5082 conjugio
1574 5012 1763 5084 adjungitur,

941 5106 975 5157 ut
991 5117 1060 5156 cum
1075 5099 1216 5170 conjugio
1227 5099 1295 5171 ipsa
1310 5100 1360 5167 sit,
1377 5115 1438 5154 non
1450 5101 1626 5173 conjugium
1638 5103 1761 5173 exipsa.

939 5192 1020 5247 Nam
1036 5193 1064 5244 et
1078 5192 1148 5244 ante
1159 5189 1258 5261 ipsam
1272 5189 1448 5261 conjugium
1463 5206 1571 5246 verum
1586 5194 1641 5259 est,
1654 5195 1683 5245 et
1699 5190 1764 5244 sine

941 5280 1009 5353 ipsa
1024 5281 1163 5333 sanctum
1180 5293 1245 5332 esso
1260 5281 1361 5350 potest
1387 5294 1395 5347 3
1426 5282 1499 5333 tunc
1523 5279 1645 5351 quidem
1661 5277 1688 5332 si
1703 5292 1764 5331 non

941 5368 1060 5423 adesset
1072 5365 1126 5421 illa
1140 5365 1362 5436 intructiosIus,
1380 5382 1461 5422 nunc
1477 5371 1578 5421 autem
1594 5366 1621 5419 si
1635 5364 1688 5419 illa
1703 5380 1764 5419 non

942 5457 1084 5524 adiuerit,
1102 5455 1259 5510 sincerius.
1274 5453 1360 5519 Quod
1375 5455 1456 5510 enirn
1471 5459 1538 5525 post
1552 5455 1709 5524 peccatum
1721 5469 1768 5510 co·

941 5545 1015 5618 pule
1030 5544 1131 5599 carnis
1152 5544 1185 5598 in
1209 5543 1351 5614 conjugio
1366 5542 1549 5608 admittitur,
1566 5538 1765 5610 indulgenda

942 5633 1040 5704 magis
1060 5635 1105 5687 est
1120 5636 1148 5686 et
1164 5631 1395 5703 compassionis,
1410 5646 1448 5684 ne
1472 5628 1581 5682 vitium
1607 5633 1763 5704 concupis-

942 5721 1048 5779 centiae
1063 5721 1145 5793 quod
1160 5721 1192 5774 in
1209 5720 1346 5774 humana
1358 5734 1449 5772 carne
1460 5720 1535 5788 post
1544 5722 1718 5788 peecatum
1727 5734 1781 5769 rs.-

943 5811 1060 5872 dicauit
1077 5828 1086 5882 ·,
1104 5810 1233 5884 turpius
1244 5811 1283 5866 in
1296 5821 1427 5866 omnem
1439 5819 1612 5862 excessum
1618 5801 1817 5872 certumst,
