3742 6082
72 179 128 242 ὅθ
383 171 564 234 HUGONIS
577 175 633 234 DE
649 171 980 234 s.‘vic¹101tss‘0PP.·
995 170 1153 237 enas-11.
1173 164 1470 236 :DOGMATICA‘
1722 166 1778 240 δω-

76 311 139 355 non
152 298 508 370 possum,tamcneadem
518 297 772 367 manumissam
784 297 896 353 iterum
911 298 938 353 A
952 299 997 355 vit
1012 300 1093 357 sicut
1115 298 1231 357 malum
1255 301 1354 357 facere
1371 303 1483 372 potest,
1497 299 1543 356 ita
1567 302 1598 357 et
1618 300 1778 359 emendam

77 385 200 445 reddere
214 402 350 459 possum.
366 386 424 443 Sed
439 387 509 442 nolo
521 386 598 441 mihi
611 386 757 457 injuriam
773 386 869 442 facias
889 401 899 455 3
953 402 1043 460 posse
1058 390 1084 445 si
1097 391 1213 460 fecerit,
1228 395 1259 446 et
1270 405 1430 463 nunquam
1445 404 1628 462 quocunqne
1643 393 1779 463 tempore

70 477 152 552 'quia
166 476 193 534 si
207 476 338 533 salutem
353 479 438 531 tuam
453 478 550 530 morte
564 489 632 530 mea
649 475 833 546 acquisitam
847 490 899 530 vo·
954 477 1046 533 etiam
1061 478 1094 534 in
1109 480 1254 535 extremis
1263 482 1294 534 et
1304 479 1338 534 in
1349 477 1477 534 articulo
1488 479 1679 534 necessitatis
1689 479 1781 550 poeni·

77 565 211 624 luntario
223 564 374 637 peccando
386 564 498 619 iterum
509 561 813 634 amiseris,quantum
827 565 860 620 in
871 567 901 623 te
954 567 1082 623 tentiam
1097 567 1463 624 hominisiniruotuosam
1475 567 1580 637 esse,si
1592 581 1665 622 vers
1674 566 1778 625 tuerit.

79 659 135 725 est,
149 655 262 710 iterum
276 651 421 720 crucifigi,
435 651 546 706 iterum
565 653 709 706 memori
733 653 898 724 compellis.
955 654 1019 725 Ego
1032 655 1222 728 Scripturam
1237 657 1329 713 audio
1344 657 1494 713 dicentem
1518 673 1525 711 :
1549 644 1632 718 Quia
1647 656 1685 711 in
1701 671 1779 726 qua·

78 744 142 814 Ego
156 756 277 798 carnem
292 752 392 795 meam
407 738 540 795 hostiam
553 739 664 809 obtuli,
680 744 714 796 ut
727 742 764 796 de
778 747 900 814 peccato
955 758 1083 814 cunque
1097 747 1177 801 hora
1193 747 1393 816 tnpemuerit
1401 750 1563 814 peccator,
1576 747 1692 801 salvus
1715 747 1780 802 erit

78 831 260 904 poenitentes
273 827 395 883 veniam
415 832 683 899 consequerentur,
706 844 768 884 non
792 834 827 884 ut
848 845 900 886 vo·
943 821 1079 904 (Exeat
1095 847 1185 904 xviri,
1201 834 1326 903 xxxnr).
1342 831 1411 889 Non
1426 832 1501 888 dicit
1513 833 1609 888 biduo
1628 836 1683 888 aut
1695 832 1780 889 bien·

78 917 210 975 luntario
222 919 383 989 peccantes
397 919 427 973 et
442 917 475 972 in
489 919 613 988 peccato
625 918 823 990 persistentes
835 920 900 991 jus·
955 921 1006 976 nio
1028 925 1100 977 anto
1122 925 1252 977 mortem
1272 922 1299 977 si
1318 921 1503 993 ingenuerit,
1519 920 1572 976 sed
1596 934 1780 994 quacunque

78 1003 338 1070 titicarentur.Qui
352 1019 425 1079 ergo
439 1003 475 1060 de
488 1008 613 1077 peccato
623 1006 902 1077 poenitent,habent
955 1008 1031 1064 hora
1042 1009 1244 1080 ingemuerit,
1253 1008 1358 1064 salvus
1372 1008 1439 1065 erit.
1449 1009 1529 1079 Ergo
1543 1012 1578 1064 tu
1590 1008 1654 1064 noli
1667 1022 1781 1081 ponere

77 1093 111 1151 in
125 1108 161 1151 ca
172 1093 306 1149 hostiam
321 1093 514 1165 expiationis.
531 1092 590 1158 Qui
603 1097 705 1149 autem
719 1095 754 1150 in
769 1096 901 1167 peccatis
956 1099 1077 1170 tempus
1088 1097 1304 1154 misericordias
1315 1097 1424 1167 Dei,ne
1435 1097 1514 1152 forte
1525 1096 1676 1168 judicium
1691 1099 1781 1154 tuum

78 1182 143 1239 suis
169 1180 342 1237 voluntarie
369 1185 562 1253 permanent,
582 1197 643 1238 non
667 1183 782 1239 habent
805 1199 843 1239 ex
865 1199 902 1239 ea
956 1186 1013 1241 tibi
1027 1186 1086 1258 ipsi
1101 1185 1288 1243 adversetur.
1302 1185 1374 1242 Noli
1393 1184 1617 1258 ponerelegem
1637 1199 1708 1258 quse
1723 1185 1781 1241 tibi

77 1284 203 1330 oausam
216 1269 406 1326 salvationis.
421 1269 532 1326 Hostia
543 1271 667 1343 quidem
679 1272 740 1328 ista
755 1271 828 1327 data
842 1272 902 1328 fuit
957 1290 1018 1330 non
1033 1275 1165 1347 expedit.
1186 1274 1340 1344 Peccator,
1357 1289 1426 1330 ama
1440 1273 1693 1344 misericordiam,
1707 1273 1783 1346 quia

77 1356 140 1415 illie
153 1360 190 1414 ut
202 1371 255 1430 per
267 1372 334 1413 eam
348 1359 546 1430 expiarentur
559 1359 596 1415 de
614 1351 737 1432 peccato
752 1361 900 1433 poeniten·
957 1364 983 1418 si
997 1377 1059 1419 non
1074 1378 1171 1433 emas,
1183 1378 1245 1419 non
1258 1362 1459 1419 mercideNec
1471 1367 1576 1419 tamen
1588 1361 1647 1417 sub
1659 1361 1720 1418 hac
1729 1375 1783 1434 spe

80 1450 126 1503 tes
136 1462 145 1516 3
154 1446 209 1502 scd
219 1447 284 1518 jam
299 1463 381 1503 nunc
390 1463 453 1504 non
467 1447 652 1520 relinquitur
666 1449 710 1505 eis
719 1450 789 1522 ipsa
800 1450 903 1506 hostia
957 1466 1061 1508 secure
1076 1452 1134 1507 tibi
1147 1451 1335 1524 peccandum
1346 1451 1570 1523 estPrcpterea
1582 1449 1665 1524 quod
1676 1450 1710 1506 in
1720 1450 1783 1506 tine

78 1539 110 1591 ut
135 1549 189 1607 per
210 1550 277 1590 eam
300 1537 333 1591 in
356 1540 479 1608 peccato
506 1537 680 1594 voluntarie
704 1539 902 1610 persistentes
956 1541 983 1596 si
999 1555 1165 1596 conversus
1179 1540 1275 1596 tueris
1288 1538 1382 1610 salus,
1400 1539 1457 1596 tibi
1474 1538 1675 1612 promittitur.
1689 1537 1781 1608 Nam,

75 1622 365 1695 justificentur.Non
378 1640 450 1696 ergo
462 1630 574 1699 putant
585 1626 758 1684 voluntarie
774 1643 900 1700 peccari·
915 1641 942 1699 Β
957 1630 1100 1701 quamvis
1106 1630 1198 1685 etiam
1208 1632 1282 1686 tunc
1291 1629 1382 1685 venia
1389 1628 1447 1685 tibi
1463 1629 1501 1700 (si
1511 1624 1781 1700 verepusnitueris)

79 1714 125 1767 tes
135 1711 229 1767 istam
241 1710 375 1768 hostiam
387 1714 427 1769 ad
440 1729 472 1770 se
482 1716 719 1788 pertinere,quia
730 1716 902 1773 voluntarie
955 1719 1166 1790 promittatur,
1182 1734 1244 1775 ηοη
1268 1721 1372 1774 tamen
1386 1716 1444 1773 tibi
1458 1720 1494 1773 ut
1512 1719 1587 1772 ωηο
1601 1729 1671 1793 vere
1685 1715 1782 1788 poeni·

77 1799 275 1870 peccantibus
286 1802 351 1872 jam
366 1818 427 1858 non
442 1804 627 1876 relinquitur
639 1805 741 1861 hostia
759 1821 814 1878 pro
834 1821 902 1878 pec·
957 1810 1020 1863 tere
1033 1806 1144 1863 debeas
1158 1805 1457 1880 promittitur.Valde
1469 1804 1589 1861 difficile
1602 1808 1649 1861 est
1661 1802 1783 1860 nttunc

79 1889 234 1960 cato,quia
247 1903 310 1945 non
324 1896 455 1962 possunt
469 1893 530 1948 sibi
541 1908 607 1948 eam
620 1908 769 1966 usurpare
782 1909 851 1966 quse
857 1895 903 1950 ita
956 1894 1398 1968 verasitpaenitentia,quando
1408 1898 1472 1951 tam
1483 1906 1550 1949 sera
1559 1891 1782 1964 venit,quando

65 1975 181 2036 oblata
193 1980 250 2048 est,
266 1982 301 2033 ut
313 1979 353 2034 iis
367 1980 464 2050 prosit
478 1981 532 2053 qui
546 1981 583 2036 de
595 1982 726 2052 peccatis
740 1983 901 2054 poenitent,
956 1983 1110 2041 cruciatus
1121 1985 1258 2040 membra
1268 1983 1389 2056 ligetet
1396 1982 1482 2039 dolor
1492 1996 1615 2039 sensum
1623 1979 1782 2053 opprimit,

78 2079 141 2122 non
156 2067 210 2138 qui
222 2071 403 2139 permanent
415 2067 449 2123 in
471 2070 612 2142 peccatis.
629 2068 678 2125 Sic
698 2085 761 2126 una
773 2072 903 2127 veritate
955 2074 1009 2130 vix
1021 2074 1112 2129 homo
1125 2073 1209 2128 aliud
1223 2073 1357 2144 cogitare
1368 2074 1478 2144 potest.
1493 2070 1573 2142 Ergo
1588 2069 1676 2125 aivis
1697 2083 1782 2125 secu·

78 2154 253 2226 manifesta,
267 2155 328 2211 alia
341 2172 463 2230 qnoque
478 2159 511 2214 in
525 2157 624 2214 luoem
638 2159 732 2215 venit.
749 2159 837 2224 Quod
849 2175 902 2216 au·
957 2177 1010 2217 rus
1027 2176 1103 2231 esse,
1118 2161 1331 2234 paenitentiam
1346 2173 1403 2231 age
1426 2159 1500 2214 dum
1524 2172 1619 2214 sanus
1640 2172 1684 2213 es.
1699 2156 1783 2213 Dum

81 2246 142 2301 tem
156 2243 272 2300 dietum
287 2249 334 2302 est
351 2246 434 2318 quod
453 2262 514 2303 non
529 2251 576 2303 est
589 2247 675 2304 locus
688 2248 830 2305 secundae
845 2264 905 2320 poe·
957 2265 1044 2306 mens
1067 2250 1127 2307 sibi
1147 2264 1256 2306 vacare
1281 2252 1391 2322 potest,
1408 2263 1512 2304 exerce
1530 2246 1615 2302 illam
1638 2246 1672 2301 in
1694 2261 1784 2318 opere

81 2333 230 2405 nitentia,
245 2334 290 2390 ita
303 2334 429 2407 quidam
441 2335 609 2407 intelligere
622 2335 740 2406 volunt,
755 2338 904 2409 quiatota
958 2353 1023 2394 suo.
1040 2337 1134 2394 Valde
1148 2342 1290 2411 suspecta
1303 2337 1393 2393 dehet
1414 2350 1480 2392 esse
1502 2335 1695 2408 poenitentia,
1711 2350 1781 2406 quae

81 2422 146 2479 ωηο
158 2423 224 2480 vita
237 2422 322 2479 locus
335 2428 384 2479 eet
397 2425 586 2496 poenitentiae
600 2425 719 2480 homini
740 2427 901 2501 peccatori.
957 2430 1062 2483 coacta
1075 2427 1197 2482 videtur
1219 2440 1294 2482 esse.
1310 2425 1411 2482 Facile
1426 2428 1473 2481 est
1492 2427 1527 2480 ut
1548 2424 1640 2479 homo
1656 2437 1688 2478 se
1702 2421 1784 2478 nolle

81 2511 140 2578 Qui
154 2512 204 2568 hio
216 2513 428 2585 poenitentiam
439 2514 537 2570 iacere
546 2513 656 2569 volunt
667 2514 767 2570 locum
776 2515 902 2585 hahent,
955 2518 1053 2589 putet,
1066 2514 1148 2587 quod
1160 2529 1249 2588 posse
1267 2529 1329 2570 ηοη
1343 2514 1442 2570 datur.
1454 2511 1647 2569 Possibilitas
1662 2511 1779 2584 optime

81 2601 156 2674 quia
168 2601 219 2658 hic
241 2601 327 2657 locus
341 2601 433 2658 datus
456 2607 503 2659 est
523 2603 693 2675 poenitendi
713 2603 901 2660 hominibus.
957 2604 1147 2660 voluntatem
1161 2602 1315 2676 probat.Si
1330 2618 1392 2658 non
1403 2601 1480 2658 iacis
1494 2601 1567 2657 dum
1578 2603 1665 2673 potes
1678 2599 1780 2654 mani-

81 2688 256 2756 Quiantem
272 2691 321 2747 hic
335 2693 547 2765 paenitentiam
562 2693 661 2749 iacere
672 2693 827 2763 nolunt,in
843 2695 903 2751 alia
957 2694 1043 2763 feste,
1058 2692 1194 2749 ostendis
1213 2691 1295 2764 quod
1308 2706 1371 2747 non
1385 2691 1442 2747 vis.
1458 2688 1724 2756 Quamvisautem
1746 2687 1781 2743 in

79 2780 145 2835 vita
165 2780 259 2836 etiam
274 2780 301 2836 si
317 2780 469 2837 voluerint
488 2781 587 2838 iacere
609 2783 822 2854 poenitentiam
840 2799 903 2840 ηοη
958 2786 1093 2855 tempore
1106 2780 1249 2836 sanitatis
1264 2780 1399 2837 securior
1414 2779 1455 2835 sit
1471 2777 1663 2851 poenitentia,
1678 2779 1784 2832 tamen

78 2872 233 2940 poterunt,
248 2870 293 2925 ita
313 2874 348 2926 ut
365 2871 500 2927 fructum
515 2871 628 2927 habeat
642 2872 824 2945 paenitentia
835 2872 901 2929 illo·
957 2870 1065 2926 melior
1079 2874 1125 2926 est
1139 2884 1207 2925 sera
1221 2884 1315 2942 quam
1330 2867 1425 2924 nulla.
1442 2868 1523 2922 Ante
1535 2865 1627 2922 finem
1642 2864 1727 2934 time,
1743 2879 1791 2920 ne·

79 2973 159 3027 rum,
174 2959 249 3030 quia
270 2957 371 3015 locum
393 2975 455 3016 non
480 2960 582 3016 habet.
600 2961 703 3017 Prima
719 2976 790 3032 ergo
811 2961 939 3044 poeni-0
958 2960 1105 3032 poenitere
1119 2957 1241 3013 differas
1251 2972 1261 3026 3
1273 2957 1306 3012 in
1320 2957 1380 3012 fine
1394 2955 1527 3024 conside,
1543 2957 1579 3010 ut
1591 2951 1640 3008 vel
1653 2956 1729 3008 tunc
1741 2967 1784 3007 re·

79 3047 177 3103 tentia
190 3047 224 3102 in
238 3047 295 3103 hac
308 3049 374 3104 vita
395 3049 496 3105 locum
515 3050 618 3107 hahet.
643 3049 783 3105 &cunda
806 3051 902 3122 poeni·
959 3049 1096 3121 sipiscas.
1117 3046 1204 3112 Quod
1233 3046 1260 3101 si
1284 3049 1358 3101 tnnc
1371 3045 1451 3101 iortc
1465 3043 1523 3100 tibi
1546 3044 1705 3115 suppetere
1720 3056 1783 3096 non

80 3136 262 3208 tantiapost
279 3136 359 3193 hanc
372 3139 469 3193 vitam
493 3138 594 3194 locum
609 3139 784 3195 nonhabet
811 3154 820 3208 3
849 3154 905 3196 nec
958 3138 1177 3209 videstempus
1191 3135 1265 3192 boni
1279 3135 1390 3207 operis,
1406 3132 1548 3205 egredere
1562 3135 1665 3187 tamen
1679 3130 1713 3186 in
1728 3143 1782 3201 spe

81 3223 215 3280 fructum
229 3224 449 3295 hahent,etiam
464 3227 491 3281 si
503 3226 637 3282 dolorem
648 3227 837 3283 habentlllii
848 3228 905 3284 hoc
958 3226 1058 3295 firma,
1074 3239 1143 3281 cum
1157 3224 1248 3279 arrha
1262 3224 1350 3280 bonae
1370 3221 1551 3278 devotionis.
1567 3219 1701 3275 Multum
1716 3232 1784 3273 sera

82 3312 197 3369 dictum
211 3313 390 3384 intelligunt
407 3312 443 3369 de
466 3314 589 3386 publica
604 3316 795 3386 poenitentia,
811 3332 904 3388 qnam
958 3316 1019 3371 fuit
1031 3314 1161 3370 latronis
1174 3310 1419 3385 poenitentia,sed
1433 3308 1626 3381 indulgentia
1638 3321 1706 3363 sera
1721 3320 1784 3361 non

82 3402 189 3458 dicunt
202 3403 308 3459 iterari
322 3417 385 3457 non
399 3407 620 3476 possepropter
629 3404 760 3474 rigorem
775 3407 806 3460 et
820 3407 908 3462 casti·
959 3405 1028 3460 init.
1045 3402 1133 3468 Quod
1147 3400 1256 3457 tandiu
1270 3405 1371 3473 petere
1385 3399 1517 3470 distulit,
1531 3397 1601 3453 vide
1616 3411 1710 3468 quam
1724 3394 1785 3450 cito

81 3491 903 3564 gationemmehominessacramentaDeicontemnant.
960 3492 1075 3564 accepit
1097 3488 1112 3545 t
1135 3491 1194 3546 Gor
1208 3491 1387 3545 contritum
1403 3493 1435 3545 et
1456 3488 1673 3542 humitiatum
1698 3486 1786 3539 Deus

81 3581 141 3638 Sed
154 3581 368 3653 unusquisque
384 3584 475 3654 prout
497 3581 633 3654 potnerit
646 3581 815 3639 secundum
832 3584 908 3639 veri·
960 3584 1064 3638 noster
1077 3592 1251 3648 nunquam
1266 3577 1411 3649 despiciet
1426 3576 1525 3647 (Paul.
1541 3571 1571 3645 1.)
1584 3587 1594 3641 3
1609 3571 1685 3642 quia
1699 3585 1786 3625 mor·

82 3673 176 3727 tatem
189 3669 311 3727 sentiat.
327 3671 391 3742 Ego
409 3670 496 3727 illum
517 3671 572 3743 qui
591 3671 703 3727 dixerit
716 3671 785 3727 ideo
805 3671 907 3729 locum
961 3676 1025 3727 tem
1040 3684 1106 3724 non
1121 3668 1391 3736 ouitpeccatcris,
1406 3666 1462 3721 sed
1476 3668 1514 3719 ut
1526 3662 1738 3719 convertatur
1750 3662 1786 3712 et

83 3774 146 3816 non
160 3775 226 3816 esse
240 3759 380 3816 secundae
399 3761 587 3833 poenitentiae
610 3776 620 3829 3
646 3760 720 3833 quia
733 3775 798 3817 una
818 3760 908 3817 debet
960 3762 1051 3815 vivat
1066 3757 1188 3828 (Erech.
1206 3754 1332 3823 xxxin).

84 3863 150 3903 esse
162 3849 345 3920 poenitentia
358 3848 486 3919 homini,
498 3848 636 3922 quandiu
648 3849 775 3918 vivit,ut
789 3864 908 3921 semper
961 3848 1034 3904 Can.
1051 3845 1101 3902 v1.
1120 3845 1208 3906 Quod
1223 3846 1293 3899 sota
1317 3844 1399 3898 bona
1423 3843 1575 3898 voluntas
1598 3836 1737 3908 sufficit,
1752 3834 1785 3889 si

84 3934 121 3990 de
134 3935 298 4006 praeteritis
312 3934 423 4004 doleat,
438 3938 469 3991 et
483 3952 515 3992 se
537 3952 556 3990 a
568 3936 681 3991 tuturis
699 3936 861 4004 custodiat,
877 3940 908 3993 et
1112 3931 1258 4001 facultas
1273 3930 1432 4000 operandt
1448 3943 1513 3984 non
1529 3929 1641 3982 datur.

84 4036 244 4094 nunquam
259 4023 298 4077 ad
309 4027 433 4094 peccata
444 4023 547 4079 redeat
561 4038 630 4095 qua
643 4023 736 4078 semel
747 4022 908 4092 dimisit,et
996 4023 1028 4079 Si
1036 4037 1107 4093 ergo
1114 4021 1226 4077 bonam
1232 4020 1422 4076 voluntatem
1431 4015 1603 4087 habes,noli
1612 4014 1784 4086 desperare.

84 4109 139 4182 qui
152 4110 210 4167 hoc
223 4111 298 4167 iacit
312 4110 396 4183 quod
410 4111 499 4167 debet
511 4111 611 4167 facere
623 4112 811 4183 iacitthui
820 4111 909 4167 aliter
961 4111 1071 4183 Angeli
1080 4111 1117 4166 de
1127 4110 1202 4166 coelo
1217 4108 1366 4165 clamant:
1379 4108 1496 4162 Pamin
1504 4111 1595 4161 terra
1602 4103 1789 4159 hominibus

83 4199 203 4271 tacit,id
217 4204 263 4257 est
278 4201 332 4274 qui
346 4201 386 4257 ad
399 4204 523 4274 peccata
537 4200 694 4274 praeterita
708 4201 906 4270 revertititur,
962 4202 1050 4257 bonoe
1065 4201 1248 4255 voluntatis
1264 4195 1404 4270 (lucer).
1417 4195 1486 4251 Non
1504 4193 1649 4249 dixerunt
1661 4205 1722 4263 pax
1734 4189 1788 4244 ho-

84 4293 119 4347 ut
136 4305 206 4346 cnm
218 4291 390 4364 peccaverit
403 4289 541 4362 quandiu
556 4288 624 4345 vult
636 4289 749 4344 iterum
763 4288 803 4343 ad
816 4289 909 4361 paeni·
961 4289 1098 4345 minibus
1112 4287 1271 4358 divitibus,
1285 4289 1340 4341 aut
1349 4283 1516 4352 nobilibus,
1533 4285 1588 4338 aut
1599 4277 1789 4354 potentibus,

84 4381 213 4437 tentiam
229 4381 343 4450 redeat,
356 4384 386 4436 et
403 4381 492 4453 quasi
507 4384 577 4452 post
595 4379 728 4450 primam
744 4378 908 4434 secundam
963 4379 1028 4434 sive
1051 4375 1150 4432 multa
1173 4376 1271 4431 iacere
1292 4372 1477 4430 valentibus.
1493 4370 1526 4426 si
1551 4370 1609 4426 hoc
1627 4367 1790 4434 dixissent,

84 4469 158 4525 iacit
171 4468 472 4541 poenitentiam,iaeit
483 4467 566 4539 quod
575 4467 742 4522 facerenon
752 4466 909 4535 debet,neo
963 4465 1133 4523 timendum
1149 4464 1206 4520 tibi
1218 4462 1390 4528 esset.Quia
1403 4461 1469 4516 haec
1484 4459 1588 4514 omnia
1601 4457 1695 4512 etiam
1712 4453 1789 4510 invi-

86 4558 236 4613 tamenin
250 4572 286 4612 ec
304 4555 388 4627 quod
406 4557 544 4629 poenitet,
558 4555 637 4612 male
658 4556 742 4627 iacit,
758 4556 858 4612 sedin
873 4570 909 4611 eo
963 4555 1004 4611 tis
1017 4554 1123 4610 abesse
1137 4557 1277 4625 possunt,
1293 4555 1338 4611 et,
1349 4549 1454 4606 adesse
1478 4563 1541 4604 non
1556 4544 1735 4602 amantibus
1751 4542 1792 4598 sl·

85 4645 168 4718 quod
180 4660 242 4701 non
256 4648 431 4718 perseverat
440 4645 473 4700 in
483 4645 664 4717 paenitentia
674 4645 752 4701 male
764 4644 909 4710 facitoui
964 4642 1086 4698 militer.
1094 4641 1245 4698 Voluntas
1258 4639 1336 4695 nulli
1348 4640 1455 4695 abesse
1469 4638 1570 4709 potest
1583 4633 1644 4689 nisi
1661 4629 1788 4688 volenti⁴

85 4736 128 4791 sic
146 4734 258 4791 dixerit
273 4733 374 4790 locum
390 4748 452 4789 non
467 4747 532 4790 esse
550 4734 689 4790 secundae
708 4734 908 4806 paenitentia,
964 4732 1080 4787 Tamen
1095 4729 1213 4802 aliquid
1227 4731 1273 4784 est
1286 4727 1431 4783 voluntas
1455 4743 1461 4780 :
1487 4723 1572 4797 quod
1584 4737 1640 4779 neo
1653 4719 1720 4776 dari
1736 4731 1793 4774 neo

84 4837 140 4894 ego
149 4821 236 4878 illum
247 4822 414 4879 faciliorem
426 4824 582 4879 invenisse
592 4823 709 4878 exitum
716 4821 833 4895 pulo,et
844 4821 911 4876 sine
966 4819 1079 4875 auferri
1092 4819 1191 4890 possit
1204 4816 1312 4872 invito.
1321 4815 1485 4886 Propterea
1498 4810 1643 4867 voluntas
1656 4804 1793 4865 hominis

83 4911 226 4984 scrupulo
241 4912 422 4984 questionis
434 4912 606 4968 molestiam
622 4912 800 4968 declinasse.
966 4912 1012 4965 est
1025 4910 1161 4980 potestas
1176 4905 1242 4961 Dei.
1258 4905 1298 4961 ist
1317 4904 1386 4960 ideo
1405 4903 1549 4959 voluntas
1574 4897 1709 4955 hominis
1733 4898 1792 4962 est,

133 5000 207 5056 Cae.
223 4999 259 5056 V.
274 5002 317 5055 De
332 5002 375 5056 tis
390 5003 449 5070 qut
467 5003 674 5056 ineatrems'e
684 5002 857 5070 poenitent.
968 4998 1042 5070 qula
1055 4995 1134 5052 velle
1144 4996 1178 5050 in
1191 4997 1342 5067 potestate
1354 4992 1490 5049 hominis
1503 4993 1550 5045 est
1573 5005 1582 5058 3
1606 4991 1636 5042 et
1654 5000 1717 5041 ηοη
1739 4998 1793 5056 po·

118 5088 268 5155 Quaerunt
274 5088 486 5162 quidamquid
498 5089 535 5145 de
547 5090 586 5145 iis
600 5088 794 5145 sentiendum
807 5088 848 5143 sit
857 5087 912 5159 qui
967 5089 1028 5142 test
1040 5085 1231 5142 voluntatem
1247 5082 1351 5139 tollere
1374 5080 1494 5139 homini
1516 5078 1621 5149 aliqua
1646 5072 1796 5131 violentia

84 5178 117 5235 in
132 5179 265 5252 parcatis
280 5179 452 5250 sciensque
466 5177 608 5234 adfinem
624 5178 911 5250 vitaeperseverant,
968 5174 1157 5230 extrinsecus
1182 5172 1352 5241 incurrens,
1371 5184 1470 5243 neque
1496 5165 1672 5234 infirmitas,
1692 5174 1799 5233 neque,

86 5270 116 5323 et
144 5270 248 5325 tamen
271 5267 304 5323 in
320 5267 465 5322 extremis
488 5270 585 5322 morte
609 5265 790 5321 imminente
814 5262 913 5319 territi
969 5262 1139 5317 adversitas
1151 5261 1224 5331 ulla,
1237 5275 1337 5333 neque
1351 5261 1516 5332 paupertas
1531 5253 1724 5312 voluntatem
1739 5249 1794 5305 ho·

91 5358 342 5429 compunguntur
355 5358 385 5416 et
400 5355 560 5427 poenitent,
573 5358 604 5410 et
625 5368 662 5409 ex
677 5356 742 5408 toto
756 5350 845 5408 corde
858 5350 913 5406 mi·
969 5351 1046 5407 mini
1060 5349 1164 5406 tollere
1182 5352 1283 5423 potest
1297 5348 1357 5404 nisi
1371 5349 1437 5420 ipse
1452 5346 1544 5401 horno
1556 5340 1697 5399 voluerit.
1708 5338 1797 5410 Opus

93 5446 288 5503 sericordiam
315 5448 345 5500 et
371 5443 594 5514 indulgentiam
612 5444 756 5514 querunt
776 5440 869 5495 etiam
889 5439 915 5495 si
970 5442 998 5496 ei
1021 5439 1135 5495 auferri
1153 5440 1263 5510 potest,
1284 5437 1377 5493 etiam
1402 5433 1525 5508 quando
1547 5433 1613 5504 ipse
1635 5443 1697 5484 non
1716 5425 1797 5495 vult,

94 5537 334 5593 satisfactionem
349 5532 478 5589 articulo
492 5527 914 5603 temporispraeventipersol·
970 5528 1114 5586 voluntas
1138 5542 1200 5583 non
1215 5529 1325 5598 potest.
1341 5525 1506 5597 Propterea
1519 5536 1581 5576 non
1601 5521 1647 5574 est
1670 5517 1703 5572 in
1729 5516 1799 5588 ipso

93 5639 164 5679 vere
185 5639 247 5680 non
262 5626 401 5697 possunt.
416 5621 564 5689 Breviter,
579 5618 661 5691 quod
682 5617 759 5673 mihi
782 5617 915 5688 videtur,
972 5616 1094 5690 qnando
1109 5613 1273 5689 poesit‚sed
1286 5613 1397 5685 inipso
1411 5614 1458 5667 est
1474 5607 1597 5683 quando
1609 5603 1800 5674 velit,etiam

94 5710 230 5768 absolvo.
244 5712 311 5784 Ego
322 5715 399 5785 puto
413 5709 569 5768 hominem
581 5707 720 5782 quandiu
735 5707 770 5766 ω
781 5707 839 5764 hac
851 5707 917 5766 vita
971 5704 1114 5780 quamvis
1133 5718 1172 5760 ex
1185 5704 1253 5775 ipso
1265 5717 1328 5759 non
1341 5701 1382 5757 sit
1393 5698 1550 5769 voluntas,
1565 5692 1691 5769 quando
1702 5690 1773 5749 vult
1789 5706 1800 5762 3
