3742 6082
72 196 128 254 189

583 190 636 246 DE
657 183 944 246 SACRAMENTIS.
964 186 1073 247 LIBRI
1091 192 1106 249 I
1124 191 1225 252 PARS
1244 193 1268 251 1.

1727 202 1783 264 19⁰

75 320 179 377 abillo
194 333 260 375 1111
275 317 358 389 quod
376 318 449 384 erat,
466 319 558 386 atque
575 315 681 371 altillo
698 314 900 387 expetendum
917 307 942 362 A
957 309 1146 373 fnissesicut
1161 320 1403 392 supradiximus
1420 339 1426 377 τ
1456 326 1610 384 euivtctt
1637 329 1673 382 in
1694 336 1783 385 aetee

75 407 237 480 essequod
252 407 359 462 futura
380 407 455 472 erat,
471 408 624 475 quatenus
649 407 679 458 ct
694 420 748 474 pro
764 418 798 458 eo
823 403 904 474 quorl

77 499 233 568 acceperat
247 496 279 549 iu
292 494 463 565 gratiarum
477 493 627 548 actionem
639 496 814 562 exsurgeret
831 496 860 546 et
873 492 905 545 iu

78 587 108 640 id
135 584 220 657 quod
246 586 408 653 acceptura
432 585 498 635 erat
513 580 712 635 obtinendum
741 581 772 633 in
803 581 904 650 ipsum

77 675 218 730 affectum
233 671 406 727 dilectionis
418 668 571 724 dilataret.
588 669 667 723 Nam
683 673 712 723 et
732 669 800 739 ipsa
814 668 904 723 ratio·

78 762 156 818 nalis
171 764 313 817 creatura
328 758 461 831 quodam
477 774 533 813 suo
550 757 640 812 ruodo
660 757 746 829 prius
764 757 906 812 informis

79 854 158 908 lacta
175 856 231 919 est,
247 848 444 922 postmodum
458 863 511 919 per
526 847 755 903 conversionem
771 846 907 902 1110111-

80 945 176 996 torem
200 955 290 993 suum
315 937 496 1004 formanda,
526 942 556 992 et
569 936 681 993 idcirco
694 936 768 992 toris
781 935 867 1007 prius
879 935 907 991 11

79 1024 906 1096 demonstrataestinsormismateria,posteaformata,

81 1122 113 1173 ut
126 1119 247 1188 quanta
260 1115 338 1171 soret
359 1115 439 1169 inter
460 1129 525 1169 esse
539 1117 569 1168 et
583 1112 747 1184 pulchrum
768 1127 833 1168 esse
846 1111 905 1167 dis-

80 1205 179 1261 tantia
192 1203 387 1259 discerneret.
404 1203 448 1257 Ac
467 1218 520 1274 per
543 1203 600 1258 hoc
624 1201 781 1257 admonita
808 1204 854 1256 est
870 1215 907 1255 ne

81 1295 224 1350 contenta
234 1295 313 1347 esset
321 1307 356 1346 eo
368 1291 449 1362 quod
461 1306 513 1363 per
523 1290 728 1347 conditionem
740 1290 908 1346 aCreatore

81 1398 144 1438 ease
172 1384 340 1452 acceperat,
357 1379 452 1435 donec
481 1382 510 1434 et
535 1378 697 1451 pulchrum
725 1394 790 1434 esse
817 1381 908 1449 atque

80 1472 205 1527 beatum
221 1485 288 1524 esse
303 1468 531 1540 adipisceretur,
548 1467 629 1539 quod
642 1483 696 1538 per
712 1467 825 1522 amoris
839 1481 908 1521 con·

959 416 1040 457 111111
1061 409 1185 462 creauit
1201 411 1313 464 omnia
1334 413 1438 467 simut
1453 414 1563 477 (Erote.
1590 415 1783 488 xv111l,quia

959 491 1227 552 ecdemrnomento
1247 498 1383 554 simulet
1401 500 1570 557 visibilium
1585 504 1713 559 materia
1736 520 1782 560 es·

960 580 1130 638 sentialiter
1140 588 1242 640 creata
1254 589 1300 641 est
1315 589 1344 642 et
1363 588 1567 646 invisibilium
1587 595 1699 647 nature
1713 608 1721 662 ;
1737 593 1782 648 111-

960 665 1065 738 hiique
1076 675 1182 740 postea
1197 673 1314 730 iactum
1327 675 1414 748 cujus
1428 677 1461 731 in
1475 678 1543 750 ipso
1554 680 1720 750 primordio
1729 684 1784 737 aut

960 757 1088 811 materia
1097 759 1176 814 utin
1192 763 1370 834 corporibus
1384 768 1437 819 aut
1453 765 1621 823 similitudo
1629 772 1664 824 ut
1678 769 1711 824 in
1723 769 1783 841 spi·

961 841 1073 898 ritibus
1098 860 1158 901 non
1183 851 1477 919 p1·aeoesserit.Nam
1500 855 1557 910 etsi
1581 870 1668 912 novae
1684 856 1784 912 adhuc

961 932 1097 1003 quotidie
1121 940 1263 993 creantur
1285 939 1405 1008 animae,
1422 955 1503 997 nova
1523 946 1625 999 tamen
1645 948 1785 1001 ereatura

961 1033 1023 1074 non
1042 1020 1077 1075 fit
1091 1037 1101 1091 ;
1117 1023 1191 1093 quia
1219 1024 1251 1079 in
1274 1020 1421 1097 angelicis
1440 1029 1600 1102 spiritibus
1622 1033 1686 1104 jam
1711 1035 1784 1089 lunc

961 1108 1086 1178 quando
1106 1110 1289 1168 creabantur
1297 1115 1362 1186 ejus
1371 1116 1539 1175 similitudo
1548 1121 1785 1192 praecessitliuo

962 1200 1064 1252 autem
1087 1214 1170 1256 nuuc
1198 1201 1287 1257 nobis
1315 1202 1506 1261 discutienda
1532 1213 1702 1265 accurunt:
1724 1213 1784 1284 pri·

961 1298 1058 1354 mum,
1073 1285 1127 1342 illa
1137 1288 1243 1360 11111111
1253 1291 1437 1349 conditionis
1446 1295 1546 1351 forma
1559 1296 1700 1354 informis
1711 1315 1786 1371 qua·

962 1370 1000 1426 lis
1016 1373 1109 1430 fuerit
1126 1379 1323 1450 ;secundum,
1339 1381 1470 1453 qualiter
1479 1399 1516 1439 ex
1535 1383 1590 1439 illa
1598 1386 1788 1444 informitate

964 1459 1094 1518 adhaec
1110 1479 1203 1535 quam
1219 1483 1301 1522 nunc
1313 1468 1406 1525 habet
1416 1470 1546 1527 formam
1559 1474 1709 1545 producta
1719 1477 1769 1533 sit.

83 1560 254 1615 versionem
268 1556 790 1627 111111111111111111111·111.01011
803 1555 909 1626 siquis
964 1566 1030 1618 clP.
1045 1568 1076 1617 vl
1092 1568 1233 1635 1111111111
1247 1573 1419 1637 informitate
1435 1588 1531 1628 rerum
1556 1580 1681 1632 omnium
1697 1581 1790 1647 quotis

81 1649 200 1720 qnaerat
214 1662 285 1718 quar
299 1644 459 1700 rationalis
474 1648 613 1698 creatura
627 1645 691 1715 jam
706 1648 780 1700 tnnc
793 1644 826 1698 in
840 1644 907 1716 ipso
922 1650 947 1705 B

82 1735 189 1791 muudi
199 1734 369 1807 primordio
380 1733 532 1788 exstiterit
540 1733 589 1787 cui
599 1733 656 1787 hoc
664 1732 836 1804 exemplum
846 1748 911 1804 pro

81 1825 150 1896 poni
160 1821 910 1893 debuisset,lacilerespondeturjamtunccreatos

82 1915 175 1969 111111
186 1913 314 1984 angelos
325 1913 379 1985 qui
390 1912 447 1967 hoc
457 1912 539 1967 tacto
548 1911 785 1965 admonerentur
795 1910 911 1981 seipsos

82 2018 255 2074 agnoscere,
272 2005 302 2057 et
326 2001 474 2073 usquein
498 2001 588 2055 finem
611 1999 752 2055 homines
778 1997 910 2067 tuturos,

84 2090 250 2164 quodlicet
269 2091 327 2145 hoc
344 2088 467 2161 quando
490 2089 666 2143 factumest
683 2103 744 2143 non
767 2086 910 2154 viderint,

85 2184 185 2235 tamen
200 2195 256 2251 per
271 2178 445 2249 Scripturas
458 2177 565 2244 edocti,
581 2176 772 2232 factumesse
786 2175 912 2231 omnino

83 2270 144 2341 jam
159 2269 277 2324 nescire
291 2283 352 2322 non
369 2266 497 2338 possint.
514 2265 545 2320 Si
560 2265 682 2320 cuihaec
699 2279 791 2335 quam
807 2277 913 2334 propo·

87 2358 204 2413 suimus
216 2356 297 2411 ratio
318 2355 422 2410 minus
441 2354 592 2408 sufficiens
613 2353 768 2407 videbitur
780 2352 819 2406 ad
833 2366 911 2406 eom·

87 2445 277 2518 probandam
305 2446 441 2498 nostram
466 2441 723 2496 existimationem
751 2441 788 2495 de
813 2455 913 2495 rerum

89 2535 251 2601 creatione,
265 2530 461 2587 concedimus
472 2529 558 2585 salva
567 2545 651 2601 pace,
663 2533 697 2584 ut
712 2528 760 2584 vel
770 2528 863 2583 aliam
876 2528 913 2584 ad

87 2622 164 2678 idem
180 2621 355 2677 evidentius
371 2618 632 2691 comprobandum
648 2617 802 2673 meliorem
823 2622 915 2688 atque

89 2711 280 2767 subtiliorem
293 2710 434 2779 exquirat
442 2725 451 2776 3
467 2713 521 2763 aut
536 2709 562 2762 si
577 2708 670 2779 hujus
683 2707 779 2779 partis
787 2707 915 2762 assertio

86 2801 128 2856 illi
143 2817 206 2856 non
220 2800 331 2872 placet,
347 2798 474 2853 alteram
494 2800 585 2869 prout
599 2797 674 2851 libet
692 2798 839 2850 assumat.
852 2795 916 2850 Nos

88 2895 189 2945 autem
212 2886 381 2944 secundum
403 2887 594 2958 propositum
610 2884 701 2955 ccepti
724 2884 821 2938 nostri
851 2898 915 2938 rem

89 2978 193 3032 ordine
208 2991 438 3048 prosequemur.

89 3066 160 3123 Car.
175 3065 227 3123 IV.
246 3068 360 3120 Utrum
369 3065 479 3132 potuit
491 3063 674 3131 aliquando
688 3076 756 3116 esse
773 3065 915 3116 materia

394 3155 466 3206 sine
489 3150 609 3220 forma.

121 3245 230 3302 Restat
242 3243 324 3298 enim
338 3245 374 3296 ut
389 3241 415 3296 11
431 3240 516 3312 prius
529 3239 688 3294 materiam
701 3252 803 3292 rerum
822 3237 916 3293 infor·

91 3347 168 3387 mem
184 3334 319 3387 creatam
330 3330 426 3385 fuisse
441 3329 617 3397 asserimus,
633 3331 739 3383 utrum
755 3342 792 3381 ne
801 3325 918 3397 aliquid

92 3421 156 3476 sine
169 3420 273 3476 torma
286 3420 416 3474 existere
428 3417 573 3491 potnerit,
587 3415 746 3488 qualemve
755 3414 920 3470 essentiam

92 3514 160 3564 autc
175 3509 311 3564 sormam
326 3506 456 3561 inditam
464 3505 610 3562 babuisse
625 3502 808 3559 credendum
823 3503 921 3571 sitos

93 3596 267 3652 tendamus.
286 3596 325 3651 Et
340 3598 374 3650 ut
389 3595 521 3650 breviter
536 3593 619 3666 quod
648 3608 739 3664 super
767 3591 824 3648 hoc
851 3606 917 3647 sen·

93 3685 233 3742 tiendum
263 3683 341 3740 mihi
364 3681 486 3739 videtur
501 3682 647 3753 aperiam,
668 3683 746 3736 certe
761 3694 823 3735 nou
845 3682 920 3750 puto

92 3775 223 3846 primam
247 3772 332 3828 illam
355 3786 456 3825 rernm
487 3770 624 3825 omnium
642 3767 802 3824 materiam
817 3766 919 3822 taliter

92 3862 258 3919 informem
271 3861 379 3928 luisse,
394 3862 429 3913 11
439 3857 554 3913 nullam
570 3856 696 3912 omniuo
716 3856 846 3910 formam
872 3854 922 3908 ha-

90 3951 190 4007 buerit
206 3967 214 4018 ;
230 3949 307 4021 quia
320 3963 375 4003 nec
390 3947 507 4018 aliquid
522 3945 582 4002 tale
598 3946 727 4001 existere
740 3959 838 4016 posse,
858 3958 920 3999 om·

91 4040 162 4096 uino
179 4037 267 4111 quod
281 4035 400 4108 aliquid
415 4052 479 4091 esse
504 4035 616 4090 habeat
642 4037 671 4088 et
700 4048 762 4088 non
786 4032 920 4102 aliquam

92 4128 223 4184 termam
241 4124 432 4180 crediderim.
450 4124 498 4179 Ita
514 4128 616 4178 tamen
645 4137 706 4176 non
731 4120 920 4176 1111111111-

96 4217 223 4272 formem
240 4229 309 4269 earn
324 4212 471 4286 appellari
485 4227 584 4284 posse,
600 4210 683 4283 quod
698 4211 730 4264 iu
745 4209 922 4264 confusione

1053 1647 1116 1711 suit,
1129 1656 1152 1699 et
1168 1654 1291 1715 quandiu
1307 1654 1425 1707 munaus
1435 1657 1467 1707 111
1475 1657 1525 1709 t'tta
1533 1661 1695 1723 permeruit.

1000 1726 1155 1791 Quantum
1171 1733 1318 1803 conjicere
1332 1736 1420 1807 potui
1435 1752 1472 1792 ex
1485 1736 1525 1793 iis
1547 1755 1617 1812 quae
1638 1742 1671 1797 in
1689 1740 1787 1814 Scrip-

965 1815 1043 1871 turis
1059 1816 1095 1871 dc
1110 1817 1167 1874 hac
1177 1835 1209 1874 re
1225 1821 1289 1876 siva
1303 1824 1466 1880 manifeste
1476 1826 1677 1884 siveobscurc
1688 1830 1787 1902 reperi

965 1903 1132 1960 secundum
1150 1907 1194 1962 rei
1212 1913 1305 1977 gestae
1325 1912 1485 1969 veritatem
1513 1931 1667 1988 expressa,
1689 1919 1788 1991 prima

964 1988 1018 2045 illa
1028 2007 1129 2048 rerum
1140 1997 1278 2052 omnium
1293 1998 1388 2054 moles
1405 2003 1529 2072 quando
1546 2011 1648 2060 creata
1662 2011 1718 2077 est,
1731 2009 1788 2064 ibi·

966 2078 1034 2135 dem
1048 2085 1122 2137 tunc
1137 2083 1241 2140 adesse
1254 2087 1378 2157 prodiit,
1395 2089 1449 2145 ubi
1464 2107 1546 2147 nunc
1560 2093 1692 2151 formata
1718 2098 1789 2153 sub·

967 2167 1058 2223 sistit.
1076 2169 1210 2242 Eratque
1237 2176 1391 2231 terrenum
1406 2176 1464 2233 hoc
1487 2179 1668 2238 elementum
1690 2186 1791 2242 medio

968 2256 1134 2329 eodemque
1148 2260 1210 2317 imo
1221 2260 1287 2318 loce
1296 2264 1459 2321 subsidens
1471 2269 1599 2335 (caeteris
1609 2272 1641 2326 in
1653 2287 1716 2327 una
1726 2288 1793 2329 con·

968 2344 1088 2402 lusione
1102 2349 1268 2420 permistis)
1280 2350 1380 2407 forma
1394 2353 1518 2411 meliore
1531 2358 1695 2429 praeditum
1708 2377 1717 2429 ;
1739 2363 1792 2418 sed

968 2433 1076 2489 iisdem
1091 2437 1330 2511 circumquaque
1345 2442 1378 2496 in
1391 2444 1516 2499 modum
1529 2448 1688 2518 cujusdam
1702 2451 1792 2506 nebu·

967 2519 1005 2576 1ae
1016 2524 1161 2594 oppansis
1176 2525 1220 2580 ita
1234 2526 1408 2584 involutum
1424 2535 1459 2586 ut
1474 2547 1619 2605 apparere
1640 2553 1700 2594 uon
1726 2555 1793 2612 pos-

969 2613 1015 2664 set
1026 2611 1108 2682 qnod
1122 2612 1191 2668 tult.
1210 2613 1264 2669 Illa
1279 2631 1351 2672 vero
1368 2618 1427 2673 tria
1440 2619 1472 2674 in
1488 2636 1561 2690 una,
1573 2624 1653 2680 sicut
1676 2626 1791 2684 dictum

969 2703 1026 2765 est,
1053 2700 1152 2757 adhuc
1182 2704 1361 2760 confusione
1386 2709 1534 2778 permista
1561 2711 1624 2766 sive
1640 2715 1744 2785 potius
1759 2717 1791 2772 iu

972 2802 1033 2840 uua
1047 2788 1244 2858 permistione
1259 2793 1397 2863 confusa,
1413 2795 1650 2870 circumquaque
1665 2816 1790 2874 suspen·

971 2889 1015 2942 sa,
1042 2890 1177 2948 eousque
1198 2879 1230 2932 in
1256 2879 1353 2935 altum
1380 2884 1614 2953 porrigebantur
1632 2903 1792 2962 quousque

933 2993 956 3048 C
972 2976 1053 3017 nunc
1068 2980 1223 3021 summum
1239 2982 1388 3039 corporeae
1403 2974 1550 3026 creaturae
1564 2975 1720 3046 pertingit.
1736 2978 1792 3036 To·

964 3054 1099 3130 ,tumque
1118 3052 1174 3108 hoe
1190 3056 1323 3126 spatium
1337 3057 1420 3128 quod
1434 3074 1452 3113 a
1467 3060 1624 3130 superficie
1639 3066 1726 3121 terrae
1737 3081 1795 3123 me·

972 3138 1022 3193 dio
1034 3139 1164 3210 jacentis
1178 3140 1243 3197 loco
1257 3159 1353 3215 usque
1365 3145 1405 3199 ad
1416 3150 1586 3202 extremum
1605 3165 1795 3223 supremum·

973 3243 1031 3298 que
1045 3229 1180 3285 ambitus
1206 3229 1275 3286 coeli
1288 3231 1416 3289 limitem
1442 3237 1537 3306 patet,
1562 3237 1615 3292 illa
1636 3240 1749 3297 nebula
1767 3246 1797 3299 et

973 3315 1102 3386 caligine
1116 3317 1300 3390 replebatur.
1318 3320 1445 3392 thuod
1459 3339 1541 3380 nunc
1557 3328 1630 3381 sunt
1644 3327 1723 3385 alvei
1733 3331 1798 3387 sive

974 3406 1135 3462 trachones
1149 3423 1312 3479 aquarum,
1332 3409 1397 3480 jam
1412 3415 1485 3468 tune
1506 3413 1622 3487 inipso
1644 3420 1798 3477 nascentis

973 3494 1083 3549 mundi
1097 3495 1219 3552 exordio
1235 3497 1268 3552 in
1284 3501 1371 3553 terrae
1385 3513 1509 3570 corpore
1523 3501 1629 3559 futura
1649 3507 1739 3577 aquia
1752 3524 1797 3565 re·

974 3581 1131 3653 captacula
1142 3586 1252 3655 parata
1266 3589 1363 3640 erant.
1381 3585 1417 3640 In
1432 3587 1546 3658 quibus
1568 3591 1660 3647 etiam
1685 3610 1799 3666 magna

974 3669 1027 3725 illa
1043 3671 1175 3742 abyssus
1191 3672 1238 3742 (de
1257 3688 1320 3744 qua
1347 3673 1485 3729 omnium
1506 3674 1622 3732 fluenta
1647 3695 1798 3752 aquarum

974 3757 1169 3830 producenda
1183 3759 1246 3814 sive
1261 3759 1428 3817 derivanda
1442 3761 1799 3836 fuerantlpatuloadhuc

975 3847 1062 3902 hiatu
1082 3862 1238 3918 vacuoque
1264 3847 1449 3905 horrendum
1472 3850 1505 3905 in
1540 3868 1675 3926 praecepa
1701 3858 1794 3916 inane
1827 3900 1829 3907 .

975 3935 1156 4008 preferebat.
1170 3932 1226 3990 Cui
1242 3936 1365 4008 quidem
1381 3938 1511 4011 desuper
1527 3943 1695 4000 tenebrosae
1714 3947 1799 4005 illius

975 4023 1115 4094 caliginis
1130 4039 1192 4095 qua
1204 4027 1269 4079 tota
1285 4028 1358 4081 tunc
1367 4029 1454 4083 terrae
1467 4030 1642 4100 superficies
1654 4033 1801 4092 obvoluta

976 4116 1041 4167 erat
1056 4111 1167 4167 nebula
1183 4112 1386 4184 tendebatur;
1403 4131 1491 4186 quae,
1508 4121 1543 4173 ut
1564 4134 1635 4191 ergo
1658 4123 1800 4196 arbitror,

977 4200 1127 4268 tenebras,
1143 4199 1300 4272 Scriptura
1316 4217 1384 4257 cum
1400 4203 1510 4259 coelum
1522 4209 1552 4260 et
1563 4209 1644 4263 terra
1671 4225 1803 4270 crearen-

94 4308 121 4360 et
131 4303 336 4377 permistione
350 4302 485 4374 quadam
501 4301 682 4367 subsistens,
697 4297 832 4353 nondum
843 4296 923 4351 hano
937 4334 965 4390 D
978 4291 1028 4343 tur
1056 4304 1147 4360 super
1175 4288 1283 4344 taciem
1305 4289 1410 4360 abyssi
1434 4291 1529 4348 111111
1553 4299 1692 4354 testatur.
1718 4301 1802 4358 Talis

95 4393 125 4447 11
139 4409 203 4465 qna
216 4407 301 4447 nuuc
315 4392 460 4458 cernitur,
476 4389 634 4462 pulchram
650 4391 815 4458 aptamque
826 4385 924 4456 dispo-

96 4481 236 4536 sitionem
250 4485 281 4536 11
293 4480 424 4535 formam
441 4476 672 4549 111111111111111
694 4478 765 4529 ante
790 4473 922 4529 formam

97 4569 191 4625 tracta
206 4573 254 4624 est
269 4568 515 4635 materia,tamen
530 4566 563 4620 in
579 4565 686 4619 torma.
696 4562 733 4618 In
748 4562 847 4617 torma
857 4577 924 4616 con-

97 4657 237 4724 tusionis,
261 4661 332 4712 ante
362 4656 492 4711 formam
521 4651 742 4724 dispositionis.
767 4650 802 4704 ln
824 4651 924 4722 prima

99 4745 196 4802 torma
210 4744 402 4802 confusionis
417 4744 502 4815 prius
517 4740 717 4798 materialiter
732 4739 835 4793 omnia
858 4754 923 4793 cor·

99 4833 215 4905 poralia
227 4833 321 4888 simul
334 4836 364 4887 et
379 4832 470 4887 semel
486 4834 588 4886 creata
614 4832 687 4884 sunt
704 4843 713 4895 3
728 4827 761 4880 in
790 4827 922 4882 secunda

99 4922 197 4978 torma
210 4921 423 4993 dispositionis
437 4918 633 4992 postmodum
658 4933 710 4988 per
727 4933 781 4973 sex
804 4915 925 4971 dierum

99 5010 261 5067 intervalla
273 5009 424 5065 ordinata.

100 5100 172 5158 Cn).
192 5098 230 5156 V.
244 5101 353 5154 Simul
372 5103 484 5153 creata
498 5095 741 5165 succrementa,
760 5096 795 5149 id
815 5098 864 5149 est
885 5094 928 5148 vi·

326 5187 486 5242 sicilicet
502 5186 696 5240 inuisibilia.

134 5275 193 5332 Sed
207 5290 264 5330 nec
277 5274 366 5344 illud,
381 5278 533 5347 quantum
549 5273 667 5344 opinor,
678 5267 847 5325 absurdum
858 5268 925 5336 1111,

102 5366 126 5421 ri
140 5364 295 5422 credimus
310 5378 408 5418 unum
430 5366 460 5418 et
483 5361 562 5417 idem
585 5375 710 5432 prorsus
738 5360 927 5412 momentum

102 5454 249 5526 temporis
260 5453 359 5509 luisse
374 5466 435 5523 quo
450 5451 482 5506 in
498 5449 646 5523 principio
660 5445 752 5502 simul
774 5448 875 5500 creata
889 5444 930 5499 sit

103 5545 250 5597 1111111111
270 5539 442 5595 visibilium
466 5537 731 5610 corporaliumque
745 5532 884 5602 materia,
900 5535 930 5586 et

104 5630 309 5689 invisibilium
325 5629 359 5685 in
374 5628 511 5700 angelica
523 5630 635 5683 natura
649 5623 782 5680 essentia
796 5638 805 5692 3
830 5624 860 5678 et
873 5620 930 5677 boc

102 5719 265 5792 essequod
285 5719 446 5791 Scriptura
459 5716 552 5774 refert
577 5714 682 5774 omnia
707 5710 801 5771 simul
829 5712 931 5768 creata

977 4377 1085 4432 mnndi
1099 4377 1193 4431 iacies
1205 4378 1238 4432 in
1248 4377 1398 4450 principio
1413 4380 1595 4453 prinsquam
1611 4385 1742 4444 formam
1756 4405 1801 4446 11-

977 4466 1089 4537 ciperet
1104 4468 1158 4520 aut
1172 4464 1414 4537 dispositionem,
1430 4484 1484 4541 per
1503 4468 1692 4543 Scripturam
1708 4477 1802 4549 signi·

976 4553 1086 4608 ficatur
1098 4568 1166 4608 cum
1180 4553 1309 4609 dicitur:
1325 4556 1365 4609 [11
1375 4559 1544 4627 principio
1574 4565 1699 4619 creavit
1716 4568 1802 4623 Deua

979 4645 1094 4697 eretum
1110 4646 1142 4696 et
1156 4647 1292 4697 terram.
1312 4645 1409 4698 Terra
1425 4652 1538 4702 autem
1560 4654 1632 4704 erat
1646 4653 1804 4712 1111111111

979 4745 1083 4787 vacca
1115 4732 1202 4801 (Gen.
1220 4730 1242 4801 1)
1252 4748 1264 4798 ,·
1278 4731 1352 4799 sive,
1369 4736 1404 4786 ut
1431 4733 1491 4788 alia
1520 4736 1681 4794 translatio
1699 4741 1803 4814 habet,

981 4843 992 4868 ‹
1011 4821 1238 4887 incomposito,
1251 4840 1261 4866 1
1275 4825 1306 4873 et
1317 4821 1455 4876 tenebroe
1466 4829 1670 4895 eraotsuper
1680 4829 1802 4898 facicm

979 4908 1088 4975 abyssi
1103 4907 1216 4977 (ibid).
1232 4907 1289 4961 Per
1306 4908 1415 4963 coelum
1427 4925 1561 4982 namque
1572 4918 1602 4967 et
1611 4917 1733 4988 terram,
1740 4935 1803 4975 ma·

981 4995 1088 5050 teriam
1103 4993 1188 5049 illam
1204 4995 1342 5051 omnium
1358 4996 1527 5055 eoelestium
1543 5002 1803 5081 terrestriumque,

980 5083 1116 5140 hocloco
1132 5083 1299 5154 significari
1313 5086 1438 5157 put0,de
1450 5096 1626 5161 quapostea
1645 5097 1805 5153 succeden-

981 5175 1026 5228 ter
1037 5173 1071 5227 in
1086 5171 1185 5228 torma
1199 5171 1365 5229 factasunt
1380 5190 1448 5247 quae
1461 5176 1494 5231 in
1504 5177 1573 5250 ipsa
1587 5181 1674 5252 priua
1697 5199 1752 5256 per
1764 5201 1808 5241 es·

982 5261 1113 5316 sentiam
1129 5259 1222 5315 simul
1235 5263 1336 5316 creata
1356 5261 1491 5320 fuerunt.
1507 5265 1554 5321 Ibi
1570 5282 1704 5340 namque
1725 5275 1805 5328 terra

982 5351 1046 5404 erat
1060 5348 1161 5420 ipsum
1181 5351 1269 5402 111111
1284 5347 1480 5422 elementum,
1496 5356 1526 5408 et
1555 5353 1664 5410 coslum
1693 5357 1805 5416 mobile

982 5441 1048 5493 erat
1059 5435 1113 5491 illa
1127 5439 1156 5491 et
1170 5434 1248 5490 levis
1264 5436 1403 5494 conlusio
1418 5438 1607 5513 reliquorum
1624 5443 1718 5501 trium
1734 5463 1804 5519 quta

982 5526 1016 5582 in
1026 5524 1143 5580 circuiti
1156 5524 1256 5580 medio
1268 5525 1399 5596 jacentis
1412 5530 1499 5584 terrae
1514 5544 1670 5599 suspensae
1693 5533 1806 5594 fereba-

984 5618 1035 5670 tur
1049 5629 1059 5682 3
1074 5616 1103 5668 et
1118 5612 1167 5667 his
1183 5612 1303 5670 duobus
1318 5615 1456 5670 omnium
1466 5629 1628 5688 corporum
1636 5619 1805 5686 celestium

984 5703 1048 5760 sive
1061 5701 1252 5760 terrestrium
1266 5702 1496 5761 formandorum
1518 5707 1651 5766 matoria
1676 5717 1818 5774 cenem
