3742 6082
117 211 169 269 ott
427 201 601 260 HUCONIS
619 200 673 258 Du
690 201 721 289 S,
741 199 912 258 victoriis
930 196 1015 255 OPP.
1036 197 1136 258 PARS
1154 200 1194 258 11.
1214 231 1250 245 -
1267 201 1512 258 DOGMATIGA.
1768 203 1820 262 m

117 336 262 394 manibus
287 336 511 390 sacramentum
535 333 600 403 ejus
619 337 714 399 tenes,
741 329 937 401 corporaliter
951 329 978 384 A
993 331 1053 383 cnr.
1082 335 1146 385 illl.
1173 334 1248 398 Quod
1277 334 1419 386 celebratio
1455 331 1651 384 conserationis
1695 333 1819 400 corporis

118 429 219 482 tecum
230 427 285 480 est.
302 422 430 487 Quando
445 436 495 476 ore
518 420 657 489 suscipis,
682 417 878 488 corporaliter
899 421 941 471 te·
1028 416 1130 468 christi
1145 416 1232 467 sitiret
1246 418 1367 476 occatur,
1385 417 1408 465 et
1432 413 1542 479 quondo
1568 413 1662 468 otissa
1685 419 1710 464 et
1731 426 1750 466 o
1768 428 1818 480 qno

120 529 189 571 oum
205 516 260 568 est.
276 511 403 577 Quando
425 509 601 574 manducas,
626 508 656 560 et
680 506 803 576 quando
825 509 941 576 gustos,
1025 499 1146 557 oritanus
1163 502 1198 546 est
1215 496 1339 547 instituto
1367 492 1662 546 remissionemve.

121 600 315 672 corporaliter
331 602 429 652 tecum
446 598 500 649 est.
517 594 657 665 Denique
668 595 700 649 in
717 595 833 662 visu,in
847 597 941 662 tectu,
1031 594 1200 649 celebratio
1215 595 1317 650 misses
1331 595 1362 649 in
1375 593 1694 651 commemorationem
1710 593 1820 664 passio

120 690 153 744 in
164 703 279 760 sapore,
295 682 492 755 corporaliter
507 686 606 736 tecum
619 681 820 746 est.Quandiu
835 697 943 736 sensus
996 684 1045 738 nis
1060 684 1174 739 Christi
1190 685 1310 754 agitur;
1327 684 1407 738 sicut
1427 683 1491 754 ipse
1506 683 1650 753 praecepit
1673 681 1819 753 apostolis

121 774 315 848 corporaliter
337 770 476 838 officitur,
504 770 668 841 praesentia
689 771 754 841 ejus
778 769 943 841 corporalis
997 771 1120 826 tradens
1132 771 1176 826 eis
1190 774 1334 843 corpuset
1345 768 1747 840 sanguinemsuum,dioens:
1758 771 1820 824 Hoc

120 880 182 919 non
196 861 341 915 aufertur.
355 860 523 929 Postquam
538 863 641 912 autom
657 874 766 913 sensus
778 857 943 928 corporalis

119 952 152 1006 in
166 948 360 1020 percipiendo
382 947 493 1015 deficit,
515 946 657 1016 deinceps
678 946 843 1017 corporalis
867 961 940 1017 prse-

120 1038 219 1094 sentia
232 1035 396 1107 quaerenda
409 1051 470 1090 non
486 1038 541 1103 est,
558 1035 609 1090 sed
622 1035 792 1105 spiritualis
813 1035 942 1090 retinen·

120 1125 364 1196 da‚dispcnsetio
379 1123 529 1194 completa
541 1126 587 1178 est
596 1124 765 1194 perlectum
774 1138 943 1179 sacramen·

121 1217 188 1270 tum
202 1212 303 1268 virtus
317 1214 421 1266 manet
435 1227 442 1278 ;
458 1210 600 1269 Christus
616 1211 653 1265 de
668 1227 719 1265 ore
735 1211 773 1265 ad
787 1227 839 1266 cor
859 1214 943 1266 tran·

120 1302 170 1356 sit.
187 1299 299 1355 Melius
314 1299 429 1354 esttibi
445 1303 479 1353 ut
493 1313 528 1353 ea
540 1299 572 1353 in
587 1302 720 1353 mentem
735 1304 831 1366 tuam,
850 1314 943 1369 quam

120 1389 154 1443 in
168 1392 306 1444 ventrem
323 1390 421 1441 tuum.
439 1386 533 1441 Cibus
547 1387 615 1440 istae
631 1387 741 1442 animae
764 1404 825 1442 non
841 1403 942 1458 corpo·

120 1478 163 1532 ris
177 1480 232 1532 est.
246 1475 316 1530 Noli
331 1475 442 1547 inipso
455 1490 590 1546 quaererc
623 1476 875 1530 consuetudinem
903 1476 943 1530 ci·

120 1565 153 1620 bi
166 1563 341 1635 corporalis.
357 1563 448 1618 Venit
463 1562 501 1617 ad
516 1567 544 1617 te
560 1567 595 1618 ut
616 1563 801 1631 comedatur,
829 1579 890 1617 non
909 1564 945 1617 ut

997 859 1098 927 facite
1107 861 1143 912 in
1154 874 1260 914 eneam
1270 860 1609 913 cornmemorotionent
1626 859 1713 926 (Luc.
1729 855 1817 925 xxa).

997 947 1086 1007 Hanc
1109 947 1234 1001 missam
1260 947 1369 1001 beatus
1393 947 1501 1000 Petrus
1527 944 1683 1017 apostolus
1704 944 1819 1016 primus

998 1036 1135 1090 omnium
1156 1035 1326 1090 Antiochino
1350 1034 1462 1089 dicitur
1492 1033 1679 1101 celebrasse;
1703 1033 1737 1088 in
1762 1048 1820 1104 qua

997 1128 1059 1179 tres
1074 1128 1195 1179 tantum
1209 1124 1362 1179 orationes
1377 1124 1410 1178 in
1421 1123 1510 1177 initio
1531 1122 1601 1177 fidei
1626 1121 1814 1190 dicebantur,

997 1211 1177 1283 incipientes
1191 1212 1230 1266 ab
1245 1227 1280 1266 eo
1291 1211 1357 1267 loco
1370 1212 1424 1267 ubi
1438 1211 1568 1266 dicitur:
1597 1211 1693 1265 Hanc
1719 1211 1820 1280 igitar

999 1300 1323 1356 oblationemCaetera
1334 1303 1388 1353 aut
1400 1302 1506 1370 postea
1521 1314 1539 1352 a
1551 1299 1666 1354 sanetis
1678 1298 1818 1354 Patribus

998 1388 1126 1444 diversis
1141 1389 1341 1460 temporibus,
1357 1387 1479 1443 diversa
1493 1387 1611 1459 adjecta
1623 1391 1707 1442 sunt.
1728 1387 1818 1442 Missa

999 1481 1101 1532 autem
1116 1477 1197 1531 dicta
1206 1480 1252 1532 est
1264 1475 1353 1547 quasi
1362 1476 1553 1543 transmissa,
1569 1474 1617 1530 vel
1629 1475 1720 1546 quasi
1730 1477 1821 1535 traua

999 1564 1115 1632 missio,
1132 1580 1166 1618 eo
1184 1564 1266 1635 quod
1289 1563 1421 1636 populus
1445 1562 1542 1618 fidelis
1563 1577 1617 1634 per
1639 1563 1817 1632 mysterium

122 1654 330 1708 consumatur.
344 1651 436 1706 Venit
450 1654 485 1705 ut
497 1655 646 1721 gustetur,
670 1666 731 1705 non
754 1653 788 1704 ut
812 1651 945 1722 incorpo
959 1665 984 1720 Β
999 1638 1819 1723 sacerdotis‚quimediatorisvicefung‘iturinterDeum

122 1744 216 1795 retur.
231 1740 424 1809 Augustinus
456 1755 561 1793 vocem
574 1739 610 1794 de
624 1739 698 1793 coelo
720 1738 849 1807 audivit,
871 1739 944 1810 quia

120 1828 178 1884 hoc
193 1843 210 1882 a
224 1828 353 1882 terrenis
378 1827 423 1881 illi
442 1827 560 1882 diciaut
573 1827 749 1898 responderi
760 1843 821 1881 non
831 1827 941 1898 potuit.

121 1916 216 1971 Cibus
229 1931 296 1970 sum
311 1915 485 1984 grandium,
500 1929 598 1970 cresce
615 1920 645 1970 et
659 1915 861 1970 manducabis
873 1931 922 1970 me
934 1931 943 1982 3

121 2018 184 2057 non
198 2006 234 2057 ut
248 2017 296 2056 me
310 2005 411 2056 mutes
425 2002 457 2055 in
474 2006 512 2069 te,
528 2003 607 2056 sicut
626 2002 729 2056 cibum
747 2004 848 2057 carnis
870 2008 943 2070 tuae,

123 2091 175 2146 sed
190 2093 224 2145 tu
239 2090 408 2144 mutaberis
421 2090 521 2144 inme.
537 2090 645 2160 Itaque
659 2090 825 2161 prudenter
839 2090 946 2144 discer-

122 2194 170 2247 ne,
184 2178 237 2249 qui
251 2177 283 2231 in
299 2183 489 2233 sacramento
502 2178 557 2232 Dei
573 2178 676 2233 sensui
697 2178 868 2232 exhibitum
884 2179 943 2245 sit;

122 2266 197 2339 quid
211 2267 333 2338 spiritui
346 2267 618 2335 accommodatum,
646 2268 738 2321 etiam
760 2270 794 2320 ut
819 2268 845 2320 si
870 2267 946 2321 solet

121 2358 191 2428 post
205 2354 385 2426 completam
398 2355 621 2426 perceptionem
627 2354 744 2425 aliquid
756 2355 865 2409 iterato
879 2370 944 2409 sen·

998 1746 1028 1796 et
1043 1741 1298 1811 homines,prcces
1313 1743 1420 1794 etvota
1436 1742 1466 1794 et
1478 1738 1648 1794 oblationes
1655 1738 1719 1794 Deo
1730 1737 1820 1793 trane

998 1829 1111 1883 mittat.
1128 1829 1197 1899 Ipsa
1214 1829 1305 1883 etiam
1320 1827 1423 1882 hostia
1437 1841 1524 1881 sacra
1537 1826 1643 1894 missa,
1657 1826 1816 1897 vocaripo·

998 1919 1068 1983 test,
1082 1916 1155 1986 quia
1169 1916 1351 1969 transmissa
1362 1917 1407 1968 est
1418 1913 1553 1985 primum
1566 1912 1712 1969 sciliceta
1735 1913 1818 1968 Patro

999 2004 1088 2059 nobis
1104 2009 1138 2059 ut
1150 2004 1310 2059 nobiscum
1325 2005 1420 2069 esset,
1435 2004 1543 2073 postea
1566 2016 1585 2054 a
1609 2001 1699 2056 nobis
1724 2001 1814 2069 Patri,

999 2097 1033 2146 ut
1048 2092 1130 2165 apud
1144 2093 1266 2147 Patrem
1281 2106 1335 2162 pro
1351 2091 1439 2145 nobis
1451 2090 1659 2145 intercederet.
1685 2089 1817 2144 Primum

999 2195 1018 2232 a
1030 2179 1120 2234 Patre
1136 2179 1223 2233 nohis
1235 2194 1288 2250 per
1302 2177 1554 2245 incarnationem,
1570 2181 1676 2248 postea
1697 2176 1781 2232 Patri
1803 2191 1820 2229 a

999 2268 1089 2322 nobis
1103 2283 1156 2338 per
1171 2267 1360 2338 passionem.¹
1373 2265 1463 2321 Modo
1479 2267 1512 2320 in
1531 2269 1731 2321 sacramento.
1758 2256 1830 2319 Pri-¹

999 2371 1085 2410 mum
1100 2370 1119 2408 e
1133 2355 1224 2410 Patre
1236 2355 1325 2409 nobis
1340 2369 1393 2425 per
1408 2354 1689 2421 sanctificationem,
1703 2368 1765 2425 qua
1775 2367 1821 2406 no

123 2443 218 2509 seris,
233 2442 462 2514 inhocquoque
476 2443 589 2513 species
601 2442 639 2496 ad
652 2443 867 2513 proprietatem
883 2457 947 2496 sen·
999 2445 1118 2499 hiscum
1132 2458 1197 2498 esse
1211 2442 1658 2514 incipit,posteaPat1ianobis
1672 2456 1726 2514 per
1741 2439 1819 2496 oble·

124 2530 172 2585 sui
201 2529 379 2598 famulatur,
405 2533 439 2585 ut
462 2531 575 2585 veritas
599 2529 810 2584 similitudinis
831 2530 946 2601 ubique
1001 2533 1126 2598 tionem,
1142 2546 1268 2603 quapro
1284 2531 1374 2585 nohis
1388 2530 1556 2586 intercedit.
1575 2528 1821 2585 Velmissadicta

123 2619 330 2671 conservetur.
363 2617 442 2671 Nam
459 2617 531 2671 siin
547 2616 651 2688 aliquo
666 2620 818 2688 quantum
833 2617 947 2671 scilicet
1001 2623 1048 2674 est
1061 2620 1140 2674 sicut
1154 2618 1280 2690 quidam
1292 2621 1404 2690 putant
1417 2619 1455 2674 ab
1471 2618 1647 2687 emittenda
1665 2618 1815 2689 quietem·

124 2704 226 2759 sensui
242 2704 421 2759 exhibidum
435 2708 481 2759 est
493 2705 695 2759 similitudino
712 2704 860 2772 deiiceret,
885 2703 947 2759 illie
1001 2723 1072 2779 pore
1088 2722 1149 2779 quo
1164 2706 1304 2762 sacerdos
1317 2708 1426 2779 incipit
1438 2722 1612 2763 consecrare
1632 2721 1743 2778 corpus
1765 2704 1820 2760 Do·

73 2814 76 2821 ·
123 2791 335 2865 proculdubio
349 2797 573 2848 sacramentum
586 2792 806 2848 non'esset.Sed
820 2807 868 2847 res
880 2793 948 2863 ipsa
1001 2796 1088 2863 mini,
1102 2796 1312 2850 catechumeni
1327 2795 1410 2850 foras
1423 2796 1612 2850 emittuntur.
1630 2794 1721 2849 Lecto
1744 2793 1823 2848 enim

123 2880 301 2952 proderetur
315 2886 345 2937 et
359 2883 608 2938 manifestaretur
628 2881 768 2936 evidendi
789 2881 946 2949 miraculo,
1002 2882 1160 2953 evangelio
1175 2883 1322 2938 diaconus
1333 2882 1454 2939 clamat:
1466 2883 1497 2939 Si
1512 2880 1825 2955 quiscatechumenus

124 2967 207 3040 quod
223 2984 284 3024 nou
304 2971 447 3026 convenit
469 2970 606 3042 quandiu
628 2970 702 3024 fides
726 2968 827 3024 locum
844 2969 945 3024 habet.
968 2972 1090 3052 Gadest
1105 2975 1192 3026 exeat
1207 2971 1299 3026 foras.
1316 2971 1532 3028 Catachumeni
1547 2970 1640 3025 sacris
1662 2969 1822 3039 mysteriis

123 3056 197 3112 Post
209 3057 274 3113 haec
288 3075 359 3129 ergo
375 3061 401 3115 si
412 3059 597 3132 corporalem
615 3059 810 3131 praesentiam
834 3056 949 3113 Christi
1002 3060 1149 3114 interesse
1164 3075 1225 3114 non
1241 3059 1361 3128 debent,
1378 3076 1447 3132 qum
1459 3076 1521 3115 non
1534 3059 1595 3113 nisi
1606 3057 1772 3129 baptizatis
1797 3059 1827 3111 ct

124 3146 236 3217 quaeris
249 3147 282 3202 in
297 3148 372 3203 coelo
387 3149 550 3220 quieralbi
566 3164 668 3220 quaere
679 3149 733 3203 ubi
745 3151 775 3202 et
781 3147 867 3219 prius
877 3147 947 3215 tuit,
1003 3147 1188 3203 Christianis
1217 3149 1461 3217 committuntur,
1483 3148 1563 3203 sicut
1585 3147 1622 3201 de
1639 3146 1826 3218 quibusdam

125 3249 218 3306 quam
230 3251 283 3306 per
295 3241 520 3293 sacramentum
535 3253 625 3292 suum
640 3235 837 3307 corporaliter
848 3238 948 3290 tecum
1003 3235 1057 3306 qui
1066 3234 1352 3291 catechumenorum
1360 3234 1828 3305 otnoudumrenatorumtypum

124 3336 190 3378 esse
203 3323 361 3396 inciperet,
374 3330 404 3380 et
418 3325 497 3380 unde
509 3340 570 3380 non
583 3324 723 3380 discessit
737 3323 860 3395 quando
873 3322 949 3378 edte
1002 3323 1158 3393 gerebant,
1172 3324 1320 3396 scriptum
1335 3326 1396 3379 ost:
1416 3324 1489 3391 Ipse
1510 3327 1621 3377 autem
1640 3324 1736 3376 lesus
1762 3337 1829 3377 aon

122 3410 218 3468 venit.
1003 3413 1152 3466 credebat
1167 3427 1201 3467 se
1215 3415 1285 3468 iltis
1298 3413 1401 3483 (loon.
1417 3409 1464 3482 11).

857 3594 1109 3609 *—

761 3744 940 3858 PARS
984 3743 1198 3858 NONA.

568 3984 623 4040 DE
642 3985 865 4042 MINORIBUS
884 3983 1161 4041 SAGRAMENTIS
1179 3986 1229 4042 ET
1248 3984 1392 4041 SACRIS.

127 4164 200 4222 Gar.
217 4163 240 4219 1.
256 4165 300 4219 De
312 4162 531 4217 sacramentis
544 4175 615 4231 quoe
625 4164 669 4216 aot
680 4165 951 4220 exercitationem
965 4170 993 4228 Ι)
1005 4165 1269 4220 virtuteinvocata
1282 4160 1586 4229 sanctificentur,sivo
1601 4156 1733 4214 solafide
1745 4155 1832 4210 exhi-

162 4255 320 4309 inatituto
332 4256 422 4319 eant,
448 4256 479 4305 et
502 4252 587 4320 quod
607 4253 720 4306 omnia
739 4252 950 4324 sanctifican-
1004 4255 1069 4309 bita
1083 4269 1137 4326 per
1151 4253 1287 4310 eamdem
1301 4252 1438 4307 divinam
1450 4250 1596 4305 virtutem
1612 4244 1830 4301 sanctificatio-

162 4348 219 4398 Μ
228 4357 289 4411 Pet
302 4341 433 4396 verbum
449 4341 516 4394 Dei·
1003 4344 1052 4398 nis
1069 4343 1208 4398 effectum
1221 4342 1382 4414 accipient.
1400 4339 1460 4395 Ubi
1474 4340 1555 4393 enim
1576 4350 1649 4391 vera
1673 4333 1749 4388 tides
1771 4334 1830 4401 est,

160 4428 386 4500 Suntqueedam
401 4427 632 4483 sacramentam
645 4427 780 4483 Ecclesia
792 4428 950 4499 inquibus
1003 4431 1132 4486 verbum
1145 4431 1200 4486 Dei
1215 4431 1319 4486 deesse
1333 4444 1395 4485 non
1410 4429 1529 4499 potest,
1546 4424 1620 4497 quia
1630 4423 1736 4494 ipsum
1761 4435 1829 4475 ver·

126 4518 183 4573 etei
197 4514 407 4588 principaliter
423 4514 506 4569 salus
521 4530 583 4569 non
598 4519 726 4584 constet,
747 4519 852 4572 tamen
866 4516 950 4572 salus
1003 4519 1080 4574 bum
1093 4518 1152 4573 fide
1164 4519 1344 4591 concipitur,
1357 4520 1387 4573 et
1404 4532 1457 4588 per
1474 4513 1565 4570 fidem
1584 4512 1737 4583 operatur.
1757 4509 1828 4563 Om-

125 4621 162 4661 ex
175 4607 219 4660 eis
241 4606 380 4674 augetur,
404 4603 437 4657 in
463 4605 614 4675 quantum
637 4603 757 4660 devotio
781 4609 947 4661 exercetur.
1004 4609 1074 4676 reio,
1091 4608 1194 4680 inquit
1208 4606 1388 4680 Apostolus,
1417 4614 1618 4675 quoeounque
1639 4598 1768 4668 facitis,
1790 4599 1830 4650 in

126 4694 198 4749 ilaec
212 4693 283 4748 licet
294 4691 481 4764 inpraesenti
493 4692 597 4747 omnia
608 4694 780 4749 enumerari
794 4710 856 4750 non
880 4710 948 4767 pos·
1004 4698 1137 4752 nomiae
1149 4698 1281 4752 Domini
1295 4695 1397 4765 facite
1422 4693 1531 4765 (Color.
1547 4688 1605 4760 m).
1628 4687 1700 4742 Non
1722 4687 1828 4741 autem

125 4782 199 4850 sint,
210 4780 350 4852 quaedam
362 4785 465 4835 tamen
477 4779 679 4836 intermittere
693 4797 754 4837 non
768 4787 948 4855 oportetpro
1003 4799 1192 4857 consequeus
1206 4788 1252 4839 est
1266 4787 1301 4840 ut
1324 4782 1532 4853 intelligamus
1553 4774 1736 4850 Apostolum
1751 4787 1829 4845 prse-

124 4864 262 4943 exemplo
277 4869 500 4925 universorum.
518 4868 564 4923 Ex
579 4868 628 4924 his
643 4869 738 4939 igitur
749 4870 948 4926 sacramentis
1003 4873 1128 4946 cepisse,
1143 4872 1225 4945 quod
1246 4872 1279 4927 in
1308 4870 1453 4928 omnihus
1476 4867 1575 4940 operis
1599 4862 1715 4920 nostris
1734 4860 1831 4917 verba

124 4958 185 5014 alia
199 4959 341 5012 constant
353 4957 386 5010 in
399 4956 502 5025 rebus,
518 4956 623 5029 qualia
647 4961 720 5014 sunt
742 4974 824 5030 aqua
846 4974 947 5031 asper·
1002 4962 1217 5032 proferremus,
1234 4959 1287 5015 sed
1305 4959 1386 5015 utin
1402 4952 1700 5027 omuibusoperibus
1714 4948 1831 5005 noetus

124 5047 232 5116 sionis,
249 5044 402 5116 susceptio
416 5045 537 5114 cineris,
553 5045 725 5101 benedictio
741 5062 896 5102 ramorum
919 5048 948 5101 et
1002 5049 1091 5104 iidem
1105 5053 1218 5104 rectam
1233 5051 1416 5104 teneremus.
1445 5044 1500 5101 Ille
1515 5043 1603 5099 enim·
1620 5038 1744 5096 nomine
1769 5036 1830 5092 Do·

123 5151 289 5203 cereorum,
305 5137 334 5188 et
350 5136 457 5187 caetera
471 5133 627 5188 talia.Alia
641 5138 743 5189 autem
759 5134 947 5189 constantin
1003 5137 1080 5190 mini
1094 5136 1198 5192 omnia
1210 5152 1279 5209 quae
1294 5136 1369 5191 iacit
1392 5137 1546 5206 oporatur,
1562 5129 1617 5203 qui
1640 5137 1698 5199 per
1715 5127 1831 5180 rectam

123 5225 213 5281 faoi-is
227 5223 333 5295 qualia
348 5225 420 5276 sunt
433 5221 626 5292 signaculum
644 5223 752 5290 crucis,
778 5221 948 5277 exsufflatio
1002 5222 1092 5278 fidem
1106 5225 1243 5294 agnoscit
1258 5240 1300 5292 se,
1317 5240 1371 5280 nec
1384 5224 1449 5279 sine
1463 5220 1516 5276 illo
1527 5215 1644 5289 aliquid
1654 5214 1728 5271 boni
1741 5227 1832 5285 posse

122 5311 365 5378 exorcizationis,
379 5310 526 5381 expansio
541 5324 700 5376 manuum,
712 5308 884 5362 incurvatio
898 5324 947 5378 ge·
1003 5311 1110 5381 iecere,
1124 5316 1153 5368 et
1165 5313 1190 5369 si
1205 5312 1280 5385 quid
1295 5313 1400 5368 fecerit
1411 5308 1566 5368 laudabile
1576 5309 1662 5362 entra
1676 5299 1832 5372 illumglo·

121 5418 231 5470 nuum,
244 5405 274 5455 et
289 5400 348 5455 alia
360 5397 546 5470 hujusmodi.
563 5397 632 5451 Alia
647 5397 679 5450 in
690 5396 779 5451 dictis
794 5400 946 5466 constant,
1002 5399 1075 5454 riori
1090 5416 1152 5455 non
1167 5401 1284 5457 debere.
1302 5400 1360 5467 Qui
1375 5399 1504 5456 fideliter
1514 5398 1547 5452 in
1560 5393 1644 5450 omni
1661 5405 1751 5464 opere
1774 5403 1831 5444 suo

122 5492 201 5546 sicut
215 5487 378 5545 Trinitatis
393 5484 557 5551 invocatio,
570 5487 599 5537 et
615 5498 805 5555 quaecunque
819 5484 851 5538 in
866 5484 948 5539 hunc
1003 5490 1033 5542 et
1047 5491 1118 5543 ante
1132 5488 1248 5544 iactum
1264 5490 1302 5544 ab
1318 5489 1370 5545 illo
1395 5487 1546 5543 auxilium
1562 5480 1684 5555 quaerit,
1704 5480 1735 5533 et
1760 5477 1831 5548 post

120 5577 256 5632 modum.
269 5575 343 5632 Haec
358 5576 460 5628 autem
475 5570 579 5626 omnia
587 5586 639 5642 per
654 5571 782 5626 verbum
797 5571 854 5627 Dei
866 5587 948 5628 sanc·
1002 5574 1118 5631 factum
1132 5578 1231 5632 totum
1247 5576 1330 5649 quod
1345 5578 1487 5649 operatus
1502 5571 1687 5636 cathecum,
1703 5564 1743 5621 ad
1763 5562 1828 5620 lau-

120 5663 276 5720 tiiicantur
290 5664 354 5721 sivo
367 5676 421 5735 per
434 5658 640 5734 prolationem
657 5659 821 5717 verborum
842 5660 948 5723 diviua
1003 5663 1071 5719 dem
1084 5666 1114 5719 et
1126 5663 1255 5735 gloriam
1268 5667 1334 5737 ejus
1346 5664 1506 5722 convertit.
1521 5660 1609 5720 Sicut
1629 5669 1701 5727 ergo
1725 5651 1832 5712 omnia
