3742 6082
61 181 131 238 ttae

642 216 646 224 ·
722 188 768 245 DE
787 185 956 245 MEDICINA
973 185 1101 245 unium.

1710 194 1780 265 sits

57 300 130 359 bent
140 303 354 361 extremitatem
368 323 375 374 ;
388 305 527 377 agiliores
542 312 621 378 6661,
641 310 695 383 661
709 309 844 367 medium
857 307 891 365 ii·
908 312 933 367 Α
948 306 1089 367 iuferiora
1098 313 1239 384 tardiora,
1255 320 1288 373 ut
1303 315 1431 374 16616116.
1452 314 1567 372 Habent
1590 319 1691 375 autem
1713 272 1779 381 11166

57 390 115 447 lius
131 393 293 467 superioris
312 396 517 466 extremitatis,
533 398 655 467 minus3
685 399 738 474 qui
752 399 891 456 ultimum

57 481 213 539 tardiores.
238 484 398 557 inquibus
416 502 488 543 vero
503 488 641 558 gravium
655 489 812 562 praemiuet
831 503 893 545 me-

57 571 152 639 dium,
169 575 253 630 161116
266 589 386 647 semper
404 576 554 634 6611161661
573 582 602 635 61
614 584 762 648 61666661,
796 585 828 637 61
845 594 892 635 ar-

57 660 147 717 bores
161 665 190 718 et
202 662 313 719 herbae.
330 666 463 730 Quarum
482 682 550 739 quae
564 669 720 742 superiora
728 669 842 727 babent
855 668 890 724 ii-

59 747 116 805 lius
155 751 247 808 medii
273 752 412 823 gravium
443 754 531 811 altius
567 762 751 827 excrescunt,
785 763 818 815 ut
845 757 891 831 pi-

56 855 113 895 nus
134 845 170 921 61
200 841 284 898 61166
310 861 317 912 ;
340 860 407 916 quae
432 844 566 902 medium
593 847 671 904 illius
704 849 795 907 medii
827 865 891 919 316-

56 928 140 985 61616
182 930 292 999 611666,
327 936 361 989 61
399 932 494 1006 coryli
519 953 525 1002 ;
567 952 635 1009 6661
670 937 811 995 161611016
840 953 890 1011 pa·

56 1034 135 1088 rum,
152 1025 185 1076 ut
197 1019 334 1091 virgulta.
356 1025 388 1078 16
410 1022 522 1096 661166
548 1026 719 1084 extremitas
750 1027 892 1084 iuferiora

55 1109 377 1183 316616166166611661,
399 1113 670 1187 316616616166661,
684 1117 842 1191 6116611166
863 1122 892 1173 61

56 1198 185 1255 metalla.
203 1199 290 1255 Vides
304 1215 396 1269 nunc,
424 1202 608 1271 charissime,
633 1221 670 1260 ex
683 1202 890 1260 commistione

55 1285 273 1345 elementorum
287 1288 352 1345 fieri
362 1289 547 1347 diversitates
563 1308 673 1349 rerum.
690 1292 777 1349 Vides
787 1292 888 1359 etiam,

946 397 1064 470 reptilia
1072 398 1175 458 lumen
1189 419 1341 460 venenum
1352 408 1380 460 et
1390 401 1540 475 aculeum,
1570 405 1730 477 designant
1743 407 1780 464 si-

946 485 1069 558 quidem
1083 505 1215 563 66161666,
1231 492 1304 548 1610
1316 497 1346 549 61
1360 491 1477 549 16616110
1489 492 1638 566 quasdam
1656 494 1778 554 diversi-

946 577 1021 631 tates
1036 575 1205 648 hominum,
1221 579 1273 653 qui
1293 581 1483 638 continentur
1506 580 1537 637 in
1560 582 1686 641 mundo.
1715 586 1778 643 Ser·

945 679 1021 736 pens
1036 665 1173 724 videlicet
1200 672 1325 738 astutos,
1351 668 1425 725 buio
1451 668 1555 738 elatos,
1571 670 1689 730 testudo
1701 672 1778 731 desi·

945 751 1058 811 diosos.
1071 756 1186 812 itabant
1199 757 1343 814 desidiosi
1367 757 1475 814 limum
1500 761 1623 816 terreuae
1651 759 1779 819 delecta·

945 838 1044 896 tionis.
1060 842 1133 900 Elati
1143 844 1305 902 veinenum
1331 845 1429 902 lividae
1456 845 1658 904 detractionis.
1683 850 1778 907 nstuti

946 928 1084 986 aculeum
1098 933 1454 1004 pungentisinvectionis.
1472 933 1626 1006 inquibus
1641 935 1778 1006 31661016

945 1019 1141 1090 praeeminent
1163 1023 1344 1096 supradietis
1370 1024 1468 1095 magis
1493 1029 1562 1080 sunt
1594 1024 1775 1098 ponderosa.

946 1108 1091 1172 0616116111
1107 1113 1209 1167 161666
1229 1117 1298 1169 sunt
1326 1113 1439 1184 gravia,
1468 1114 1611 1187 quadam
1627 1114 1776 1187 graviora,

944 1197 1496 1272 66616631661661616.(1166166661,
1512 1207 1545 1258 ut
1565 1202 1662 1276 pisces
1678 1220 1686 1273 ;
1710 1219 1777 1275 316-

943 1285 1036 1354 61016,
1051 1289 1190 1345 61116116
1201 1295 1230 1346 61
1244 1289 1367 1347 6110166
1384 1309 1390 1359 ;
1404 1290 1583 1361 gravissima
1606 1296 1640 1350 61
1655 1291 1777 1349 metalla

56 1376 137 1447 quod
154 1377 245 1433 stalla
261 1377 386 1434 omuino
399 1379 457 1436 sint
477 1381 572 1451 igneae
585 1385 711 1437 naturae.
735 1384 784 1438 iiae
799 1380 890 1453 siqui·
944 1378 973 1430 61
985 1374 1114 1448 16611166.
1131 1377 1227 1435 Pisces
1238 1380 1357 1437 assidue
1376 1380 1408 1436 in
1436 1380 1522 1453 aquis
1538 1386 1566 1437 61
1585 1380 1648 1438 1610
1663 1381 1774 1453 jacent.

58 1464 128 1519 dem
141 1465 271 1538 praelatis
284 1467 443 1524 assimilari
466 1469 587 1539 debent,
607 1469 680 1542 quia
694 1485 890 1526 6016616166-
944 1465 1047 1521 1161116
1063 1470 1092 1521 61
1105 1467 1228 1524 6110166
1243 1472 1327 1525 terrm
1342 1470 1494 1526 radicibus
1508 1470 1664 1527 inhiarent.
1692 1471 1776 1545 Lapi-

57 1558 100 1609 tes
111 1559 139 1610 et
153 1570 287 1612 amorem
300 1556 445 1629 spirituaii
459 1557 585 1629 iervent,
605 1564 633 1616 et
646 1559 734 1616 bonis
744 1559 889 1633 exemplis
943 1553 1033 1611 desei
1047 1556 1171 1612 metalla
1187 1557 1244 1612 uisi
1267 1557 1481 1616 abstrahantur
1508 1559 1548 1615 ab
1561 1576 1607 1630 ea,
1630 1561 1777 1619 subterra

52 1641 162 1699 lucent.
179 1647 220 1700 lte
233 1644 280 1702 his
297 1645 376 1701 enim
388 1645 512 1704 dicitur:
529 1650 587 1717 Qui
600 1650 802 1720 adjustitiam
813 1650 924 1727 mul-B
942 1644 1044 1701 latent.
1062 1646 1151 1708 Quasi
1167 1646 1264 1719 pisces
1286 1652 1355 1704 sunt
1369 1648 1399 1704 in
1412 1648 1510 1722 aquis,
1530 1650 1583 1722 qui
1603 1649 1776 1708 fluctuantis

54 1735 97 1788 tos
112 1734 265 1801 erudiunt,
283 1736 475 1807 quasisteltoe
491 1738 522 1793 in
535 1745 697 1808 perpetuos
706 1741 888 1796 aeternitates
943 1733 1044 1789 seeeuli
1056 1734 1246 1805 exagitentur
1261 1735 1351 1792 curis.
1369 1738 1443 1793 Sunt
1459 1736 1553 1794 616111
1573 1738 1662 1811 quasi
1673 1738 1774 1796 1161116

52 1824 474 1899 [6166666161631166061
495 1843 556 1884 non
573 1832 690 1885 tamum
715 1833 834 1886 nostras
849 1834 889 1886 te.
942 1824 971 1877 et
981 1821 1117 1893 arbores,
1137 1824 1206 1879 totis
1221 1822 1375 1880 desideriis
1391 1828 1514 1881 terrenae
1540 1825 1698 1898 cupiditati
1710 1831 1775 1884 tan·

54 1912 164 1969 nebras
173 1914 267 1971 verbo
282 1915 505 1988 predicationis
525 1917 705 1988 illuminant,
730 1918 784 1975 sed
798 1918 888 1976 etiam
941 1926 1036 1983 qvem
1069 1910 1221 1967 radicibus
1251 1912 1448 1970 adherentes·
1482 1915 1609 1987 Lapides
1639 1929 1712 1972 veru
1745 1924 1775 1973 et

53 2002 237 2076 superiorem
250 2003 351 2060 locum
368 2021 430 2078 prae
443 2005 556 2061 caeteris
571 2011 701 2064 servant.
730 2007 795 2065 Vita
807 2007 887 2065 enim
942 1997 1063 2055 1111111111
1089 2004 1159 2056 suni
1199 2000 1276 2058 111111
1311 2008 1339 2058 11
1366 2001 1773 2073 111011181111111111111111111

54 2091 270 2163 praeminentet
289 2092 366 2149 1666
377 2093 533 2165 0616166110
556 2093 681 2151 limitem
702 2095 886 2152 rectitudinis
942 2087 1044 2145 eorde·

56 2183 166 2236 tenent.
184 2182 258 2237 Sunt
265 2187 366 2238 autem
378 2181 504 2255 quidam
516 2183 631 2256 praetati
644 2184 768 2241 minoris
778 2185 886 2255 meriti,
943 2178 1009 2233 Cur.
1025 2179 1094 2233 Viti.
1110 2179 1155 2235 De
1169 2185 1300 2252 quatuor
1314 2181 1475 2238 virtutibus
1496 2181 1636 2238 1116110666
1646 2182 1773 2252 comple-

54 2267 165 2340 quiex
192 2269 298 2325 merito
325 2269 392 2326 vitae
412 2269 616 2327 assimilantur
639 2272 758 2346 aquila.
780 2272 888 2345 Aquila
1184 2271 1271 2326 610111
1280 2270 1531 2327 ministrantibus.

53 2372 116 2429 prae
130 2358 240 2414 caeteris
253 2358 359 2414 avibus
380 2358 412 2415 iu
422 2359 517 2416 altum
530 2359 621 2417 volat.
637 2361 736 2417 Pullos
751 2378 821 2418 suos
846 2362 886 2418 ad
976 2355 1066 2412 Decet
1084 2356 1212 2428 physica
1228 2363 1358 2431 quatuor
1386 2373 1451 2414 esse
1480 2359 1603 2415 virtutes
1629 2359 1773 2417 1161116616
1808 2419 1811 2429 ,

53 2445 217 2504 6016611616
231 2452 386 2523 provocat,
410 2448 535 2505 60611661
548 2449 712 2507 claritatem
726 2450 797 2506 solis
816 2451 886 2507 irre·
940 2444 1141 2516 complexioni
1167 2446 1379 2515 ministrantes,
1408 2447 1545 2504 videlieet
1567 2448 1771 2522 appetitivam,

52 2535 215 2593 verberatis
225 2537 319 2593 oculis
335 2536 470 2609 aspicere
485 2537 573 2609 cogit.
589 2537 726 2595 volentes
740 2538 771 2595 id
787 2538 884 2596 iacere
938 2533 1127 2604 retentivam,
1141 2533 1320 2606 digestivam
1335 2538 1364 2591 et
1379 2535 1587 2608 expulsivam:
1603 2535 1773 2595 ministrent

54 2624 155 2692 nutrit,
171 2625 333 2683 uolentese
349 2625 420 2682 nido
435 2625 522 2698 661611.
539 2626 633 2682 nitius
648 2627 761 2684 6616116
777 2628 884 2684 avibus
938 2621 1018 2677 euim
1036 2621 1135 2678 virtuti
1148 2623 1304 2680 nutritivae.
1322 2624 1418 2681 Virtus
1433 2641 1502 2681 vero
1515 2625 1657 2682 nutritiva
1671 2624 1773 2683 minis

51 2717 123 2769 tuno
136 2713 237 2786 aquila
251 2714 341 2782 60161,
357 2714 432 2771 dum
447 2731 478 2771 se
493 2715 649 2788 palatusa
668 2716 790 2773 terrenis
805 2716 884 2773 desi·
939 2714 997 2767 11111
1011 2711 1206 2780 generationi.
1219 2712 1304 2778 Quod
1315 2712 1449 2784 primum
1476 2713 1558 2769 enim
1579 2729 1655 2786 puer
1675 2713 1773 2770 66601-

51 2801 140 2858 dariis
156 2801 285 2874 elongat.
301 2802 400 2859 Pullos
410 2819 482 2860 suos
501 2803 541 2859 ad
550 2803 716 2861 volandum
727 2811 882 2878 provocat,
938 2804 997 2869 tur,
1006 2816 1128 2857 6666666
1150 2805 1242 2858 66161
1269 2801 1344 2858 16616
1359 2802 1518 2874 66616161,
1530 2803 1628 2860 donec
1653 2818 1708 2877 por
1727 2801 1772 2859 in·

50 2892 176 2964 quando
191 2892 341 2965 subjectos
353 2892 409 2948 sibi
420 2892 459 2948 ad
480 2892 557 2949 1666
582 2895 772 2966 operandum
783 2894 884 2952 verbis
939 2894 1093 2947 crementa
1106 2890 1250 2964 temporis
1260 2891 1344 2965 pasci
1358 2891 1638 2950 valentiorlioribus
1648 2892 1772 2949 11111666·

51 2986 80 3038 61
94 2981 238 3055 exemplis
252 2982 366 3039 invitat.
384 2982 553 3039 claritatem
569 2983 640 3039 solis
662 2983 883 3042 irreverberatis
903 2979 985 3077 ctis·
1002 2982 1077 3036 Puer
1086 2979 1176 3051 igitur
1184 2979 1259 3036 laete
1273 2981 1402 3037 nutritur
1421 2981 1539 3055 quoties
1551 2982 1589 3038 de
1603 2980 1770 3039 humilitate

50 3069 279 3127 oeuliseosdem
296 3070 395 3146 pullos
419 3072 552 3145 aspicere
577 3073 884 3142 6031111661611606-
939 3069 1045 3126 Christi
1060 3069 1176 3126 6061161
1187 3085 1353 3126 conversus
1378 3071 1521 3128 eruditur.
1552 3071 1664 3128 11111106
1678 3071 1769 3145 siqui·

51 3158 257 3233 templandam
271 3159 381 3216 divinae
397 3158 574 3217 substantia
589 3161 755 3217 claritatem
767 3168 883 3221 mentes
939 3160 1010 3215 dem
1022 3160 1113 3217 ubere
1127 3159 1278 3217 abstracto
1291 3159 1328 3215 de
1344 3160 1412 3216 sinu
1426 3160 1535 3217 divinae
1547 3161 1676 3235 pietatis,
1702 3176 1770 3235 pro-

50 3247 266 3320 discipulorum
275 3248 375 3305 trahit.
393 3248 529 3304 volentes
541 3248 572 3305 id
587 3248 685 3305 166616
693 3248 794 3318 661111,
810 3249 883 3322 quia
936 3249 1060 3323 61166161
1068 3248 1259 3306 teneritudini
1281 3254 1391 3305 nostrie
1419 3249 1466 3306 166
1489 3267 1567 3306 vene
1583 3249 1768 3320 humilitatis,

50 3336 163 3409 eosqui
178 3339 272 3393 Deum
286 3337 386 3394 videre
401 3336 586 3410 desiderant,
616 3336 710 3394 verbo
739 3337 882 3393 doctrinm
937 3338 1033 3395 donec
1060 3338 1110 3396 illo
1139 3354 1218 3411 pane
1243 3338 1395 3395 charitatis
1418 3340 1570 3412 possimus
1592 3339 1715 3414 pertrui,
1731 3339 1769 3396 de

49 3425 154 3497 pascit.
166 3425 302 3483 ivolentes
315 3426 394 3499 661611
410 3444 416 3482 :
442 3425 508 3483 illos
524 3426 616 3498 euim,
645 3425 697 3499 661
712 3426 884 3497 660361110-
937 3443 999 3500 660
1008 3427 1032 3482 61
1045 3427 1166 3484 assidue
1179 3427 1260 3483 vesci
1275 3427 1396 3484 studeas
1417 3443 1436 3484 6
1449 3427 1533 3484 nullo
1548 3428 1658 3501 poteris
1680 3443 1769 3502 supe-

50 3514 149 3570 nebel
168 3515 271 3573 oculos
284 3520 430 3588 avertunt,
458 3514 652 3589 expellendos
666 3531 682 3572 e
699 3531 883 3590 1636061116-
935 3517 1006 3572 rari.
1019 3515 1248 3574 Charitosenim
1260 3518 1360 3573 omnic
1372 3517 1489 3586 suffert,
1518 3519 1619 3573 omnio
1642 3517 1769 3574 sustinet

50 3603 130 3660 dicit.
145 3607 236 3662 Grues
247 3622 319 3662 vero
334 3610 363 3663 61
377 3621 500 3663 6666166
514 3610 584 3661 sunt
597 3604 708 3662 diversi
732 3605 883 3677 subjecto·
939 3604 1126 3677 (16011161),
1142 3604 1184 3662 ita
1207 3609 1240 3661 ut
1268 3603 1509 3678 complexionem
1535 3604 1645 3660 mentis
1660 3603 1769 3662 iontem

49 3707 118 3748 rum
133 3693 265 3762 ordines,
277 3694 329 3768 qui
348 3693 380 3750 in
405 3693 538 3750 volando
559 3693 697 3750 ordinem
723 3699 843 3751 servant
855 3698 884 3751 61
937 3698 967 3751 et
999 3694 1183 3751 incolumem
1207 3698 1373 3750 conservet.
1403 3696 1452 3751 Est
1474 3699 1576 3750 autem
1613 3692 1769 3750 diversitas

48 3781 328 3850 gregatimvolant:
344 3781 575 3855 illossiquidem
601 3781 772 3852 designaut,
787 3783 840 3855 qui
855 3786 884 3839 et
936 3784 1013 3840 inter
1027 3782 1148 3839 delicias
1161 3781 1294 3856 corporis
1307 3786 1335 3838 et
1345 3780 1466 3838 delicias
1477 3782 1586 3840 cordis.
1598 3784 1675 3839 Dum
1687 3781 1769 3838 enim
1833 3836 1836 3843 .

48 3869 257 3926 rectitudinem
265 3871 388 3942 justitiae
412 3875 523 3939 tenent,
539 3874 568 3927 61
586 3874 752 3927 conventus
767 3875 880 3927 amant.
937 3871 1101 3946 corporalis
1114 3871 1200 3928 cibus
1209 3871 1241 3928 in
1255 3871 1394 3945 praesenti
1415 3883 1478 3928 non
1492 3871 1632 3941 habetur,
1658 3887 1769 3946 corpus

49 3961 167 4029 Longas
186 3959 285 4029 tibias,
301 3965 329 4018 et
356 3959 616 4032 longumcollum
640 3974 728 4030 grues
758 3959 882 4032 hahent,
937 3961 1020 4033 gravi
1030 3960 1179 4017 desiderio
1205 3961 1344 4016 61661616
1366 3959 1475 4017 affectu
1497 3961 1656 4018 cruciatur.
1691 3962 1770 4018 num

49 4046 242 4106 sublevantur
267 4065 286 4107 a
308 4054 441 4123 terrenis,
465 4055 494 4106 et
519 4049 670 4106 silentium
696 4048 756 4106 oris
770 4053 880 4106 tenent.
936 4066 1007 4107 vero
1021 4050 1149 4107 habetur
1168 4055 1197 4106 et
1218 4049 1395 4118 comeditur,
1423 4049 1611 4107 comedendo
1631 4049 1672 4107 ad
1685 4048 1768 4108 iasti-

49 4136 107 4196 Sed
119 4140 147 4194 et
157 4154 279 4197 anseres
292 4140 346 4215 qui
363 4141 490 4213 36116116
505 4144 575 4197 6661
590 4156 670 4209 6666,
687 4138 743 4196 illis
766 4139 882 4197 assimi·
936 4141 1021 4198 dium
1036 4156 1090 4214 per
1108 4141 1293 4198 saturitatem
1308 4140 1473 4197 devenitur.
1495 4141 1552 4197 Sed
1572 4139 1717 4198 ediverso
1731 4139 1770 4196 ei·

47 4227 518 4304 16116066661,6616666161616
535 4229 722 4305 quibusdam
745 4228 882 4286 ordinate
935 4230 994 4287 bus
1014 4230 1175 4304 spiritualis
1208 4246 1278 4287 cum
1299 4246 1362 4286 nou
1388 4230 1517 4286 babetur
1539 4229 1573 4285 tit
1595 4229 1672 4299 vilis,
1698 4244 1769 4285 cum

47 4319 160 4385 vivant,
195 4317 302 4374 silentii
330 4323 432 4378 tamen
458 4321 597 4380 virtutem
619 4320 785 4392 negligunt.
812 4322 882 4386 Quae
934 4336 1006 4378 vero
1021 4336 1040 4377 6
1055 4320 1230 4376 comedente
1240 4318 1404 4392 percipitur
1417 4318 1527 4390 majori
1539 4317 1688 4375 desiderio
1698 4332 1768 4389 366-

48 4424 113 4465 sese
141 4406 244 4463 rostris
272 4405 404 4465 lacerant
425 4413 455 4466 et
469 4412 672 4482 conclamant,
695 4410 767 4484 qula
781 4410 881 4467 detra·
897 4378 919 4432 ⁰
935 4416 1013 4468 tatus
1024 4410 1162 4467 esuritur.
1185 4407 1386 4481 incorporali
1409 4408 1499 4480 131161
1525 4407 1593 4465 6110
1620 4407 1769 4483 appetitus

48 4497 149 4555 heudo
165 4513 232 4554 sese
247 4496 376 4553 invicem
399 4498 539 4555 conviciis
554 4499 677 4567 11611661,
703 4505 732 4557 61
745 4500 882 4574 quando·
935 4502 1075 4560 saturitas
1087 4499 1244 4559 lastidium
1262 4503 1393 4570 generat.
1421 4502 1453 4556 lu
1477 4497 1623 4573 spirituali
1635 4514 1706 4556 varo
1718 4514 1769 4573 ap.

47 4603 155 4661 qucex
170 4585 279 4643 affeetu
304 4586 413 4642 mentis
436 4586 602 4643 maledictis
617 4587 811 4645 contendunt.
836 4593 881 4645 ln·
935 4592 1046 4667 petitus
1060 4591 1260 4663 saturitatem,
1287 4589 1426 4647 saturitas
1440 4588 1624 4645 desiderium
1637 4593 1768 4664 6111116161.

47 4681 92 4733 161
106 4675 242 4732 60166166
255 4680 283 4732 61
296 4674 413 4749 reptilia
427 4675 528 4732 media
543 4678 613 4730 sunt
619 4675 738 4745 maiora
750 4677 881 4749 quadru-
936 4682 969 4737 ln
983 4680 1133 4753 corporali
1160 4679 1300 4737 saturitas
1322 4682 1420 4746 nocet,
1441 4676 1594 4733 fastidium
1622 4677 1768 4750 displicet.

47 4765 148 4839 podia,
162 4781 230 4838 6661
241 4764 464 4838 6116666161661
478 4764 510 4820 16
528 4763 622 4821 611661
635 4779 667 4819 66
682 4762 808 4835 erigunt,
825 4779 880 4820 nec
937 4773 970 4825 in
986 4768 1136 4841 spirituali
1144 4784 1200 4825 nec
1213 4766 1353 4824 saturitas
1366 4768 1481 4837 gravat,
1507 4780 1562 4820 nec
1586 4764 1769 4825 desiderium

47 4859 149 4911 tamen
165 4871 183 4911 6
199 4858 278 4911 terra
302 4854 392 4926 10636
425 4854 578 4911 recedunt.
597 4852 704 4910 Usibus
724 4851 883 4910 hominum
937 4854 1058 4910 cruciat.
1080 4857 1131 4909 Est
1144 4855 1246 4927 itaque
1262 4851 1347 4908 cibus
1371 4851 1438 4906 vitoe
1459 4850 1587 4908 verbum
1614 4851 1767 4923 1106111616,

47 4943 232 5000 deserviunt.
248 4943 330 5001 Unde
342 4943 576 5018 simplicioribus
586 4942 883 5017 assignaripossunt,
937 4957 1006 5016 qua
1018 4942 1092 4998 dum
1102 4941 1252 5014 6116111666
1273 4940 1396 4995 virtutes
1425 4939 1562 4997 ordinata
1586 4942 1767 5009 ministrant,

43 5034 97 5107 qui
110 5033 253 5107 quamvis
265 5033 389 5090 terrenis
416 5033 539 5102 inhient,
566 5031 756 5107 spiritualiter
781 5037 883 5088 tamen
938 5035 1048 5088 statum
1060 5031 1201 5086 humanae
1215 5026 1431 5100 complexionis
1440 5027 1625 5087 incolumem
1639 5033 1766 5087 servant.

44 5122 215 5181 viventibus
238 5122 420 5196 obsequium
444 5122 589 5197 proebent.
619 5122 652 5179 16
677 5122 789 5197 quibus
810 5136 882 5179 vero
938 5120 1045 5178 Cibum
1060 5116 1542 5193 6130606616666616166661616111,
1557 5116 1768 5175 dumverbum

42 5210 153 5270 levium
170 5212 482 5280 extremitasinierior
493 5212 647 5287 6111666161,
659 5212 798 5284 31661016
813 5214 884 5267 6661
937 5209 1137 5286 praedicatiois
1152 5207 1278 5264 libenter
1300 5207 1385 5264 audit
1410 5214 1439 5266 et
1465 5210 1580 5274 relinet,
1596 5205 1671 5263 dum
1684 5207 1769 5279 quod

46 5306 75 5358 et
89 5300 226 5373 reptilia;
257 5317 327 5374 quae
346 5305 466 5375 pectore
489 5306 517 5358 61
542 5306 645 5359 666116
669 5304 790 5375 repunt,
813 5299 885 5373 quia
937 5316 1009 5359 aure
1022 5298 1122 5356 cordis
1134 5296 1268 5372 percipit,
1284 5297 1315 5354 in
1326 5302 1429 5355 ventre
1444 5295 1597 5354 memoriae
1619 5299 1768 5354 retentum

51 5391 202 5447 voluntate
215 5389 315 5447 cordis
328 5394 356 5448 et
369 5390 523 5465 voluptate
551 5391 649 5448 carnis
668 5390 793 5448 internis
808 5389 886 5446 desi·
935 5391 1024 5463 66661.
1034 5387 1164 5462 appetit,
1180 5392 1209 5443 et
1222 5387 1336 5459 retinet,
1360 5390 1390 5443 et
1402 5384 1507 5454 diligit,
1532 5382 1607 5438 dum
1623 5383 1707 5456 quod
1721 5399 1769 5441 ac·

48 5478 140 5536 deriis
157 5496 187 5536 se
203 5482 401 5553 conjungunt.
418 5484 551 5549 Quorum
580 5498 647 5555 6666
669 5481 825 5554 6661611016
853 5480 885 5536 il-
937 5483 1058 5553 ceptum
1074 5482 1102 5534 et
1113 5479 1261 5533 retentum
1274 5475 1379 5542 iuerat,
1405 5473 1435 5528 iu
1451 5471 1588 5527 diversos
1612 5471 1766 5540 humores,

48 5568 107 5624 lius
121 5570 313 5628 extremitatis
334 5570 446 5629 levium
458 5572 580 5641 hahent,
597 5570 721 5640 agiliora
743 5573 823 5639 sunt,
850 5574 884 5627 ut
937 5568 969 5624 id
984 5572 1037 5638 est,
1050 5567 1081 5624 in
1106 5566 1205 5624 bonos
1226 5581 1326 5622 mores
1341 5561 1494 5620 convertit.
1519 5564 1576 5617 Nec
1600 5566 1702 5620 tamen
1717 5577 1769 5636 ap·

49 5661 214 5730 serpentes,
230 5673 299 5731 666
321 5662 456 5720 medium
469 5660 582 5731 minus,
606 5665 639 5717 ut
652 5659 792 5737 bulones,
814 5673 883 5733 6616
935 5657 1018 5732 petit,
1031 5657 1145 5728 retinet,
1170 5654 1328 5727 6111136111,
1342 5651 1395 5708 sed
1420 5650 1510 5709 6116111
1536 5651 1666 5726 expellit,
1690 5651 1767 5711 sia·
