3742 6082
121 175 193 234 sors
584 154 1128 230 mrmuumuusolusorsaa
1147 152 1359 224 boumnca.
1765 162 1826 220 rme

119 311 175 372 per
189 295 356 365 suicuram,
373 293 501 352 aliorum
514 293 668 367 postponit
681 310 689 362 ς
706 291 770 361 sed,
786 303 856 346 cum
881 287 947 344 hate
966 288 1152 360 Asopientia
1165 294 1228 348 tua.
1237 289 1306 347 Noa
1317 286 1472 348 credebam
1481 286 1681 347 narrantibus
1691 285 1779 358 mibi,
1788 286 1830 344 dc·

120 390 247 459 utraque
262 383 383 440 solerter
395 383 465 456 agit,
476 383 578 455 aliqua
592 382 692 439 subito
707 395 800 439 eausa
814 377 947 448 emergit,
1005 381 1263 449 reciprocantes
1278 381 1341 436 aidi
1352 381 1446 436 oculis
1464 379 1547 450 meis,
1567 384 1596 435 et
1611 376 1745 450 probavi
1758 378 1832 450 quod

120 490 190 549 qua
204 488 311 532 omnes
325 472 611 545 circumspectiones
625 470 744 542 obruit;
765 474 793 526 et
819 467 860 524 sie
887 465 951 522 sola
1004 467 1131 525 dimidia
1143 484 1219 539 pars
1231 469 1308 527 mibi
1326 469 1468 526 nuntiata
1483 484 1543 525 aaa
1561 468 1665 539 fuem't.
1676 466 1783 538 Major
1796 473 1834 523 est

121 562 260 621 diseretio
271 561 373 619 animo
383 561 634 630 damnaruntiat,
646 564 676 618 et
687 558 775 634 quasi
790 555 951 615 Dominum
1005 556 1163 627 sapientia,
1174 562 1370 629 cleperatua,
1385 572 1475 631 quam
1490 572 1603 628 rumor,
1625 572 1713 630 quem
1733 555 1837 613 audiui

121 653 161 710 ad
174 651 306 710 lamenta
334 653 431 708 vocat.
448 650 525 707 Audi
545 650 644 721 igitur,
670 648 854 713 charissime,
877 642 952 718 quid
1005 644 1064 716 (III
1077 646 1148 718 Rea.
1165 646 1298 719 maana,
1312 645 1440 720 captiva,
1451 644 1510 717 vel,
1530 649 1563 703 ut
1585 644 1712 720 quidam
1732 643 1838 701 volunt

121 741 174 799 tibi
186 740 303 798 nuntiet
317 754 402 814 puer,
415 739 468 813 qui
480 740 584 806 erasit,
598 739 629 796 id
648 742 692 796 est
715 737 830 812 puritas
844 734 952 791 discre-
1006 736 1157 792 conuasio
1171 736 1220 793 vel
1231 735 1590 809 incensiointerpretatur.
1603 736 1680 791 bum
1690 733 1774 790 enim
1788 731 1837 789 ali·

120 829 210 888 tionis
220 827 420 903 quid-nuntiet
429 829 531 885 menti.
545 828 744 886 Andidamna
754 825 950 893 camelorum,
1004 823 1072 897 qius
1083 823 1139 881 sub
1152 825 1218 896 lege
1232 825 1349 898 peccati
1360 823 1461 882 adhue
1472 823 1504 881 in
1514 824 1621 881 saeculo
1631 823 1748 898 positus
1760 827 1838 880 tene·

121 923 151 977 et
161 933 268 976 casum
279 933 453 993 puerorum.
468 918 504 973 Hi
515 917 682 991 rapiuntur,
707 915 749 974 illi
771 914 949 971 moriuntur.
1005 915 1062 980 tur,
1079 912 1182 970 audita
1196 912 1279 971 tama
1295 912 1463 972 Salomonis
1480 928 1534 986 per
1548 911 1675 970 verbum
1689 911 1836 985 praediea·

120 1008 302 1065 auferuntur
316 1022 398 1063 curm
411 1005 683 1080 dispensationum,
699 1005 774 1061 dum
789 1019 843 1077 per
856 998 950 1070 negli-
1005 1000 1093 1058 donis
1109 1002 1149 1060 ad
1164 1002 1326 1059 Dominum
1339 1001 1520 1061 convertitur
1534 1020 1540 1073 ;
1566 1016 1743 1070 conversus,
1768 1000 1835 1072 igne

122 1097 254 1169 gentiam
268 1096 344 1170 perit
356 1095 470 1169 puritas
481 1095 794 1169 circumspectionum.
816 1090 953 1149 Gaudent
1006 1090 1787 1164 charitatisaccenditur.EtingressaJerusalemeum
1796 1089 1835 1146 in·

121 1186 208 1243 multi
220 1183 427 1243 claustralium
456 1201 526 1242 cum
553 1184 590 1242 de
619 1183 741 1256 regibus
766 1180 950 1247 fabulantur,
1007 1180 1207 1253 cipitdiligere
1221 1179 1448 1255 pacem,locuta
1456 1185 1501 1238 est
1510 1179 1537 1237 ei
1547 1179 1698 1248 universa,
1709 1179 1835 1254 quoeha·

121 1273 196 1331 dum
211 1288 301 1330 casus
316 1273 444 1331 militum
458 1277 591 1346 narrant,
608 1272 682 1329 dnm
692 1288 747 1346 pro
759 1269 815 1328 illis
825 1270 953 1343 loquun-
1005 1268 1097 1326 hebal
1111 1270 1142 1326 in
1157 1270 1246 1327 corde
1257 1285 1314 1326 suo
1329 1286 1383 1344 per
1398 1267 1630 1338 confessionem,
1644 1271 1674 1326 et
1686 1266 1735 1326 ille
1751 1269 1833 1325 docel

121 1367 177 1433 tur,
191 1378 210 1421 a
224 1362 335 1436 quibus
350 1379 413 1420 non
427 1366 643 1433 agnoscuntur,
668 1360 832 1418 multorum
850 1360 950 1432 partes
1005 1358 1108 1415 omnia
1119 1358 1221 1427 verba,
1233 1374 1303 1432 quae
1316 1362 1525 1433 proposuerat,
1539 1356 1564 1414 si
1573 1355 1727 1431 paeniteat,
1740 1355 1832 1414 habe-

120 1452 295 1522 delendunt‚
310 1466 365 1525 pro
384 1451 486 1508 multis
504 1451 684 1522 irascuntur,
697 1466 752 1524 pro
773 1448 873 1506 multis
896 1445 951 1502 liti·
1004 1463 1036 1504 re
1051 1447 1268 1504 remissionem.
1285 1447 1481 1519 Videtregina
1495 1445 1762 1520 Sabasapientiam
1775 1446 1833 1503 veri

120 1546 203 1612 gant,
215 1542 356 1613 ignorant
368 1545 471 1598 tamen
483 1542 567 1615 quod
581 1544 694 1612 negant
708 1542 760 1598 aut
787 1537 948 1596 affirmant.
1007 1535 1184 1608 Salomonis,
1195 1553 1290 1610 quam
1304 1537 1435 1595 ostendit
1450 1536 1539 1595 nobis
1563 1552 1617 1611 per
1635 1534 1832 1593 humilitatem

121 1631 151 1689 st
164 1634 266 1688 autem
281 1630 319 1688 de
333 1630 455 1701 regibus
469 1646 569 1688 sermo
583 1635 637 1700 est,
654 1629 741 1687 docet
755 1627 842 1685 lectio
868 1626 950 1684 elau·
964 1633 986 1690 Β
1005 1625 1074 1696 filii3
1092 1626 1174 1683 videt
1183 1627 1310 1684 domum
1319 1625 1468 1698 Ecclesia,
1484 1641 1577 1701 quam
1587 1625 1722 1700 quotidie
1742 1624 1831 1682 redili-

121 1717 173 1774 stri
186 1731 294 1789 regum
312 1717 477 1774 certamina
489 1732 578 1774 casus
592 1721 621 1775 et
640 1720 764 1775 eventus
788 1714 948 1785 bellorum,
1004 1719 1052 1773 eat
1066 1715 1258 1789 pergratiam
1270 1714 1394 1790 Spiritus
1408 1715 1514 1785 sancti,
1525 1713 1605 1772 videt
1617 1712 1701 1772 eibos
1712 1729 1830 1784 mensae,

120 1805 276 1879 quomodo
290 1804 436 1863 moriatur
446 1806 525 1875 Saul,
538 1806 606 1881 quis
619 1807 684 1879 ejus
694 1809 821 1862 mortem
833 1802 951 1860 nuntia-
1004 1808 1032 1862 et
1044 1804 1217 1863 habitacula
1231 1821 1396 1876 servorum,
1409 1803 1442 1862 id
1456 1809 1502 1863 est
1515 1803 1684 1862 intellectus
1699 1803 1831 1861 diversas

120 1893 195 1951 verit
207 1891 311 1950 David.
327 1892 401 1950 Cum
417 1893 497 1950 enim
517 1901 718 1953 reverteretur
730 1893 830 1951 Dauid
839 1909 859 1950 a
871 1891 951 1950 cade
1005 1894 1171 1967 Scriptura,
1201 1897 1230 1951 et
1252 1894 1499 1966 congregationes
1513 1892 1733 1965 religiosorum,
1758 1892 1831 1949 ridet

119 1982 277 2053 Amalech,
305 1985 333 2038 et
360 1988 496 2040 maneret
516 1983 548 2040 in
564 1985 690 2056 Sicelea,
704 1984 783 2041 uenit
800 1983 886 2041 bomo
915 1980 951 2038 de
1004 1982 1141 2040 ordinem
1160 1982 1405 2055 ministrantium,
1420 1983 1451 2041 id
1468 1987 1513 2041 est
1524 1985 1634 2040 statuta
1646 1986 1727 2039 reete
1736 1981 1831 2038 viven-

120 2070 227 2128 castris
251 2068 330 2126 Saul
348 2070 389 2127 ad
408 2071 518 2142 Dauid,
544 2072 680 2144 dicitque
693 2073 734 2129 ad
747 2087 813 2129 eum
826 2069 927 2128 Dauid
939 2083 952 2126 .·
1004 2072 1270 2131 tium.Gonsiderat
1283 2073 1490 2142 etiamrestes,
1502 2075 1672 2147 martyrum
1685 2070 1832 2142 scilicetet

123 2158 208 2218 Unde
220 2158 326 2215 uena?
337 2160 382 2216 De
391 2161 498 2217 castris
525 2160 634 2233 Israel,
649 2161 758 2232 inquit,
773 2159 850 2232 supi.
868 2158 952 2227 Quod
1005 2162 1213 2219 confessorum
1224 2178 1341 2233 earnes,
1352 2162 1408 2221 has
1418 2176 1587 2237 purpureas
1599 2160 1710 2218 rubore
1721 2159 1831 2234 proprii

121 2252 163 2307 cst
177 2246 310 2319 uerbum,
319 2248 428 2320 inquit,
441 2249 522 2320 qaod
530 2249 723 2320 factumest?
738 2250 861 2319 Quibit:
874 2248 951 2305 Saul
1005 2250 1172 2322 sauguinis,
1188 2250 1254 2308 illas
1268 2266 1340 2309 vero
1354 2251 1457 2323 nigras
1472 2250 1611 2308 exercitio
1636 2248 1762 2318 laboris,
1782 2264 1831 2306 seu

121 2336 400 2405 etdoaatbasfilius
415 2339 680 2408 ejusiaterieruat.
705 2339 788 2396 Unde
813 2339 880 2409 scis,
903 2340 949 2393 in·
1004 2339 1132 2414 pallidas
1160 2339 1388 2396 mortificatione
1416 2339 1524 2397 earnis.
1556 2336 1641 2396 Videt
1663 2338 1828 2412 pincernas,

120 2428 195 2500 qrrit,
209 2424 289 2498 quad
301 2428 414 2483 mortui
428 2432 498 2483 suat
510 2429 524 2482 b
536 2427 577 2484 m
588 2429 632 2484 ait
644 2428 815 2485 adolescens
833 2444 839 2482 :
870 2427 949 2484 Casu
1004 2428 1057 2501 qui
1076 2444 1145 2484 cum
1154 2427 1222 2484 cibo
1232 2428 1453 2502 predicationis
1463 2428 1626 2503 propinant
1636 2427 1744 2485 vinum
1755 2441 1830 2484 eom·

120 2516 231 2574 reatin
245 2520 373 2572 meatem
385 2514 502 2586 Galbae,
515 2522 542 2574 ct
555 2517 633 2574 Saul
645 2515 835 2574 incumbebat
860 2530 950 2585 saper
1004 2517 1183 2590 punctionis.
1199 2517 1341 2574 Accendit
1355 2518 1445 2576 etiam
1462 2518 1650 2587 holocausta,
1679 2530 1749 2591 quar
1763 2515 1832 2572 otle-

122 2606 240 2663 baslam
254 2620 350 2675 suam,
367 2610 396 2662 et
410 2620 568 2663 conversus
575 2609 645 2675 post
660 2612 777 2677 tergum
792 2621 890 2676 suum,
906 2606 949 2662 vi·
1002 2609 1110 2662 rantur
1121 2605 1152 2662 in
1167 2619 1220 2662 ara
1243 2604 1342 2662 cordis
1368 2605 1567 2664 contribulati.
1597 2605 1655 2665 Sed
1678 2620 1749 2662 eum
1771 2603 1832 2660 hae

120 2695 445 2768 densquemeuocavit.
468 2695 602 2768 Cumque
626 2696 842 2766 respondissem
855 2713 866 2752 .·
891 2695 951 2752 Aa·
1002 2695 1086 2751 ridet
1110 2695 1230 2751 animus
1259 2695 1374 2753 noviter
1398 2710 1569 2765 conversus,
1594 2694 1703 2752 dicitur
1726 2691 1765 2750 de
1797 2707 1832 2748 eo

120 2801 196 2853 sam,
207 2785 286 2841 dirit
299 2798 311 2841 .·
327 2786 469 2854 Qunam
481 2800 510 2842 es
521 2791 553 2841 tu
564 2790 578 2841 b
591 2786 687 2843 Elaia
701 2785 743 2842 ad
755 2801 847 2857 eum:
861 2785 952 2842 Ama·
1003 2783 1086 2857 quod
1099 2783 1242 2857 sequitur,
1259 2787 1290 2863 et
1299 2799 1361 2840 non
1375 2783 1508 2841 habebat
1522 2783 1599 2841 ultra
1613 2781 1760 2857 spiritum.
1776 2783 1832 2838 lla·

122 2877 241 2933 lectites
256 2890 308 2955 aaa
323 2891 398 2933 sum.
412 2875 476 2946 Sta,
493 2877 602 2949 inquit,
618 2891 709 2947 super
723 2892 778 2947 me,
790 2882 818 2933 et
839 2877 951 2946 interfi·
1002 2872 1144 2942 hebetet
1158 2887 1220 2929 non
1234 2873 1375 2929 habebat.
1393 2872 1527 2930 Habebat
1540 2871 1622 2931 euim
1636 2870 1831 2945 spiritumhu-

121 2979 209 3021 reme
222 2968 271 3036 ,·et
281 2964 496 3035 intersericum
510 2965 631 3036 (llRea.
650 2964 949 3037 1).llisuntrumores
965 2987 986 3046 c
1002 2961 1151 3018 miliatum
1179 2977 1241 3020 uon
1264 2962 1385 3029 elatum,
1411 2961 1548 3036 spirimm
1574 2961 1675 3033 gratia
1701 2975 1764 3018 non
1781 2973 1830 3016 ne·

120 3050 294 3110 ruminandi
304 3051 688 3111 claustralibuscumenim
698 3056 951 3111 revertereturba·
1003 3050 1115 3123 quitiae,
1136 3050 1273 3124 spiritum
1293 3051 1416 3108 Deinon
1440 3051 1577 3124 spiritum
1591 3049 1709 3107 mundi.
1742 3048 1829 3106 vena

120 3141 198 3197 vida
209 3137 290 3196 caede
300 3139 454 3208 Amalech,
467 3140 547 3197 venit
559 3140 677 3198 adeum
688 3143 781 3199 homo
792 3141 829 3197 de
840 3141 950 3199 Castris
1004 3145 1056 3213 est,
1070 3138 1179 3213 inquit,
1193 3155 1298 3211 semaa,
1315 3156 1401 3213 quem
1417 3142 1523 3199 audivi
1549 3141 1581 3197 in
1609 3147 1693 3198 terra
1715 3153 1791 3207 mea,
1806 3141 1831 3194 et

122 3228 202 3300 Saul,
215 3227 287 3302 quia
297 3227 372 3284 dum
381 3232 451 3306 post
461 3228 724 3286 mortificationem
737 3230 877 3287 vitiorum
888 3245 950 3286 car·
1004 3245 1065 3286 aaa
1080 3229 1234 3286 credebam
1247 3228 1446 3286 narrantibus
1458 3229 1534 3287 mibi
1546 3230 1639 3287 donec
1662 3230 1730 3299 ipsa
1758 3226 1829 3294 reni,

119 3316 166 3372 nis
176 3314 327 3388 appetitus
340 3330 402 3371 non
418 3318 535 3372 tantum
550 3317 690 3389 proprios
702 3318 806 3391 lapsus
821 3319 948 3386 nuntiat,
1004 3324 1032 3374 et
1047 3318 1110 3374 vidi
1122 3319 1217 3374 oculc's
1229 3319 1311 3388 meis,
1325 3324 1352 3374 et
1374 3317 1504 3388 probaui
1529 3318 1609 3391 quod
1635 3317 1736 3374 media
1761 3329 1829 3386 pars

120 3403 172 3460 sed
187 3402 277 3458 etiam
288 3400 421 3457 defectus
433 3402 562 3459 aliorum
578 3408 690 3473 narrat,
701 3406 735 3462 tlt
745 3410 777 3463 ut
789 3422 843 3479 per
853 3423 951 3464 exem·
1004 3406 1235 3463 milinandum
1257 3422 1316 3463 aaa
1331 3408 1436 3479 suerit.
1452 3409 1562 3464 Parum
1589 3405 1691 3479 itaque
1719 3404 1832 3461 videtur

120 3487 171 3561 pla
177 3488 330 3568 majorum
343 3489 382 3546 ad
394 3490 581 3564 voluptatem
596 3492 694 3549 carnis
705 3493 826 3551 inclinet
835 3499 950 3552 mentes
1004 3494 1133 3568 captivo,
1149 3494 1274 3551 liberato
1289 3511 1435 3553 converso
1450 3498 1479 3552 et
1493 3510 1621 3554 accenso
1636 3494 1742 3551 audire
1757 3508 1829 3567 prae·

120 3577 340 3644 aliorquuos
356 3578 436 3635 enim
453 3578 532 3652 Saul,
548 3579 606 3637 nisi
620 3582 807 3656 superbosin
821 3584 951 3641 Ecclesia
1003 3584 1195 3644 dicationem.
1210 3584 1267 3641 uisi
1281 3585 1382 3642 veniat
1395 3601 1448 3659 per
1476 3585 1628 3657 affectum,
1652 3583 1754 3641 videre
1782 3597 1831 3656 per

119 3666 261 3742 praelatos
277 3668 428 3739 significat
440 3670 455 3725 ‘l
469 3670 522 3742 qui
550 3669 589 3728 ab
621 3672 750 3728 humero
777 3678 805 3731 et
830 3689 950 3730 sursum
1003 3672 1215 3744 cognitionem,
1228 3673 1288 3729 nisi
1302 3674 1409 3748 probel
1423 3690 1478 3748 per
1491 3675 1643 3732 allectum.
1665 3675 1741 3730 Cum
1754 3671 1830 3728 enim

119 3756 249 3815 eminere
264 3757 321 3813 sibi
332 3757 470 3815 videntur
481 3773 574 3831 super
592 3758 769 3817 universum
790 3763 948 3836 populum.
1003 3761 1129 3818 videtin
1144 3761 1237 3819 domo
1250 3763 1454 3821 conversionis
1468 3762 1550 3821 bona
1561 3760 1827 3835 contemplationis,

119 3846 175 3910 Qui
184 3846 214 3902 iu
230 3851 332 3902 monle
348 3847 457 3903 Gelboe
468 3846 508 3903 ab
517 3848 701 3906 amalechita
715 3865 876 3923 percussus
899 3868 950 3908 oe·
1004 3853 1034 3906 et
1047 3851 1191 3921 recogitat
1206 3850 1238 3906 in
1253 3867 1284 3908 se
1303 3867 1349 3920 ea,
1363 3867 1430 3926 quae
1443 3852 1580 3910 audierat
1591 3851 1733 3908 adhuein
1743 3864 1829 3906 saecu·

119 3933 245 4003 cumhit,
261 3934 373 3990 dumiu
382 3940 484 3992 monte
495 3936 643 4007 superbias
651 3939 759 4011 posita,
770 3955 824 4013 per
831 3940 949 3999 diversa
1001 3937 1032 3995 lo
1045 3940 1160 4013 positus
1173 3939 1312 3997 debonis
1326 3941 1430 3998 activae
1442 3941 1521 4010 vitm,
1537 3956 1630 4015 opera
1655 3939 1769 3997 scilicet
1780 3937 1828 3994 mi·

120 4021 219 4077 carnis
231 4021 379 4078 desideria
391 4037 477 4078 mens
490 4023 573 4079 fluxa
583 4023 721 4082 decurrit.
736 4029 830 4101 Super
839 4030 908 4086 Saul
918 4033 950 4086 ut
1003 4028 1182 4102 sericordiee,
1191 4029 1383 4102 benignitatis
1402 4033 1431 4087 et
1443 4029 1621 4098 concordiae,
1645 4028 1767 4103 pondus
1791 4025 1829 4083 la·

118 4125 190 4166 eum
203 4110 364 4180 occideret,
380 4110 579 4169 amalechites
594 4113 690 4182 stetit;
720 4115 793 4188 quia
817 4116 947 4189 animus,
1000 4115 1094 4188 boris,
1108 4117 1301 4175 afflictionem
1317 4119 1425 4187 carnis,
1435 4119 1578 4176 vilitatem
1600 4118 1669 4190 cibi,
1703 4116 1827 4192 quietem

119 4197 167 4255 cui
181 4198 279 4257 earnis
294 4197 450 4257 delectatio
465 4200 647 4271 dominatur,
657 4201 714 4259 cito
729 4203 814 4277 perit.
833 4207 889 4262 Sed
904 4211 947 4277 tu,
1002 4205 1120 4277 silentii,
1135 4211 1163 4263 et
1178 4207 1285 4264 iterum
1305 4209 1430 4266 attendit
1456 4225 1512 4283 per
1537 4207 1827 4282 contemplationem,

118 4289 306 4358 charissime,
322 4289 450 4365 praecipe
466 4290 518 4348 uni
533 4290 570 4349 de
585 4294 685 4365 pueris
705 4293 773 4367 tuis,
789 4294 873 4352 idest
888 4296 949 4370 spi·
964 4337 987 4392 D
1000 4294 1107 4352 futurae
1118 4297 1186 4352 vitae
1200 4298 1332 4369 praemia,
1348 4298 1401 4354 ubi
1416 4299 1470 4355 erit
1481 4298 1568 4370 justis
1579 4301 1690 4355 aeterna
1702 4296 1828 4365 bonitas,

117 4377 185 4436 ritui
200 4395 284 4452 purte
297 4378 496 4451 discretionis,
513 4379 715 4438 utinterliciat
736 4383 767 4439 in
782 4388 810 4440 te
833 4386 949 4442 Amale-
1001 4384 1070 4441 lelix
1084 4383 1244 4455 amenitas,
1260 4385 1407 4457 gaudium
1428 4388 1492 4444 sine
1518 4387 1632 4457 dolore,
1660 4384 1747 4460 quies
1770 4383 1828 4440 sine

117 4467 229 4522 obitam
241 4466 342 4536 istum,
358 4467 410 4538 qui
426 4482 518 4523 ausus
532 4473 577 4525 est
591 4485 718 4526 manum
730 4471 844 4529 mittere
857 4474 948 4532 edam
1001 4472 1115 4543 labore,
1131 4489 1211 4546 cum,
1227 4475 1364 4549 inquam,
1374 4477 1440 4534 haee
1454 4476 1535 4534 videt
1543 4475 1615 4533 dicit
1630 4493 1637 4532 :
1652 4475 1828 4546 Medianum

117 4568 201 4611 nune
211 4552 345 4626 quotidie
359 4553 390 4609 in
404 4554 553 4611 Christum
563 4557 690 4612 Domini.
705 4561 771 4616 lloec
784 4560 863 4617 enim
872 4563 948 4620 mul-
1001 4562 1077 4620 mibi
1087 4564 1229 4622 nuntiata
1244 4581 1304 4622 noa
1316 4566 1430 4637 suerat.
1444 4569 1489 4623 An
1499 4565 1607 4635 neseis,
1632 4564 1706 4639 quia
1730 4563 1828 4621 Maria

117 4640 790 4722 tumnoeentpraelatis,amorscilieetpropria
805 4651 949 4709 excellen·
1001 4655 1154 4711 meliorem
1165 4661 1286 4726 partem
1302 4657 1402 4727 elegit,
1430 4670 1498 4730 qua
1528 4671 1589 4713 aaa
1614 4655 1775 4725 censeretur
1794 4650 1829 4709 ab

118 4731 174 4802 tire,
184 4735 212 4789 et
225 4732 366 4806 voluptas
375 4732 484 4791 carnis.
500 4732 610 4792 Audire
622 4733 746 4795 forsitan
761 4739 862 4812 velles,
877 4744 947 4801 cha·
1001 4757 1036 4801 aa
1050 4742 1134 4815 (Luc.
1146 4744 1188 4816 x.)
1201 4747 1318 4811 Quanto
1330 4744 1487 4802 meliorem
1499 4747 1529 4802 et
1539 4744 1720 4817 longiorem,
1748 4744 1827 4800 tanto

115 4820 243 4890 rissime,
256 4821 488 4897 rumorespacis
509 4839 571 4881 non
594 4824 675 4896 belli,
697 4830 865 4888 eoncordia
884 4848 947 4890 non
1000 4834 1158 4905 majorem.
1175 4837 1207 4890 ln
1220 4834 1317 4892 activa
1331 4834 1482 4909 siquidem
1495 4835 1559 4893 vita
1579 4834 1649 4892 finis
1676 4832 1770 4892 estin
1791 4831 1828 4888 la·

120 4907 288 4966 discordiae.
303 4911 418 4983 Regina
432 4911 514 4969 Saba
526 4915 608 4970 nouit
621 4930 755 4975 rummcs
764 4918 945 4991 hujusmodi,
999 4921 1084 4993 hore,
1100 4923 1131 4978 in
1144 4923 1376 4996 contemplativa
1389 4939 1526 4982 veronec
1540 4923 1673 4981 delectus
1687 4923 1720 4980 in
1732 4919 1824 4987 bonis

116 5014 193 5072 qua,
209 4998 316 5056 audita
328 4999 415 5070 suma
430 5000 608 5075 Salomonis,
625 5005 757 5078 ingresso
767 5009 945 5083 Jerusalem,
1000 5025 1056 5068 nec
1067 5011 1212 5068 terminus
1227 5013 1259 5068 in
1269 5012 1477 5071 delectatione.

118 5085 220 5142 locuta
233 5087 313 5144 estet
333 5089 473 5146 universa
499 5106 566 5164 quoe
581 5090 708 5152 babebat
733 5097 764 5153 in
778 5099 867 5156 corde
880 5115 947 5169 suo,
1036 5103 1103 5158 Car.
1120 5103 1185 5158 lllll.
1198 5103 1242 5161 De
1257 5104 1308 5160 lite
1321 5104 1353 5160 in
1369 5105 1513 5175 capitulo.
1534 5103 1648 5160 Abusio
1664 5102 1789 5160 demina.

115 5179 144 5232 et
157 5175 211 5234 ille
225 5176 327 5234 docuit
338 5178 438 5236 omnia
463 5195 528 5252 qua
548 5192 759 5265 preposuerat,
786 5189 946 5260 vidensque
1035 5189 1201 5247 infirmitati
1215 5191 1389 5249 mortalium
1404 5192 1598 5266 omnipotens
1609 5194 1687 5249 Deus
1702 5189 1826 5260 benigne

115 5265 277 5337 ciuitatem,
293 5282 382 5339 quam
392 5268 604 5342 aedificaverat,
619 5278 647 5329 et
667 5275 746 5331 cibos
757 5292 866 5333 mensa
880 5281 945 5347 ejus
998 5277 1172 5352 providens,
1186 5280 1219 5336 in
1229 5281 1364 5338 Ecclesiis
1379 5281 1505 5339 instituit
1518 5281 1584 5352 tria,
1600 5280 1713 5339 scilieet
1740 5275 1827 5336 medi·

116 5357 145 5409 et
159 5353 336 5412 habitacula
345 5371 508 5425 amomum,
520 5363 548 5415 et
563 5360 696 5418 ordinem
707 5363 944 5423 ministrantium
999 5367 1285 5440 eos,loea,remedia.
1303 5371 1433 5427 Haeeuia
1448 5370 1648 5443 designantur
1658 5385 1716 5444 per
1728 5370 1825 5428 Sama·

114 5446 143 5498 et
158 5449 249 5501 uestes
261 5457 372 5512 eorum,
390 5448 419 5500 et
425 5445 600 5520 pincernas,
615 5453 643 5504 et
661 5449 846 5521 holocausta,
876 5469 943 5525 qua
998 5456 1139 5530 ritanum,
1153 5474 1207 5532 per
1222 5459 1385 5530 stabulum,
1397 5475 1452 5534 per
1465 5458 1729 5518 vinumetoleum.
1746 5455 1826 5517 lledi·

115 5532 257 5600 offerebat
269 5535 301 5589 ia
311 5533 397 5589 domo
405 5534 545 5592 Domini:
559 5536 649 5592 Verus
657 5543 709 5609 est,
722 5537 825 5612 inquit,
835 5558 941 5616 sermo,
998 5545 1024 5601 ei
1037 5550 1107 5603 sunt
1120 5548 1236 5621 praelati
1248 5566 1254 5603 :
1270 5548 1346 5618 loca,
1361 5549 1513 5622 capitula3
1530 5549 1613 5607 modi
1631 5546 1824 5623 peanitentiae,

114 5633 200 5692 quem
209 5623 314 5680 oudim
326 5624 359 5680 in
369 5629 453 5682 terra
461 5638 625 5696 measuper
633 5630 817 5690 smmontbus
828 5634 897 5705 turs,
910 5637 940 5690 et
997 5636 1140 5696 remedia.
1150 5637 1408 5711 Attendeiglturin
1417 5638 1777 5713 Samaritanopraelatum
1786 5635 1828 5708 ,in
