3742 6082
73 228 130 286 ffiss
631 226 685 285 bn
702 223 809 284 ARGA
827 221 909 281 uon
926 220 1081 283 monam
1098 224 1176 285 Lm.
1196 227 1252 286 111.
1732 237 1787 297 θα

74 351 242 423 festat,qui
258 353 415 421 acceptum
424 349 538 405 donum
554 351 712 423 sapientiae
724 351 758 407 in
770 350 903 405 ostenta·
918 347 945 403 A
959 347 1107 420 tenditur,
1136 352 1270 424 quando,
1297 355 1388 411 nobie
1412 357 1544 430 perfecte
1571 358 1643 414 huic
1669 362 1786 419 mundo

75 442 159 496 tione
183 443 295 513 portat.
319 438 511 494 Thesaurum
535 443 636 494 autem
661 441 821 495 inventum
851 438 903 493 ab·
958 439 1088 493 mortuis
1103 440 1248 511 quiddam
1260 443 1325 515 jam
1338 444 1375 500 de
1384 446 1499 502 futuris
1512 446 1633 517 gaudiis
1646 451 1736 522 quasi
1747 450 1785 508 de

75 528 205 597 scandit,
219 529 273 600 qui
288 531 410 599 accepto
426 527 505 582 dono
521 528 678 599 sapientiae
703 543 764 584 non
781 517 856 582 10111Ι
871 526 904 581 in
956 524 1047 597 longe
1059 526 1184 584 odorare
1205 532 1389 588 conceditur.
1409 534 1540 590 Afflatus
1561 536 1654 606 enim,
1669 536 1785 610 Spiritu

75 617 172 674 oculis
186 616 359 684 hominum,
376 615 426 671 sed
451 616 536 669 intus
552 631 652 670 coram
675 615 738 671 Deo
753 616 823 672 inde
841 614 904 686 glo·
959 619 1063 671 sancto
1076 617 1200 673 insolito
1211 621 1323 690 gaudio
1336 623 1459 678 animus
1473 622 1639 695 hilarescit,
1653 628 1683 680 et
1697 627 1785 683 mira·

75 707 149 762 riari
173 706 294 778 quaerit.
311 705 438 777 Oportet
461 705 553 759 etiam
577 720 633 759 nos
653 705 708 774 ire,
723 709 752 760 et
774 704 904 759 vendere
959 706 1010 757 tur
1024 705 1114 775 quale
1129 706 1167 761 ad
1191 710 1377 778 gustandum
1401 727 1466 767 esse
1489 713 1598 783 possit,
1612 713 1695 785 quod
1722 717 1786 772 tam

75 795 181 852 omnia
195 809 264 868 quae
275 793 437 863 habemus,
451 796 481 848 11
489 808 588 849 emere
600 809 708 864 agrum
716 795 821 862 istum,
831 793 905 865 quia
959 792 1034 847 mire
1049 794 1140 849 etiam
1151 811 1205 866 per
1219 796 1341 853 odorem
1357 800 1461 855 reiicit.

75 884 252 957 quicunque
263 882 313 938 ille
322 885 378 951 est,
390 882 439 937 cui
450 883 571 938 interna
580 882 693 954 gaudia
700 883 764 955 jam
770 881 905 938 revelata
959 879 1033 937 Car.
1043 881 1109 937 Vll.
1128 885 1171 938 De
1186 887 1386 943 incremento
1401 891 1528 945 arboria
1544 892 1715 960 sapientire
1723 908 1787 963 per

75 977 159 1042 sunt,
174 987 230 1044 pro
243 972 382 1026 contuitu
399 987 504 1027 eorum
518 971 649 1028 libenter
662 972 751 1028 debet
771 975 903 1028 contem·
1269 976 1482 1032 desiderium.

73 1077 147 1117 nera
161 1061 275 1128 omnia,
292 1060 407 1132 quaein
421 1060 608 1117 hocmundo
632 1062 733 1134 ipsum
757 1060 905 1117 delectare
994 1058 1130 1131 Septimo
1143 1059 1209 1117 loco
1225 1062 1404 1135 adjunctum
1426 1069 1483 1136 est,
1499 1067 1580 1138 quod
1603 1083 1658 1140 per
1671 1069 1786 1125 deside·

73 1147 229 1222 poterunt.
247 1149 305 1205 Sed
327 1150 408 1204 inter
428 1148 492 1204 haec
506 1149 632 1206 sollicite
647 1149 904 1206 considerandum
959 1147 1040 1202 rium
1068 1149 1184 1205 crescit.
1209 1150 1294 1207 Sicut
1321 1153 1402 1208 enim
1430 1156 1623 1226 compunctio
1645 1156 1785 1213 incendio

75 1239 176 1306 estiis,
184 1237 428 1310 quisapientiam
439 1242 594 1309 quarunt,
601 1238 683 1309 quod
691 1253 753 1293 non
760 1238 799 1294 ob
810 1238 904 1308 aliud,
960 1241 1164 1308 comparatur,
1179 1239 1223 1295 ita
1244 1239 1428 1296 desiderium
1445 1242 1544 1297 simile
1558 1247 1603 1298 est
1618 1244 1713 1314 fumo,
1730 1247 1784 1317 qui

75 1326 126 1382 sed
136 1330 260 1399 propter
268 1328 399 1398 seipsam
413 1326 578 1397 quaerenda
590 1332 636 1382 est
648 1327 808 1399 sapientia.
820 1325 906 1382 Nihil
960 1324 996 1380 de
1008 1326 1149 1382 incendio
1162 1329 1311 1399 nascitur,
1322 1330 1376 1402 qui
1388 1331 1422 1385 in
1436 1329 1585 1386 directum
1602 1331 1747 1402 ascendit,
1757 1335 1787 1389 et

76 1417 158 1472 enim
172 1415 282 1471 melius
303 1419 350 1471 est
374 1416 535 1487 sapientia,
552 1420 582 1471 et
596 1415 664 1472 ideo
688 1415 835 1486 indignus
859 1418 906 1472 est
960 1418 1077 1486 quanto
1090 1417 1190 1486 magis
1204 1433 1327 1474 sursum
1342 1419 1470 1489 tollitur,
1483 1422 1571 1475 tanto
1588 1420 1720 1493 amplius
1735 1437 1786 1477 ex·

76 1504 240 1577 sapientia,
258 1504 311 1576 qui
327 1503 411 1558 aliud
427 1519 519 1575 quam
536 1505 634 1577 ipsam
648 1505 813 1578 peripsam
828 1505 905 1559 obti·
961 1507 1116 1573 tenuatur,
1130 1506 1315 1578 tandemque
1329 1508 1466 1565 elevatus
1480 1510 1513 1565 in
1529 1509 1659 1565 sublime
1670 1510 1709 1566 ab
1721 1526 1788 1567 ocu·

81 1608 154 1648 nere
166 1591 309 1662 intendit,
326 1593 451 1664 quinon
464 1596 499 1648 ut
512 1592 676 1665 possideat,
690 1593 744 1649 sed
758 1597 793 1648 ut
806 1608 906 1649 vaena·
960 1592 1190 1649 lisintuentium
1197 1597 1520 1667 prorsussubducitur.
1528 1598 1696 1670 Postquam
1705 1599 1786 1655 enim

81 1682 141 1738 lem
166 1682 333 1754 prostituat
355 1683 538 1755 sapientiam
562 1683 680 1754 qnaerit.
703 1682 862 1752 Praeterea,
881 1683 906 1739 si
921 1691 946 1748 Β
960 1697 1014 1754 per
1028 1682 1129 1752 ignem
1142 1686 1386 1755 compunctionis
1399 1687 1508 1757 rubigo
1522 1687 1638 1759 peccati
1652 1704 1670 1742 a
1684 1690 1787 1743 mente

77 1770 219 1827 Christus
234 1773 280 1825 est
295 1771 456 1842 sapientia,
464 1772 518 1842 qui
533 1771 716 1842 sapientiam
727 1786 782 1843 pro
797 1771 905 1826 huma·
959 1771 1052 1826 fuerit
1066 1776 1269 1845 comsumpta,
1281 1777 1310 1829 et
1319 1774 1370 1830 ille
1383 1775 1525 1831 internus
1538 1774 1641 1847 fulgor
1654 1776 1687 1831 in
1699 1775 1787 1833 corde

77 1857 219 1914 nalaude
229 1858 350 1930 quaerit,
359 1858 468 1914 similis
479 1874 545 1914 esse
553 1859 745 1914 convincitur
756 1859 905 1932 proditori
959 1860 1071 1915 micare
1096 1861 1230 1932 coeperit,
1247 1863 1407 1919 confestim
1429 1864 1552 1919 animus
1571 1865 1604 1919 in
1621 1864 1786 1936 quamdam

77 1947 175 2008 Judae.
201 1948 254 2018 qui
278 1948 435 2003 Christum
458 1947 605 2003 vendidit.
630 1947 810 2012 Quoeramus
833 1962 905 2020 ergo
959 1947 1226 2021 contemplationis
1236 1951 1390 2023 speculam
1402 1952 1702 2025 sublevatur‚ibique
1712 1968 1785 2025 quo·

78 2036 907 2109 thesaurosabsconditos,quaeramussapientam,quae·
959 2034 1121 2092 dammodo
1137 2038 1236 2110 seipso
1249 2037 1340 2094 altior
1354 2039 1488 2108 effectus,
1502 2039 1679 2112 quamdam,
1696 2043 1731 2096 ut
1742 2041 1787 2096 ita

77 2141 183 2180 ramus
197 2124 364 2194 Christum,
378 2124 430 2180 sed
447 2141 509 2181 non
531 2115 788 2198 sicutJudas,qui
802 2127 904 2182 Chris·
958 2123 1097 2194 dixerim,
1126 2124 1259 2182 lucidam
1287 2127 1452 2199 regionem,
1478 2132 1507 2183 et
1534 2132 1647 2184 terram
1671 2143 1784 2185 novam

78 2219 144 2270 turn
156 2214 300 2286 quaesivit
310 2217 345 2269 ut
360 2213 514 2283 venderet,
522 2230 583 2270 non
595 2215 906 2288 utpossideret.Quae·
959 2214 1079 2269 eminus
1091 2216 1247 2287 prospicit,
1261 2217 1382 2287 qualem
1396 2232 1556 2289 nunquam
1571 2220 1662 2273 antea
1675 2217 1725 2273 vel
1738 2218 1783 2274 vi·

77 2304 150 2359 sivit
164 2303 245 2359 eninr
258 2303 415 2358 Christum
428 2303 446 2357 J
448 2303 535 2374 udas,
553 2308 583 2359 11
602 2305 722 2361 invenit
742 2308 772 2360 et
794 2305 903 2376 tenuit,
959 2301 1040 2358 disse
1055 2318 1086 2357 se
1100 2304 1250 2373 meminit,
1263 2303 1312 2360 vel
1324 2321 1389 2361 esse
1400 2304 1598 2362 existimavit.
1613 2305 1745 2362 Miratur
1755 2310 1786 2362 et

78 2391 206 2447 sednon
224 2392 358 2460 retinuit,
375 2392 448 2463 quia
464 2392 611 2448 vendidit.
634 2392 692 2448 Sed
712 2396 824 2449 sanctae
838 2410 903 2449 mu·
960 2391 1025 2463 ipse
1038 2392 1091 2462 qui
1106 2391 1199 2461 videt,
1215 2396 1245 2448 et
1258 2409 1320 2466 prae
1345 2393 1456 2465 gaudio
1479 2394 1639 2466 praesentie
1657 2393 1786 2452 luminis

78 2480 168 2536 lieres
193 2479 231 2534 ad
255 2479 428 2552 sepulcrum
452 2497 521 2536 cum
545 2482 735 2538 aromatibus
748 2483 905 2539 venientes
959 2482 1131 2554 praeteritas
1145 2482 1326 2552 ignorantiae
1343 2498 1406 2538 susa
1424 2483 1565 2538 tenebras
1580 2488 1713 2553 accusat,
1728 2485 1784 2539 mi·

79 2567 236 2624 Christum
252 2569 460 2640 quaesiverunt
481 2573 511 2625 et
529 2570 723 2638 invenerunt,
740 2575 905 2627 tenuerunt
960 2574 1046 2625 ratur
1062 2571 1167 2625 subter
1179 2585 1211 2625 11
1225 2571 1258 2625 in
1269 2571 1342 2640 imo,
1353 2583 1415 2641 quo
1427 2574 1600 2642 prostratus
1611 2572 1718 2643 jacuit,
1734 2573 1787 2629 mi·

78 2662 107 2713 et
122 2657 477 2730 retinuerunt,quianon
486 2659 665 2730 quaerebant
680 2664 714 2715 ut
727 2659 903 2731 venderent,
959 2662 1046 2714 ratur
1069 2674 1160 2732 super
1183 2675 1214 2714 se
1238 2659 1269 2714 in
1290 2674 1420 2728 summo,
1444 2675 1505 2731 quo
1520 2660 1657 2716 elevatus
1676 2661 1784 2718 tendit.

78 2747 130 2802 sed
143 2750 178 2802 ut
192 2746 382 2819 possiderent
399 2748 528 2817 (Mattb.
539 2747 663 2819 xxvnr).
675 2749 820 2804 Dicamus
833 2763 904 2820 ergo
959 2747 1079 2803 Gaudet
1092 2763 1124 2803 se
1138 2752 1260 2804 tantum
1272 2749 1336 2818 jam
1350 2748 1483 2803 evasisse
1496 2748 1580 2803 abeo
1595 2748 1677 2820 quod
1688 2748 1787 2805 doluit

78 2836 113 2891 de
129 2836 290 2908 sapientia,
302 2852 356 2908 per
365 2837 504 2891 timorem
517 2838 695 2906 seminatur,
704 2852 759 2909 per
772 2839 903 2908 gratiam
959 2836 1041 2892 dolet
1055 2852 1087 2891 se
1103 2840 1224 2892 tantum
1239 2836 1339 2891 adhuc
1353 2836 1458 2892 abesse
1471 2836 1510 2891 ab
1523 2851 1558 2891 eo
1569 2836 1661 2908 quod,
1673 2835 1784 2907 diligit.

78 2925 207 2995 rigatur,
221 2939 274 2996 per
289 2923 422 2980 dolorem
438 2925 578 2994 moritur,
594 2940 647 2996 per
669 2924 759 2980 fidem
776 2926 903 2998 radicat,
958 2925 1095 2980 Conatur
1106 2926 1203 2995 igitur
1216 2925 1353 2993 festinat,
1368 2924 1515 2993 aseendit,
1529 2925 1635 2979 crescit
1648 2940 1702 2997 per
1711 2924 1787 2981 desi·

77 3029 131 3086 per
144 3015 409 3084 compunctionem
435 3015 543 3069 oritur.
560 3014 601 3069 Hi
622 3013 736 3084 gradus
760 3016 903 3073 videntur
921 3039 944 3095 (χ
960 3014 1088 3083 derium,
1104 3019 1134 3069 et
1148 3013 1407 3086 quemadmodum
1432 3013 1554 3085 virgula
1567 3014 1655 3084 fumi,
1668 3019 1785 3087 quanto

77 3103 153 3158 mihi
177 3103 351 3173 significari,
372 3103 425 3158 ubi
444 3104 571 3174 jubetur
591 3103 749 3159 Abraham
764 3105 847 3159 exire
866 3106 903 3162 de
959 3104 1057 3174 magis
1073 3119 1195 3159 sursum
1208 3102 1335 3172 tollitur,
1347 3106 1434 3158 tanto
1445 3103 1578 3175 amplius
1590 3106 1785 3175 extenuatur,

78 3197 159 3248 terra
175 3208 241 3262 sua,
256 3197 285 3247 et
300 3192 336 3247 de
351 3194 532 3264 cognatione
547 3209 613 3262 sna,
628 3197 657 3248 et
676 3193 713 3250 de
735 3194 825 3251 domo
851 3213 902 3269 pa·
958 3194 1003 3249 ita
1015 3191 1189 3247 coelestibus
1202 3191 1463 3264 appropinquans,
1477 3195 1507 3247 et
1521 3207 1642 3247 omnem
1657 3194 1785 3248 terrenas

78 3282 133 3336 1111
160 3282 219 3350 sui,
238 3285 269 3336 at
284 3286 357 3336 tunc
371 3282 494 3337 demum
521 3285 601 3337 terra
615 3283 643 3337 ei
666 3282 904 3342 demonstranda
959 3278 1784 3353 concupiscentiaenebulamevaporanstotusspiritalis

78 3370 275 3441 permittetur,
292 3372 367 3438 Exi,
383 3371 485 3442 inquit
497 3371 659 3441 Dominus,
675 3376 715 3428 de
731 3378 820 3429 terra
832 3380 902 3446 tua,
959 3371 1096 3439 efficitur,
1112 3369 1297 3441 tandemque
1312 3384 1343 3424 se
1358 3369 1504 3425 humanis
1524 3369 1668 3426 subducit
1683 3385 1796 3443 espec·-

78 3460 641 3528 11111191111011111,1111111110
652 3465 764 3530 patria
779 3467 853 3530 tui;
872 3470 904 3521 11
959 3460 1053 3528 tibus,
1068 3459 1141 3514 dum
1158 3458 1196 3513 ad
1211 3463 1330 3514 terrena
1344 3459 1458 3527 1111,11
1481 3458 1616 3515 visibilia
1631 3460 1785 3532 concupis·

79 3550 152 3602 ueni
176 3550 212 3600 in
237 3553 360 3602 terram
386 3565 485 3617 quam
511 3554 723 3607 monstravero
739 3553 797 3607 1111
812 3554 900 3623 (Gen.
959 3547 1055 3603 cenda
1067 3547 1200 3620 amplius
1214 3547 1296 3602 exire
1312 3548 1593 3617 recusans,intusin
1605 3547 1784 3603 abscondito

79 3637 145 3706 xn).
163 3636 261 3706 Igitur
275 3637 483 3708 pertimerem
499 3640 618 3694 eximus
632 3640 670 3695 de
694 3642 774 3696 11111
786 3645 902 3711 nostra,
959 3636 1047 3691 faciei
1061 3635 1186 3691 Domini
1196 3635 1356 3704 gloriatur·

80 3740 132 3796 per
145 3725 276 3795 gratiam
292 3727 412 3781 eximus
427 3727 463 3782 de
475 3728 655 3798 cognatione
667 3732 781 3797 nostra,
792 3745 846 3802 per
856 3730 904 3785 do
986 3725 1059 3781 Car.
1076 3724 1156 3780 VlIl.
1174 3725 1213 3778 01
1227 3725 1428 3779 roboratione
1442 3725 1568 3778 arboria
1583 3724 1756 3792 sapientior

79 3812 172 3868 lorern
180 3813 217 3868 de
229 3813 319 3869 domo
330 3815 427 3887 patris
442 3817 539 3871 nostri
551 3815 733 3887 egredimur,
746 3833 799 3889 per
813 3818 903 3874 tidem
1230 3827 1292 3880 per
1304 3813 1511 3867 charitatem·

79 3905 107 3956 et
121 3901 313 3958 devotionem
328 3903 494 3960 Dominum
511 3904 678 3975 sequimur,
691 3921 726 3960 ac
739 3906 782 3961 sic
796 3906 905 3963 deinde
994 3903 1108 3958 Octavo
1121 3901 1187 3956 loco
1200 3899 1379 3972 adjunctum
1392 3903 1438 3955 est
1455 3917 1460 3954 :
1478 3915 1532 3972 per
1546 3899 1727 3955 charitatem
1742 3915 1787 3956 ro·

78 3990 109 4044 in
124 3993 212 4046 sexto
226 3990 322 4060 gradu
339 3997 419 4047 terra
433 3992 523 4048 nobis
537 3994 750 4065 promissaper
759 4009 903 4068 compuri·
959 3993 1096 4047 boratur.
1106 3989 1249 4045 Charitas
1256 3987 1366 4043 similis
1381 3991 1427 4044 est
1439 3989 1521 4044 vino.
1531 3988 1644 4043 Vinum
1653 4002 1786 4061 namque

79 4080 209 4136 ctionem
225 4080 462 4137 demonstratur.
479 4083 690 4139 Pertimorem
704 4084 905 4157 relinquimus
960 4097 1022 4150 eos,
1047 4095 1125 4152 quos
1149 4077 1347 4133 inebriaverit
1370 4076 1471 4132 reddit
1491 4076 1614 4146 hilares,
1644 4077 1785 4145 audaces,

78 4184 201 4224 censum
217 4174 382 4240 terrenum,
398 4172 594 4244 pergratiam
609 4177 640 4227 et
654 4172 788 4228 dolorem
804 4177 904 4229 muta·
960 4171 1065 4237 fortes,
1088 4167 1264 4234 obliviosos,
1280 4170 1311 4220 et
1331 4165 1556 4237 quodammodo
1580 4165 1786 4220 insensibiles.

77 4275 145 4315 mus
160 4259 313 4328 affectum,
329 4260 483 4332 perfidem
498 4265 528 4316 et
539 4260 734 4317 dovotionem
748 4264 906 4319 confirma·
960 4259 1009 4314 Sic
1023 4257 1158 4313 charitas
1171 4254 1348 4311 mundando
1358 4253 1576 4310 conscientiam
1589 4258 1723 4308 mentem
1736 4268 1785 4308 ex·

78 4365 146 4404 mus
161 4347 311 4418 animum,
320 4365 373 4420 per
387 4351 650 4421 compunctionem
666 4351 842 4407 invenimus
857 4352 904 4408 da-
918 4382 947 4439 Β
961 4349 1083 4416 hilarat,
1099 4344 1208 4402 deinde
1219 4343 1365 4399 audacem
1378 4341 1487 4411 reddit,
1499 4341 1622 4414 quando
1635 4356 1689 4413 per
1700 4355 1785 4396 mun·

78 4437 233 4493 siderium.
250 4437 293 4491 De
315 4440 395 4493 terra
417 4442 522 4493 nostra
543 4439 672 4509 eximus,
686 4456 754 4496 cum
777 4454 813 4495 ea
834 4456 903 4513 111
958 4440 1066 4498 ditiam
1077 4431 1425 4501 conscientiae,fiduciam
1434 4433 1568 4503 praestat.
1578 4429 1696 4485 Deinde
1704 4429 1787 4486 vires

79 4527 152 4583 foris
166 4526 492 4597 possidenturterrena
504 4527 586 4582 hona
596 4528 845 4601 derelinquimus.
859 4529 904 4584 De
957 4533 1058 4601 auget,
1073 4526 1157 4598 quia,
1172 4523 1252 4579 sicut
1265 4524 1397 4576 testatur
1407 4519 1574 4593 Scriptura,
1586 4518 1674 4574 fortis
1687 4522 1734 4574 est
1748 4520 1783 4575 ut

78 4615 259 4687 cognatione
273 4619 379 4670 nostra
392 4616 659 4688 eximue,·quando
678 4618 773 4687 vitiis,
790 4618 903 4690 quaein
958 4619 1005 4675 leo
1020 4618 1078 4687 qui
1093 4613 1229 4684 confidit
1243 4612 1280 4664 in
1293 4611 1429 4664 Domino
1447 4609 1554 4679 (Prov.
1571 4605 1692 4677 xxvrnl.
1708 4607 1785 4663 Con·

78 4704 178 4772 nobis,
193 4706 274 4758 etex
286 4703 376 4758 nobis
391 4708 465 4758 nata
486 4709 559 4759 sunt
578 4705 842 4761 abrenuntiamus.
860 4706 904 4762 De
959 4705 1087 4762 scientia
1101 4701 1181 4757 enirn
1198 4698 1314 4754 munda
1326 4696 1419 4752 nullis
1434 4695 1570 4752 adversis
1582 4696 1720 4768 superari
1734 4711 1785 4768 po·

79 4791 168 4848 domo
184 4792 281 4864 patris
294 4792 392 4847 nostri
409 4792 670 4864 eximus,quando
682 4792 832 4849 mundum
846 4809 906 4850 om·
959 4798 1029 4864 teat,
1054 4791 1128 4864 quia
1158 4803 1227 4844 curn
1254 4788 1340 4842 intus
1364 4786 1400 4841 de
1424 4786 1480 4840 Dei
1495 4799 1614 4858 semper
1634 4784 1787 4857 adjutorio

79 4896 159 4950 nem,
175 4885 206 4936 et
220 4896 256 4935 ea
270 4896 338 4952 quae
352 4881 385 4935 in
398 4880 513 4937 mundo
529 4887 612 4952 sunt,
622 4897 749 4953 prorsus
764 4899 783 4936 1
796 4884 906 4952 cogita·
960 4881 1094 4948 confidit,
1110 4875 1261 4949 quidquid
1275 4875 1396 4930 adversi
1409 4872 1483 4929 foris
1497 4873 1607 4929 tolerat
1616 4872 1704 4929 facile
1717 4889 1787 4929 con·

79 4969 160 5024 tione
175 4973 281 5024 nostra
296 4974 534 5041 sequestramus,
550 4975 581 5026 et
605 4986 726 5026 ornnem
742 4971 836 5026 animi
858 4972 904 5026 in·
961 4970 1079 5036 temnit,
1105 4970 1134 5021 et
1157 4964 1263 5019 vincit.
1287 4962 1480 5018 Oblivionem
1502 4976 1626 5034 quoque
1651 4964 1787 5033 generat,

80 5059 244 5113 tentionem
261 5058 294 5112 in
309 5058 373 5114 sola
387 5063 502 5114 aeterna
516 5059 685 5130 defigimus.
701 5060 793 5116 Pater
802 5063 906 5115 noster
960 5059 1045 5131 quia,
1060 5056 1133 5111 dum
1149 5056 1245 5109 totam
1258 5051 1354 5107 animi
1368 5051 1573 5108 intentionem
1586 5051 1625 5106 ad
1638 5050 1789 5106 desideria

79 5144 245 5200 secundum
261 5145 346 5200 illam
360 5147 565 5217 nativitatem,
575 5164 637 5220 qua
651 5149 683 5203 in
695 5148 828 5219 peccatis
839 5147 906 5203 nati
960 5151 1142 5203 astomorum
1165 5141 1271 5210 trahit,
1291 5141 1430 5196 omnium
1452 5156 1521 5213 quae
1542 5142 1705 5197 transeunt
1727 5153 1788 5193 me·

78 5249 195 5303 sumus,
211 5233 353 5290 diabolus
366 5240 422 5305 est,
440 5236 513 5308 quia
528 5237 695 5292 secundum
710 5236 904 5293 nativitatem
960 5235 1091 5293 moriam
1105 5233 1145 5288 ab
1160 5232 1264 5286 animo
1279 5230 1421 5286 funditus
1440 5229 1552 5285 evellit.
1575 5224 1789 5283 insensibilem

78 5322 115 5378 ad
129 5323 197 5394 ejus
212 5323 383 5378 dominium
392 5325 591 5396 pertinemus,
598 5326 652 5396 qui
667 5328 829 5381 auctorest
842 5341 907 5398 pec·
960 5324 1070 5393 reddit,
1087 5320 1248 5395 quiedam
1264 5322 1397 5374 mentem
1412 5334 1466 5392 per
1479 5319 1633 5373 internam
1658 5313 1790 5370 dulcedi·

78 5411 147 5466 cati.
164 5411 240 5483 Ejus
264 5410 373 5467 domus
395 5416 442 5466 est
465 5411 599 5467 mundus
620 5413 688 5481 istc,
705 5413 779 5486 quia
797 5414 905 5470 merito
960 5430 1030 5470 nem
1046 5410 1225 5469 medullitus
1233 5409 1338 5482 replet,
1348 5406 1499 5480 quidquid
1508 5404 1641 5460 exterius
1649 5417 1789 5458 amarum

78 5515 141 5556 sure
153 5501 365 5573 perversitatis
375 5501 482 5556 mundi
494 5501 597 5572 huJus,
605 5504 747 5558 eteorum
758 5504 811 5574 qui
822 5519 906 5559 mun·
959 5503 1090 5558 infertur
1105 5499 1283 5566 contemnit,
1295 5497 1384 5570 quasi
1397 5511 1459 5551 non
1475 5494 1635 5549 sentiatur.
1644 5489 1787 5548 Charitas

77 5589 151 5644 dum
166 5589 262 5644 istum
278 5594 393 5659 amant,
421 5591 563 5662 princeps
581 5590 681 5646 factus
695 5595 751 5647 est.
768 5591 906 5662 Egressis
960 5607 1031 5663 ergo
1046 5590 1229 5663 sapientiam
1245 5583 1464 5654 roboratarum
1479 5581 1575 5637 menti
1588 5584 1618 5636 et
1632 5580 1787 5651 fiduciam,

78 5682 182 5733 autem
198 5677 235 5733 de
251 5682 331 5733 terra
357 5682 472 5747 nostra,
489 5682 519 5733 et
543 5678 579 5734 (11
593 5680 774 5750 cognatione
788 5684 904 5751 nostra,
959 5686 989 5737 et
1011 5679 1234 5745 fortitudinem,
1248 5679 1278 5731 at
1296 5670 1535 5745 insuperabilem
1561 5669 1788 5744 quodammodo
1823 5674 1831 5689 ·

78 5771 109 5825 11
122 5766 266 5824 dedomo
280 5767 378 5839 patris
391 5767 500 5838 nostri,
515 5766 576 5823 elia
590 5783 609 5824 1
623 5768 756 5828 Domino
769 5773 850 5826 terra
862 5784 907 5827 cs
959 5767 1169 5827 insensibilem
1182 5763 1336 5823 reddendo
1350 5757 1810 5830 ansianumqmamw
