3742 6082
141 106 195 169 433
639 105 696 165 DE
712 105 1001 170 sicennam.
1022 108 1132 171 tiam
1148 110 1178 173 11
1196 110 1298 175 PARS
1314 114 1366 175 tv.
1792 117 1847 188 itt

140 236 188 292 vel
200 235 282 292 inter
291 233 429 304 lectores,
445 234 490 291 ita
503 238 538 290 ut
558 235 760 308 Evangelium
779 238 828 294 vel
850 240 968 312 Episte-
979 238 1007 295 Α
1020 239 1226 312 piscoporum,
1240 244 1333 314 atque
1347 244 1529 303 auctoritate
1540 245 1671 305 Romani
1680 254 1843 323 pontilicis.

140 327 202 383 lam
225 342 287 383 non
306 327 420 397 legant.
444 326 476 381 Si
500 330 602 382 autem
624 328 768 384 ordinatii
792 334 866 385 sunt
888 331 968 386 inter
1021 328 1154 385 Mutatio
1168 331 1309 387 similiter
1322 332 1499 392 clericorum
1515 337 1579 393 sive
1599 340 1846 412 presbyterorum

141 415 347 471 subdiaconos
361 414 468 470 haberi
479 415 658 486 concedunt,
669 418 714 472 ita
724 420 759 472 ut
769 433 895 474 manum
906 435 967 475 non
1022 433 1084 472 non
1099 419 1165 474 sine
1181 436 1293 491 magna
1307 421 1487 479 discretione
1502 425 1676 497 deridebat,
1692 446 1762 487 cum
1776 447 1845 489 con-

140 507 312 579 imponant,
327 521 382 560 nec
396 521 483 560 sacra
504 505 695 576 contingant.
713 507 900 564 Paenitentos
914 524 967 563 au·
1023 508 1091 563 silio
1102 512 1132 563 et
1143 512 1323 566 auctoritate
1333 514 1545 586 cpiscoporum
1554 532 1689 575 suorum.
1698 520 1848 580 Clerloum

139 600 201 652 tem
217 595 348 650 dicimus
360 610 412 650 eos
427 595 481 666 qui
494 599 564 668 post
579 595 768 668 baptismum
781 612 836 669 pro
847 597 969 653 homici·
1022 597 1115 651 etiam
1128 598 1159 652 in
1173 599 1315 656 Ecclesiis
1328 602 1459 660 duarum
1470 604 1630 662 civitatum
1642 611 1754 666 ascribi
1768 613 1848 669 sauri

139 685 201 754 dio,
218 689 273 740 aut
286 700 342 756 pro
355 684 485 739 diversis
502 685 693 754 criminibus,
710 688 764 739 aut
777 685 968 755 gravissimis
1022 700 1154 741 canones
1169 692 1286 744 vetant.
1300 691 1497 762 presbyteros
1521 711 1643 768 quoque
1657 698 1763 756 relicta
1775 717 1848 758 cura

138 774 284 847 peccatis,
298 772 453 845 publicam
466 774 825 845 gerentespoenitentiam
837 775 895 830 sub
909 774 970 830 cili·
1023 774 1226 833 Ecclesiarum
1242 794 1366 835 suarum
1378 784 1593 852 protectionem
1609 789 1772 862 suscipere,
1783 792 1848 848 sive

142 864 200 931 cio,
218 862 324 917 divino
347 861 583 918 fuerintaltario
608 861 803 918 reconciliati.
823 863 970 919 Similiter
1023 862 1061 918 ad
1085 866 1239 922 orationes
1263 869 1327 923 sive
1349 869 1496 940 quolibet,
1511 875 1684 933 inconsulto
1708 879 1849 953 episcopo

143 950 368 1007 transmarinos
383 953 413 1006 et
427 950 598 1020 incognitos
612 950 762 1021 homines,
774 951 969 1009 siveclericos
1023 968 1086 1008 non
1099 959 1238 1026 oportere
1248 959 1411 1014 testantur.
1425 960 1638 1021 Determinant
1647 982 1769 1040 quoque
1778 984 1848 1042 quar

142 1039 275 1097 aliarum
289 1038 495 1107 ecclesiarum,
512 1054 610 1111 neque
624 1039 760 1095 ordinari
779 1056 878 1113 neque
890 1040 969 1098 ordi·
1024 1042 1087 1098 siut
1112 1060 1180 1116 quae
1210 1049 1379 1105 necessario
1403 1050 1597 1122 presbyteros
1622 1056 1699 1111 scire
1718 1060 1847 1130 oportet,

142 1134 233 1185 natos
243 1128 337 1201 recipi
352 1126 532 1196 concedunt,
547 1129 613 1184 sine
625 1128 883 1185 commendatitiis
894 1129 971 1186 litte
1025 1131 1139 1187 scilicet
1147 1133 1260 1190 librum
1271 1140 1849 1220 sacramentorum,lectionariumbap

142 1219 184 1274 ris
197 1218 410 1290 episcoporum
426 1232 562 1272 suorum.
1024 1221 1187 1291 tistcrium,
1210 1229 1395 1296 compotum,
1415 1243 1573 1299 canonem,
1595 1233 1847 1305 poenitentialem,

160 1308 235 1365 Car.
252 1307 363 1365 XXIV.
382 1310 450 1369 Ona
465 1309 595 1362 rationo
608 1309 749 1362 mutatio
762 1309 864 1376 possit
879 1308 954 1381 fieri
1024 1310 1214 1380 psalterium,
1230 1313 1384 1384 homilias,
1397 1332 1450 1388 per
1465 1318 1612 1374 circulum
1627 1322 1701 1377 anni
1715 1323 1850 1381 Domini-

438 1398 680 1452 ordinatorum.
1025 1398 1068 1452 cis
1094 1398 1202 1455 diebus
1230 1405 1260 1456 et
1288 1403 1418 1474 singulis
1444 1406 1665 1464 festivitatibus
1694 1415 1792 1482 aptas,
1819 1415 1849 1469 et

176 1485 311 1543 Mutatio
324 1486 534 1559 episcoporum
550 1485 586 1540 de
601 1486 666 1540 auis
680 1484 755 1541 locis
768 1485 806 1541 ad
830 1485 892 1541 alia
904 1484 972 1543 loca
1024 1484 1121 1540 multa
1136 1485 1197 1540 alia
1211 1504 1279 1559 quae
1292 1489 1401 1545 devita
1415 1496 1681 1553 etconversatione
1692 1513 1848 1556 sacrorum

145 1573 228 1630 nulla
242 1574 362 1631 ratione
374 1571 464 1630 debet
477 1573 552 1643 fieri,
570 1573 629 1629 nisi
643 1589 698 1645 pro
713 1589 825 1645 magna
838 1573 972 1630 utilitate
985 1587 1011 1643 Β
1025 1575 1178 1647 ordinum,
1194 1578 1242 1634 vel
1256 1581 1481 1639 rationabiliter
1494 1584 1575 1641 dicta
1590 1590 1673 1657 sunt,
1689 1587 1738 1644 vel
1747 1603 1847 1646 neces·

145 1662 190 1718 vel
204 1663 388 1719 necessitate
403 1666 537 1734 cogente.
554 1662 593 1718 Et
618 1663 676 1718 hoc
701 1662 825 1735 quidem
841 1679 903 1720 non
917 1680 971 1738 per
1026 1666 1107 1722 sario
1119 1667 1268 1724 facienda.

145 1753 226 1825 ipsos
240 1752 307 1809 fieri
322 1754 451 1824 oportet,
465 1751 518 1808 sed
532 1751 660 1808 consilio
674 1755 704 1807 et
715 1752 898 1809 invitatione
912 1769 969 1810 ooe-
1053 1779 1054 1782 ¹

725 2142 905 2259 PARS
946 2143 1257 2282 QUARTA.

753 2386 807 2444 DE
832 2387 1087 2446 INDUMuNTIS
1105 2387 1251 2447 SACRIS.

179 2616 253 2673 (lae.
269 2616 294 2672 l.
309 2616 390 2684 Quot
402 2622 433 2671 et
446 2631 518 2686 qaoe
530 2621 609 2671 sunt
620 2617 935 2673 indumentasacra.
1027 2636 1065 2694 po
1078 2620 1212 2677 hominia
1226 2620 1411 2678 munditiam
1432 2637 1526 2694 quam
1540 2638 1577 2678 ex
1592 2628 1704 2682 natura
1717 2642 1780 2685 non
1797 2627 1851 2685 ha·

179 2707 279 2763 Nosse
293 2709 413 2780 eportet
428 2705 542 2761 Christi
554 2704 725 2762 sacerdotes
750 2710 780 2761 et
802 2707 971 2776 ministros,
1027 2710 1088 2778 bet,
1105 2709 1207 2785 studio
1220 2709 1302 2766 bono
1317 2709 1472 2766 adnitente
1495 2713 1627 2784 acquirit
1642 2716 1849 2787 pergratiam,

149 2797 295 2868 quoniam
309 2795 420 2851 idcirco
435 2793 602 2866 singularis
611 2795 655 2850 eis
664 2795 697 2850 in
707 2810 793 2851 sacro
803 2795 974 2851 ministerio
1028 2802 1063 2853 ut
1078 2798 1243 2854 secundum
1259 2799 1440 2871 Apostolum
1452 2800 1592 2856 minister
1603 2801 1727 2873 Christi,
1741 2819 1851 2878 corpus

148 2884 272 2941 habitus
288 2884 478 2953 attribuitur,
494 2886 529 2939 ut
543 2883 639 2956 perid
652 2883 821 2956 quodforis
836 2887 972 2956 apparet,
1028 2902 1120 2943 suum
1132 2888 1270 2958 castiget,
1286 2891 1316 2942 et
1336 2888 1369 2942 in
1393 2889 1571 2945 servitutem
1593 2891 1711 2962 redigat
1736 2892 1767 2965 (I
1781 2895 1849 2975 Gor.

148 2974 254 3048 quales
270 2974 357 3029 intus
373 2989 438 3029 esse
448 2973 589 3041 debeant,
598 2972 787 3029 ostendatur.
800 2972 973 3029 sacrarium
1028 2974 1086 3046 rx),
1100 2974 1357 3047 quemadmodum
1371 2976 1484 3047 byssus
1506 2978 1553 3034 vel
1575 2979 1675 3036 linum
1690 2982 1853 3041 candorem

148 3069 250 3120 autem
259 3064 392 3120 vestium
407 3063 486 3118 ritus
498 3079 504 3118 ι
516 3063 629 3136 partim
640 3061 768 3118 aVeteri
778 3062 974 3119 Testamenta
1028 3079 1119 3136 quem
1134 3079 1171 3119 ea
1186 3068 1297 3120 natura
1305 3080 1367 3120 non
1380 3064 1499 3134 babuit,
1513 3082 1566 3138 per
1577 3068 1715 3126 studium
1727 3073 1758 3126 et
1767 3071 1854 3130 indu·

147 3157 326 3226 assumptus
340 3156 396 3222 est,
407 3153 520 3225 partim
536 3168 554 3206 a
568 3151 711 3208 Patribus
723 3151 812 3207 novis
825 3150 971 3223 adjectus.
1029 3155 1135 3210 siriam
1147 3153 1254 3210 multis
1269 3154 1466 3211 tunsionibus
1481 3158 1511 3211 et
1524 3157 1613 3229 quasi
1624 3159 1758 3230 quadam
1767 3175 1856 3219 vexa-

146 3242 292 3314 Legimus
313 3243 393 3312 (Leo.
411 3241 479 3313 vm)
495 3241 578 3313 quod
591 3240 713 3311 Moyses
726 3240 830 3296 Aaron
847 3240 972 3295 fratrem
1028 3243 1111 3299 tione
1125 3244 1267 3300 attritum
1280 3243 1422 3315 acquirit.

147 3350 238 3390 auum
253 3349 323 3390 cum
335 3333 407 3388 filiis
419 3333 484 3388 suis
499 3331 537 3387 ad
551 3333 664 3388 ostium
685 3330 875 3387 tabernaculi
890 3331 973 3387 testi·
993 3367 1016 3424 C
1286 3331 1359 3389 Car.
1376 3332 1430 3389 lII.
1447 3336 1490 3390 De
1501 3349 1595 3392 zona.

148 3423 243 3480 monii
258 3421 511 3478 sanctificandum
532 3420 689 3493 applicuit,
705 3423 735 3476 et
759 3420 857 3476 lotum
880 3435 972 3501 aqua,
1065 3421 1138 3477 Haec
1152 3422 1256 3490 vestis,
1272 3420 1304 3476 id
1318 3425 1364 3476 est
1378 3423 1482 3477 tunica
1496 3423 1577 3478 linea
1591 3424 1670 3480 circa
1685 3442 1772 3485 renea
1792 3429 1853 3486 tor-

149 3513 254 3568 tunica
263 3511 393 3583 byssina
405 3511 540 3578 vestivit,
554 3509 663 3565 deinde
676 3524 752 3565 zona
762 3508 934 3581 praecinxit,
945 3511 975 3562 et
1027 3509 1099 3565 titer
1123 3510 1315 3581 astringitur,
1331 3513 1366 3572 ut
1387 3511 1513 3566 castitas
1529 3512 1694 3570 sacerdotis
1708 3516 1792 3572 nullo
1805 3518 1853 3574 in·

150 3602 274 3659 vestivit
290 3617 359 3657 eum
374 3601 510 3657 tunicam
533 3599 719 3668 interiorem,
735 3600 766 3654 et
786 3597 933 3669 imposuit
947 3596 974 3651 ei
1027 3599 1217 3653 centivorum
1232 3600 1310 3652 aestu
1323 3595 1519 3667 dissolvatur,
1535 3599 1614 3655 sicut
1624 3602 1772 3673 scriptum
1785 3609 1851 3662 est:

149 3690 409 3764 superhumerale,
419 3693 449 3745 et
458 3689 555 3745 cinxit
565 3703 634 3744 eum
646 3686 813 3744 secundnm
823 3687 973 3742 iacturam
1028 3685 1757 3759 Sintiambicestriproecincti(Lac.v).Vestis
1767 3692 1854 3766 quip-

149 3774 975 3854 superhumeralis,etimposuitsupereumlogiou,idest
1027 3789 1065 3848 pe
1080 3772 1210 3829 eandida
1224 3771 1420 3843 munditiam,
1441 3787 1517 3829 zona
1539 3790 1612 3832 vero
1632 3779 1854 3840 continentiam

150 3869 312 3939 rationale,
325 3869 357 3924 in
373 3884 434 3940 quo
449 3871 514 3924 erat
523 3866 733 3923 manifestatio
747 3869 777 3921 et
789 3865 913 3936 veritas;
922 3863 975 3921 sed
1028 3862 1190 3933 significat,
1205 3864 1240 3916 ut
1260 3860 1323 3916 illic
1337 3876 1399 3917 non
1425 3861 1588 3933 sordescat,
1604 3865 1654 3921 hic
1673 3881 1735 3924 non
1751 3869 1855 3928 effluat

149 3959 274 4015 mitram
288 3957 435 4029 imposuit
450 3972 541 4029 super
564 3957 656 4027 caput
670 3955 746 4027 ejus,
761 3957 791 4009 et
805 3969 897 4027 super
918 3954 974 4010 mi·
1028 3953 1094 4007 vita
1112 3950 1291 4024 spiritualis.
1308 3949 1381 4006 Haec
1396 3966 1471 4006 zona
1486 3951 1519 4007 in
1540 3952 1643 4010 Veteri
1657 3954 1855 4016 Testamenta

150 4050 228 4103 tram
252 4048 285 4102 in
307 4047 407 4102 fronte
421 4046 521 4118 ipsius
541 4044 689 4101 laminam
711 4058 845 4113 auream,
861 4043 894 4098 in
914 4058 976 4115 qua
1028 4044 1161 4113 quatuor
1171 4039 1324 4096 coloribus
1338 4039 1484 4096 distincta
1498 4040 1665 4109 invenitur,
1678 4044 1711 4101 id
1725 4050 1772 4103 est
1781 4047 1853 4120 bys·

149 4136 297 4209 scriptum
310 4139 494 4191 eratnomen
504 4134 570 4190 Dei.
578 4133 699 4206 Septem
714 4133 740 4188 si
749 4131 894 4205 praedicta
906 4147 976 4187 enu-
1029 4146 1073 4201 so,
1088 4145 1235 4202 purpura,
1250 4129 1428 4199 hyacinthe,
1444 4144 1542 4200 cocco,
1560 4146 1638 4203 quos
1657 4134 1743 4189 varia
1764 4135 1856 4192 inter·

149 4240 246 4280 meres
275 4224 482 4280 instrumenta
501 4221 714 4296 pontilicicalis
738 4224 865 4278 ornatus
890 4221 975 4276 inve·
1027 4218 1199 4292 pretatione
1227 4218 1290 4273 sive
1317 4215 1355 4272 ad
1378 4219 1512 4289 quatuor
1537 4217 1696 4291 elementa,
1722 4238 1853 4295 quorum

149 4313 215 4368 nias
230 4312 346 4368 seilicet
361 4312 498 4369 tunicam
518 4312 689 4383 byssinam,
705 4326 823 4380 zonam,
840 4309 975 4366 tunicam
1029 4307 1238 4380 complexione
1261 4309 1373 4363 natura
1396 4305 1533 4362 humana
1556 4313 1686 4379 constat,
1701 4315 1736 4367 ut
1754 4315 1855 4372 totum

149 4398 337 4470 interiorem,
351 4400 609 4472 superhumerale,
623 4399 781 4468 rationale,
795 4399 930 4467 mitram,
947 4400 976 4452 et
1029 4396 1112 4468 quod
1126 4396 1260 4452 hominis
1270 4399 1316 4453 est
1327 4395 1498 4467 stringatur
1507 4400 1538 4453 et
1548 4398 1727 4457 cohibeatur
1737 4416 1756 4456 a
1768 4400 1856 4459 lluxu

150 4487 300 4547 laminam
315 4505 450 4559 auream,
466 4489 580 4560 quibus
595 4489 620 4543 si
635 4486 793 4543 feminalia
804 4486 895 4556 linea,
907 4501 976 4559 quae
1028 4485 1185 4553 vitiorum,
1196 4484 1261 4540 siva
1270 4487 1403 4556 quatuor
1412 4485 1596 4558 principales
1605 4487 1736 4546 virtutes
1747 4491 1854 4562 animi,

151 4578 211 4634 ritu
236 4593 325 4633 sacro
348 4578 428 4635 circa
453 4594 540 4634 renes
560 4576 713 4651 pontilicis
735 4576 976 4647 stringebantur,
1030 4572 1143 4646 quibus
1156 4573 1247 4628 homo
1255 4588 1293 4628 ex
1305 4573 1389 4628 omni
1398 4576 1485 4645 parte
1497 4574 1578 4645 cingi
1588 4574 1679 4633 debet
1688 4580 1719 4634 et
1728 4579 1856 4650 mentri,

151 4665 309 4739 adjeceris,
324 4669 392 4722 octo
406 4670 480 4722 sunt
495 4664 695 4723 sacerdotalia
706 4664 896 4720 indumenta.
983 4688 985 4692 ·
1029 4660 1204 4719 referendos
1219 4661 1409 4718 existimant.

327 4754 401 4812 Gar.
417 4754 457 4811 Il.
475 4757 516 4811 lic
532 4758 647 4812 tunica
662 4756 806 4824 bussina.
991 4732 1019 4790 D
1170 4751 1243 4807 Car.
1260 4749 1311 4806 IV.
1322 4753 1366 4806 De
1380 4751 1596 4819 feminalibus
1609 4755 1718 4813 tineis.

185 4843 306 4901 Turrim
331 4844 460 4915 byssina
486 4847 532 4902 est
559 4861 628 4917 quae
642 4843 745 4900 Graece
758 4841 871 4921 antipas,
885 4841 918 4899 id
931 4844 978 4897 est
1067 4839 1113 4896 Ob
1135 4837 1270 4911 ejusdem
1288 4838 1439 4894 castitatis
1462 4842 1492 4895 et
1515 4841 1712 4902 continentiae
1733 4846 1857 4919 signum

152 4933 260 4990 talaris
274 4931 461 5007 appellatum
474 4933 662 5007 quiaacollo
675 4947 772 5005 usque
788 4931 827 4987 ad
842 4930 978 4986 talosex·
1032 4944 1101 5001 quae
1121 4943 1175 5001 per
1198 4927 1335 4983 tunicam
1358 4930 1389 4984 et
1400 4942 1508 4983 zonam
1524 4928 1713 5005 designatur,
1729 4935 1787 4994 hoc
1810 4940 1858 4994 eat

151 5021 299 5091 tenditur,
313 5037 382 5094 quae
396 5022 430 5078 in
444 5037 524 5079 novo
538 5022 660 5095 quidem
677 5020 845 5077 sacerdotio
863 5034 926 5074 non
941 5016 978 5073 de
1033 5019 1125 5074 etiam
1140 5016 1222 5088 quod
1236 5016 1316 5073 inter
1329 5020 1437 5073 caetera
1458 5034 1545 5076 sacra
1563 5020 1755 5092 indumenta,
1770 5025 1857 5081 femi·

150 5109 244 5182 bysso
260 5108 372 5179 solum,
388 5109 547 5167 sedetiam
567 5111 603 5166 de
626 5110 691 5166 lino
703 5109 891 5175 contexitur;
909 5121 978 5179 quae
1033 5106 1160 5162 minalia
1171 5105 1252 5161 linea
1266 5106 1346 5160 circa
1360 5122 1447 5163 renes
1461 5108 1501 5164 ad
1515 5125 1635 5167 sacrum
1651 5113 1856 5168 ministerium

150 5198 299 5256 membris
314 5199 449 5272 corporis
464 5199 637 5255 modificata
650 5203 742 5272 atque
765 5202 880 5272 aptata,
901 5196 980 5253 nihil
1032 5195 1270 5267 ingredientium
1291 5196 1438 5268 applicari
1455 5198 1617 5269 Jubentur;
1646 5203 1791 5257 nontam
1816 5199 1856 5256 ad

152 5287 344 5361 superfluum
359 5291 413 5343 aut
425 5287 649 5344 dissolutumin
664 5289 729 5343 vita
739 5286 905 5343 sacerdotis
915 5300 979 5341 esse
1035 5283 1236 5356 turpitudinis
1244 5283 1381 5340 velandae
1398 5286 1477 5357 (qum
1493 5287 1591 5343 solitis
1599 5289 1771 5361 quotidiani
1781 5303 1857 5345 usus

152 5375 262 5432 debere
276 5375 421 5431 ostendit.
433 5376 506 5432 Haec
520 5377 559 5432 ob
573 5375 854 5449 speciemcandoris
869 5388 980 5429 nomen
1035 5372 1223 5429 indumentis
1250 5374 1421 5444 tegebatur)
1446 5377 1667 5445 necessitatem,
1696 5391 1790 5448 quam
1818 5378 1858 5435 oh

151 5463 650 5538 Albaesortitur,quomunditiam
665 5463 817 5534 significat
832 5461 983 5517 ministro
1036 5461 1250 5517 conservandas
1262 5463 1414 5518 castitatis
1435 5466 1465 5518 et
1489 5464 1649 5518 munditiae
1663 5464 1861 5535 significatio·

152 5568 224 5608 rum
245 5551 315 5609 Dei,
340 5552 426 5610 Sicut
449 5555 596 5627 scriptum
620 5556 667 5609 est
683 5569 688 5606 :
703 5553 881 5620 Bassiacum
904 5552 984 5605 sunt
1037 5565 1116 5606 nem.
1130 5549 1236 5622 Neque
1248 5565 1320 5606 vero
1334 5551 1571 5607 existimandum
1586 5551 1619 5607 in
1632 5551 1685 5608 illo
1700 5555 1861 5628 priorlpo·

151 5639 983 5716 iustificationessanctoram(epac.m).Garoqaip·
1037 5637 1113 5711 pulo
1124 5637 1209 5694 viros
1221 5637 1424 5710 discooperta,
1437 5642 1494 5694 aut
1512 5640 1704 5697 aenimate
1713 5655 1864 5708 saman
