3742 6082
125 184 178 240 963
516 177 669 236 HUGONlS
688 178 738 234 ΒΕ·
752 179 781 234 S.
802 175 951 233 vicione
970 176 1046 233 OPP.
1066 176 1156 234 PARS
1173 178 1220 233 lll.
1241 205 1277 218 ···
1295 175 1453 234 tersites.
1626 175 1631 181 '
1795 172 1860 228 til*

125 305 248 380 lapsum
272 302 385 361 felicior
402 303 561 360 resurrexi„
590 301 676 358 Nulla
701 300 820 357 dilectio
845 301 953 372 major,
975 300 1054 356 Ada
1068 301 1151 373 prius
1167 299 1256 370 fuisti,
1271 315 1365 373 quam
1378 298 1502 372 polluta,
1530 311 1624 369 quem
1648 293 1796 353 deformis
1819 299 1845 353 et

126 395 228 453 nullus
241 409 328 451 amor
342 393 494 464 sincerior,
507 390 591 448 nulla
605 389 735 447 charitas
749 389 873 458 sanctio,
893 388 958 445 nul·
1014 390 1164 462 squalida,
1179 389 1305 446 discissa
1317 393 1345 445 et
1369 387 1525 461 dissipata,
1553 385 1637 443 omni
1665 384 1795 442 horrore
1820 389 1845 442 et

126 483 175 543 lus
188 482 313 540 affectus
328 479 499 547 ardentior;
525 482 664 536 mortuus
689 482 719 536 et
742 494 859 552 prome
874 478 959 535 inno·
1014 479 1189 536 enormitate
1204 478 1304 553 plena.
1321 480 1356 534 Et
1368 475 1524 551 quomodo
1543 479 1606 532 tarn
1630 474 1688 531 cito
1715 474 1749 530 in
1763 474 1845 531 illum

127 587 208 641 oens,
223 570 298 628 nihil
309 569 340 626 in
365 585 425 638 me,
447 567 530 642 quod
555 571 671 625 amaret
690 567 857 625 inveniens.
882 566 960 633 Quid
1012 567 1138 639 pudoris
1153 566 1335 625 etcastitatis
1355 565 1523 622 thalamum
1543 563 1694 620 introduci
1719 563 1845 636 expetis,

127 677 209 734 ergo,
230 658 366 727 Domine,
379 656 508 714 dilexisti
521 655 553 713 iu
567 673 627 724 me,
651 661 681 714 et
692 660 809 714 tantum
832 655 960 713 dilexisti
977 712 985 725 ,
1013 656 1068 712 nisi
1084 658 1167 730 prius
1183 652 1289 714 sallem
1301 671 1374 713 cura
1387 656 1489 728 aliqua
1508 658 1538 711 et
1561 653 1660 710 studio
1672 652 1796 710 ercttlta
1809 653 1846 709 ad

127 756 162 809 ut
175 747 332 806 morereris
346 762 402 819 pro
416 747 490 804 me?
514 745 591 813 Quid
610 745 667 803 tale
681 746 714 803 in
734 762 783 802 me
807 745 958 816 invenisti,
1013 747 1173 819 pristinum
1183 747 1323 804 decorem
1335 744 1482 819 repareris
1498 745 1512 801 t
1535 747 1610 801 Nam
1622 743 1681 799 hoc
1696 746 1748 799 est'
1764 742 1847 815 quod

126 856 183 912 pro
197 853 259 912 quo
273 841 357 894 tanta
369 840 398 893 et
412 840 475 893 tam
490 835 568 893 dura
581 835 728 894 sustinere
741 835 886 892 voluisti?
1014 852 1094 893 nuno
1109 836 1300 911 exspectaris.
1316 837 1373 892 hoc
1386 839 1431 892 est
1444 834 1526 908 quod
1546 834 1599 889 isle
1623 837 1692 889 tuus
1714 849 1845 906 sponsus

162 930 255 986 llouo.
281 928 302 984 0
328 925 429 984 anima
452 941 530 994 mea,
546 940 639 994 argue
655 924 842 999 tenmhpsem
855 941 958 982 coram
1013 925 1113 981 adhuc
1127 925 1317 997 praesentiam
1333 940 1421 980 suam
1435 923 1489 979 tibi
1503 921 1660 989 subtrahit,
1673 926 1704 978 et
1715 921 1847 978 necdum

127 1016 265 1083 Domino,
278 1014 362 1088 quod
372 1014 634 1084 hucusquetantis
650 1013 804 1072 beneficiis
828 1014 893 1085 ejus
914 1014 958 1070 in·
1013 1015 1044 1071 in
1058 1020 1181 1072 mutuos
1195 1015 1351 1088 amplexus
1375 1017 1404 1070 et
1418 1012 1518 1069 dulcia
1537 1011 1640 1071 oscula
1664 1016 1694 1068 to
1718 1011 1846 1068 admittit

128 1110 214 1179 gruta
227 1105 316 1173 luisti
332 1108 361 1162 et
373 1104 581 1161 miserationes
594 1105 660 1177 cius
673 1104 821 1178 plurimas
847 1119 958 1174 cogno-
1015 1103 1087 1176 quia
1103 1103 1239 1161 videlicet
1253 1120 1308 1160 nec
1323 1102 1438 1176 polluta
1451 1100 1540 1158 debet
1551 1100 1703 1157 mundum
1712 1104 1844 1170 tangere,

128 1211 209 1252 scere
220 1193 351 1251 noluisti.
368 1193 426 1251 Sed
439 1197 473 1250 ut
482 1193 582 1250 adhuc
596 1193 705 1251 melius
714 1193 877 1266 intelligere
887 1209 958 1267 pos·
1014 1208 1069 1250 nec
1084 1197 1203 1266 turpem
1218 1193 1304 1250 decet
1317 1192 1478 1265 pulchrum
1502 1190 1613 1247 ridere.
1642 1193 1718 1248 Cum
1745 1194 1844 1247 auum

128 1282 169 1341 sis
182 1285 331 1358 quaeum
345 1281 387 1338 illi
401 1282 584 1353 deberetne
594 1283 722 1356 reliquia
732 1284 797 1355 ejus
811 1282 959 1340 beneficia
1013 1286 1183 1356 preparata
1196 1287 1225 1338 et
1238 1283 1378 1339 decenter
1394 1284 1501 1337 ornata
1512 1279 1616 1347 tueris,
1631 1284 1704 1336 tuno
1722 1279 1842 1336 mnium

128 1372 296 1431 secundum
310 1376 444 1446 coeptum
455 1372 593 1430 ordinem
607 1376 819 1447 prosequente,
842 1371 911 1428 volo
925 1375 959 1429 ut
1013 1371 1044 1427 in
1059 1372 1142 1428 illum
1155 1371 1282 1429 coelestis
1298 1371 1401 1445 sponsi
1417 1370 1584 1427 thalamum
1595 1369 1659 1425 sine
1669 1369 1843 1425 contusione

128 1462 285 1534 diligenter
293 1462 444 1519 intendas.
1012 1476 1213 1534 permansura
1225 1461 1373 1518 introibis.
1390 1463 1489 1517 Necte
1509 1457 1635 1532 pudebit
1647 1462 1720 1515 tunc
1740 1458 1839 1531 prisce

163 1556 266 1609 Anu.
277 1554 338 1609 lloc
351 1567 472 1625 semper
484 1550 589 1608 audire
602 1549 752 1619 desidero,
776 1550 861 1623 quod
884 1549 958 1606 mihi
1012 1550 1215 1623 turpitudinis,
1230 1567 1300 1606 cum
1314 1550 1389 1606 nihil
1401 1554 1495 1623 turpe,
1508 1547 1581 1604 nihil
1592 1547 1710 1621 pudore
1718 1547 1839 1619 dignum

127 1644 191 1698 tam
203 1639 290 1698 dulce
302 1643 357 1713 est,
373 1643 405 1696 ut
418 1639 499 1696 idem
514 1643 541 1696 te
551 1639 733 1697 incessanter
745 1640 852 1698 iterare
866 1656 958 1712 cupe—
978 1638 1148 1712 ghahebis.
1163 1639 1245 1694 Prius
1261 1653 1332 1708 ergo
1348 1638 1434 1694 stude
1449 1637 1579 1693 sormam
1594 1640 1677 1692 tuam
1700 1636 1837 1704 excolere,

127 1744 203 1797 rem,
229 1744 293 1785 non
311 1728 352 1785 ad
373 1727 433 1786 alia
449 1744 573 1801 quoque
585 1745 655 1802 quae
668 1734 781 1788 restant
794 1728 957 1802 audienda,
1012 1726 1120 1784 faciem
1135 1744 1252 1794 ornare,
1266 1727 1405 1784 habitum
1418 1742 1608 1799 componere,
1635 1725 1772 1783 maculas
1788 1729 1836 1780 ter-

128 1816 309 1876 iestinarem.
1013 1832 1092 1887 gere,
1108 1818 1288 1874 munditiam
1302 1833 1454 1890 reparare,
1468 1832 1569 1873 mores
1587 1816 1748 1885 corrigere,
1759 1814 1836 1871 disci

165 1909 261 1963 llouo.
274 1904 397 1964 abieras
413 1922 485 1978 ergo
498 1910 527 1963 et
536 1906 677 1979 perieras,
706 1911 734 1964 et
757 1906 873 1981 quiain
888 1923 958 1980 pec·
1012 1905 1128 1978 plinam
1156 1922 1285 1976 servare,
1314 1910 1342 1961 et
1360 1904 1503 1961 omnihus
1531 1904 1656 1960 tandem
1679 1903 1710 1960 in
1737 1903 1836 1960 melius

130 1994 204 2052 catis
217 1994 276 2052 tuis
290 1995 465 2052 venundata
479 2010 554 2063 eras,
570 1995 713 2052 venitille
727 2000 796 2069 post
815 1998 843 2051 te
868 1999 958 2052 utre-
1013 1995 1204 2052 commutatis
1219 1995 1311 2066 digno
1332 2006 1444 2068 sponso
1458 1995 1583 2065 dignam
1607 2009 1752 2067 sponsam
1775 1992 1836 2050 red·

129 2084 257 2142 dimeret
267 2087 305 2154 te,
322 2088 350 2142 et
361 2088 479 2143 tantum
504 2083 606 2141 dilexit
627 2088 665 2156 te,
691 2089 724 2143 ut
744 2085 898 2156 sanguinis
913 2085 960 2140 sui
1013 2083 1093 2140 dere.
1110 2083 1230 2157 Aliquid
1244 2085 1342 2141 dicere
1356 2083 1436 2153 volo,
1453 2083 1534 2139 unde
1548 2086 1577 2139 te
1600 2081 1699 2152 magis
1724 2087 1836 2139 cautum

129 2173 260 2248 pretium
286 2173 470 2248 appenderet
495 2189 554 2246 pro
576 2178 615 2242 te,
641 2174 753 2249 talique
767 2178 856 2248 pacto
871 2180 899 2233 et
913 2191 960 2231 re·
1014 2172 1152 2241 efficiam,
1183 2189 1221 2228 nc
1251 2189 1306 2247 pro
1328 2189 1364 2229 eo
1385 2172 1469 2246 quod
1493 2172 1618 2228 electam
1636 2175 1664 2228 te
1679 2171 1837 2240 audissent

129 2263 215 2320 duit
229 2267 257 2321 te
271 2263 309 2319 de
322 2262 435 2333 exsilio,
452 2266 481 2319 et
495 2263 622 2320 redemit
630 2263 667 2320 de
680 2263 808 2321 servitio.
1014 2262 1102 2319 elatio
1117 2262 1275 2330 tumidam,
1287 2267 1338 2319 aut
1353 2261 1535 2333 negligentia
1543 2260 1648 2318 reddat
1654 2260 1835 2317 dissolutam.

165 2351 396 2408 emsartcscivi
409 2351 623 2423 quodiantnm
648 2368 697 2408 me
721 2352 856 2423 diligeret
870 2356 959 2425 Deus,
1015 2354 1175 2425 Nunquam
1186 2351 1294 2407 audisti
1313 2350 1388 2423 quid
1400 2367 1452 2407 rex
1467 2356 1613 2406 assuerus
1626 2349 1704 2420 iecit,
1721 2348 1836 2423 quando

130 2438 261 2511 amplius
275 2438 510 2497 mihiviluessc
529 2453 592 2496 non
613 2440 720 2509 debeo,
745 2457 814 2514 quie
842 2447 959 2499 tantum
1013 2440 1116 2496 vasthi
1143 2440 1279 2510 reginam
1307 2445 1428 2513 propter
1453 2438 1643 2495 insolentiam
1665 2438 1747 2496 illius
1760 2455 1837 2513 repu

129 2531 191 2586 Deo
204 2527 315 2602 placui,
329 2530 364 2585 ut
374 2531 402 2586 et
415 2529 493 2586 mori
508 2529 628 2601 eligeret
641 2546 700 2604 pro
711 2546 770 2600 me,
790 2547 829 2588 ue
851 2531 960 2606 perde-
1014 2529 1130 2585 diatit‘t
1142 2530 1255 2585 iactum
1270 2529 1398 2599 insigne,
1409 2528 1581 2602 exemplum
1590 2528 1836 2602 utile,periculum

129 2621 246 2676 retme.
1015 2635 1115 2690 grave.
1131 2619 1260 2688 rojecta
1286 2626 1328 2676 est
1350 2634 1421 2689 ergo
1448 2620 1505 2675 uta
1526 2624 1651 2688 propter
1673 2619 1837 2689 superbiore

166 2709 258 2765 llouo.
274 2709 308 2764 Et
321 2708 430 2781 quidsi
445 2709 576 2780 cogitare
590 2710 715 2785 coeperis
730 2715 805 2785 quot
815 2711 957 2785 etquales
1013 2722 1109 2774 suurn,
1125 2713 1153 2764 et
1167 2709 1339 2776 factumest
1354 2710 1432 2780 regis
1444 2715 1639 2780 praeceptum,
1665 2715 1698 2764 ut
1713 2708 1750 2765 de
1764 2708 1838 2764 omui

129 2797 163 2857 in
175 2796 400 2871 comparatione
415 2796 457 2855 tui
472 2798 582 2870 abjecti
597 2804 675 2871 sunt,
702 2799 755 2874 qui
772 2800 862 2870 hanc,
890 2818 959 2874 quae
1013 2811 1106 2866 regno
1121 2814 1174 2854 suo
1189 2805 1447 2870 congregarentur
1457 2799 1571 2869 puelle
1593 2798 1730 2867 speciosa
1752 2798 1836 2868 chui-

130 2886 184 2946 tihi
197 2886 269 2944 deta
282 2890 336 2955 est,
362 2887 489 2959 matiam
513 2890 657 2963 consequi
685 2906 747 2947 non
771 2891 960 2963 potuerunt?
1013 2901 1074 2953 nes,
1092 2894 1118 2942 et
1133 2888 1358 2945 adducerentur
1375 2888 1577 2945 adcivitotcm
1597 2887 1709 2957 Susura,
1731 2893 1758 2944 et
1781 2894 1837 2944 tro·

129 2976 212 3033 certe
227 2975 335 3033 audisti
350 2974 390 3033 ab
404 2975 489 3034 initio
497 2993 596 3052 usquc
611 2979 651 3036 ad
664 2979 743 3036 hanc
758 2979 850 3051 diem,
865 2996 959 3053 qnam
975 3016 995 3072 C
1013 2975 1158 3032 decenter
1170 2979 1201 3032 in
1216 2977 1336 3034 (tomum
1358 2978 1542 3047 seminarum
1569 2975 1624 3032 sat
1649 2969 1742 3033 triana
1768 2976 1837 3047 licei

129 3064 232 3123 multe
271 3065 477 3136 generationes
513 3067 673 3125 hominum
712 3069 958 3142 pertransierunt,
1013 3066 1153 3133 correcti,
1166 3067 1219 3137 qui
1230 3072 1296 3122 erat
1304 3068 1484 3136 praepositus
1510 3071 1536 3122 et
1561 3071 1659 3121 custos
1681 3066 1835 3122 mulierum

128 3170 199 3230 quae
223 3169 329 3211 omnes
357 3155 420 3213 sine
446 3156 699 3231 cognitionem,
724 3163 753 3216 et
774 3159 869 3233 pretio
897 3177 958 3216 sun
1012 3154 1177 3224 regiorum,
1192 3154 1299 3225 subque
1313 3156 1482 3224 acciperent
1498 3153 1643 3210 mundum
1657 3153 1834 3219 mastichem,

128 3243 344 3318 redemptionis
364 3244 396 3300 in
423 3243 574 3302 interium
599 3248 812 3321 sempiternum
832 3249 959 3323 dilapsas
1014 3249 1042 3298 et
1064 3248 1171 3300 caetero
1196 3243 1236 3299 oct
1256 3259 1341 3299 usura
1371 3244 1547 3300 necessario.
1583 3245 1685 3315 teque
1709 3243 1836 3300 omnibu

130 3332 209 3386 sunt
225 3329 372 3386 omnihus
389 3330 448 3387 illis
472 3334 501 3389 te
522 3332 695 3406 redemptor
715 3340 744 3393 et
758 3339 875 3393 amator
889 3340 959 3393 tuus
1014 3331 1206 3390 abundanter
1217 3334 1379 3390 secundum
1395 3334 1508 3404 regium
1523 3332 1713 3391 arribitionem
1727 3333 1836 3404 supple

129 3416 268 3490 praetulit,
292 3417 417 3491 quando
440 3420 495 3476 tibi
509 3421 589 3500 hapc
607 3422 734 3492 gratiam
756 3424 880 3495 largitus
903 3430 959 3495 est,
1014 3427 1047 3477 tu
1062 3423 1281 3493 excolerentur,
1305 3430 1332 3480 et
1345 3429 1539 3480 cruerentur.
1568 3425 1630 3480 Per
1655 3437 1709 3481 sere
1732 3436 1835 3480 meuses

129 3520 224 3579 quam
238 3506 339 3564 nullus
354 3507 463 3567 horum
475 3510 627 3584 percipere
645 3512 762 3569 meruit.
780 3514 900 3587 thuid
913 3515 958 3571 di·
1013 3511 1076 3567 cleo
1090 3513 1223 3582 myrtino
1238 3520 1435 3584 eriperentur,
1459 3528 1513 3583 per
1541 3513 1616 3569 altos
1641 3527 1697 3569 sex
1723 3512 1835 3584 quibus·

129 3597 207 3654 ces?
221 3597 317 3664 Quare
331 3601 420 3672 putas
432 3599 557 3672 praelata
568 3615 601 3657 es
615 3600 671 3657 illis
686 3601 829 3659 omnibus
843 3602 858 3659 ‘t
877 3606 958 3661 Nun-
1013 3599 1083 3655 doru
1095 3600 1257 3671 pigritentis
1272 3608 1439 3671 uterentur,
1456 3608 1482 3658 ct
1497 3603 1540 3658 sic
1554 3601 1725 3671 commeta
1748 3607 1777 3658 et
1794 3616 1834 3656 or·

11 3711 15 3727 ¹
129 3686 204 3762 quid
216 3691 248 3744 iu
261 3686 373 3757 fortior,
389 3690 529 3764 nunquid
549 3691 722 3765 sapientior,
745 3693 885 3767 nunquid
905 3709 960 3752 no-
1013 3694 1104 3759 aare,
1119 3689 1156 3746 de
1168 3690 1300 3746 triclinio
1321 3692 1505 3761 seminarum
1524 3691 1565 3747 ad
1579 3693 1657 3762 repis
1672 3690 1835 3748 cubiculum

128 3775 227 3846 bilior,
256 3779 395 3853 nunquid
422 3779 511 3838 ditior
538 3779 596 3837 illis
622 3783 765 3840 omnihus
779 3783 870 3855 inisti,
886 3784 959 3858 quia
1014 3780 1317 3852 transieruntque
1335 3795 1375 3836 er
1396 3780 1532 3836 omuibus
1554 3782 1650 3851 mucis
1668 3782 1835 3851 plucuuset,

128 3865 209 3922 hanc
222 3881 285 3938 pras
297 3867 355 3923 illis
368 3868 511 3926 omnihus
525 3870 686 3942 specialem
705 3873 832 3943 gratiam
856 3874 960 3931 sortire
1013 3869 1138 3938 tltupro
1159 3869 1263 3925 Vastlu'
1276 3870 1307 3924 in
1320 3870 1394 3925 solio
1413 3871 1500 3940 regni
1518 3870 1632 3926 sederet
1654 3869 1784 3940 (Esther.
1800 3870 1835 3936 u).

129 3951 289 4010 mernisti?
302 3956 380 4020 Quot
390 3955 490 4027 fortes,
506 3962 580 4029 quot
596 3960 757 4032 sapientes,
776 3966 853 4035 quot
871 3962 960 4019 nobi·
1014 3957 1084 4013 Vide
1098 3973 1191 4030 quam
1208 3957 1306 4014 muliae
1325 3958 1424 4014 electu
1444 3962 1523 4027 sunt,
1545 3961 1578 4015 ui
1600 3974 1663 4014 una
1676 3956 1835 4029 eligeretur,

128 4037 184 4107 les,
206 4042 283 4111 quot
297 4039 404 4097 diutes
418 4042 460 4097 ibi
472 4043 617 4101 inerunt?
643 4051 673 4102 et
699 4050 801 4105 tamen
827 4050 960 4107 universi
1013 4043 1064 4100 illa
1078 4044 1187 4101 scilieet
1200 4062 1267 4117 quae
1278 4046 1372 4103 oculis
1388 4046 1466 4116 regis
1481 4045 1641 4103 iormOSlOP
1659 4050 1688 4101 ei
1712 4044 1836 4103 ornati&

128 4125 222 4185 relicti
232 4130 262 4184 et
275 4127 383 4201 abjecti
394 4129 555 4203 perierunt.
583 4133 636 4188 Tu.
648 4134 713 4190 sola
730 4150 792 4207 pree
815 4137 959 4193 omnihus
1013 4131 1126 4188 eaeteris
1141 4132 1300 4191 videretur.
1316 4134 1434 4192 Ministri
1446 4135 1525 4205 regis
1539 4134 1648 4192 multas
1671 4133 1788 4203 eligant
1803 4131 1835 4188 ad

15 4265 19 4272 .
129 4212 187 4272 illis
201 4221 358 4291 assumpta
370 4233 414 4287 es,
430 4223 458 4276 et
469 4235 564 4294 quare
589 4220 621 4278 in
646 4225 673 4278 te
698 4222 756 4280 hoc
778 4222 890 4280 iachim
912 4225 961 4295 sit,
1014 4220 1136 4277 cultum.
1153 4224 1214 4278 Rex
1227 4222 1291 4295 ipse
1304 4240 1398 4280 unam
1412 4224 1494 4295 eligit
1508 4224 1548 4282 ad
1561 4223 1738 4281 thalamum.
1746 4224 1835 4280 erim

129 4300 246 4365 nullam
260 4311 368 4380 prester
377 4309 538 4379 gratuitam
551 4310 709 4369 Salvatoris
720 4312 762 4368 tui
774 4311 960 4386 charitatem,
1013 4309 1116 4366 electio
1129 4311 1293 4368 multarum
1308 4313 1387 4370 iacta
1399 4318 1454 4381 est,
1480 4313 1648 4371 secundum
1664 4313 1743 4385 regis
1767 4329 1834 4385 pre·

130 4410 254 4451 eausam
268 4395 400 4453 invenire
416 4403 522 4470 potest.
540 4399 634 4471 Elegit
648 4415 721 4471 ergo
748 4403 776 4456 et
797 4401 959 4474 preelegit,
976 4374 998 4428 ⁰
1013 4399 1190 4473 ceptionem,
1206 4402 1340 4460 secunda
1354 4402 1457 4460 electio
1473 4405 1563 4460 unius
1575 4402 1654 4460 iacta
1667 4406 1721 4472 est,
1737 4417 1835 4460 secun·

129 4484 159 4537 te
174 4496 306 4553 sponsus
320 4485 399 4553 tuus,
427 4490 545 4542 amator
570 4492 651 4559 tuus,
674 4487 853 4561 Redemptor
878 4495 960 4561 tuus,
1013 4487 1087 4544 dum
1102 4491 1181 4560 regis
1193 4491 1387 4548 voluntatem.
1405 4492 1634 4550 Consideremus
1647 4508 1719 4562 ergo
1732 4493 1758 4548 si
1771 4492 1835 4548 torte
1863 4484 1869 4561 Ι

129 4569 300 4627 Deustuus.
321 4570 452 4642 Elegitte
467 4572 498 4628 in
510 4574 663 4647 omnihus,
691 4581 719 4634 et
744 4580 907 4652 assumpsit
932 4587 961 4638 te
1013 4577 1185 4650 exemplum
1200 4579 1257 4636 hoc
1272 4581 1411 4654 praesenti
1430 4581 1554 4654 (dequo
1570 4580 1701 4653 agimus)
1725 4580 1836 4652 negotio

131 4672 168 4715 ex
180 4656 334 4732 omnihus,
361 4662 390 4717 et
402 4661 516 4719 amavit
527 4666 555 4720 te
578 4679 640 4738 prae
656 4665 809 4726 omnihus.
835 4671 960 4728 Nomine
1014 4667 1110 4725 valcat
1123 4668 1269 4742 adaptari.
1285 4674 1357 4742 Rex,
1381 4671 1494 4727 summi
1506 4670 1584 4741 regis
1599 4669 1698 4738 lilius,
1722 4670 1835 4728 venitin

132 4762 187 4803 suo
212 4748 329 4806 vocavit
349 4753 387 4819 te,
418 4754 450 4808 ut
476 4753 649 4811 memoriale
668 4754 733 4827 ejus
750 4772 868 4831 semper
882 4762 962 4817 esset
1012 4755 1256 4814 huncmundum
1275 4759 1378 4832 (quem
1400 4759 1464 4832 ipse
1478 4759 1637 4832 creaverat)
1659 4759 1835 4833 desponsare
1866 4756 1870 4773 '

132 4836 215 4909 apud
240 4841 280 4907 te,
307 4839 401 4898 voluit
428 4844 456 4898 te
483 4843 659 4917 participem
685 4861 751 4902 esse
771 4846 802 4902 in
826 4849 959 4914 nomine,
1014 4845 1070 4901 sihi
1083 4863 1208 4902 uxorem
1221 4847 1356 4919 electam,
1372 4848 1497 4906 uxorem
1508 4848 1640 4919 unicam,
1655 4864 1782 4906 uxorem
1791 4863 1835 4905 nu

130 4926 307 5002 participem
332 4930 363 4986 in
386 4931 516 4989 nominis
544 4933 676 5003 veritate,
705 4937 852 5010 quomam
875 4940 962 4997 unxit
1012 4934 1081 5008 ptiis
1096 4935 1247 5006 regalibus
1263 4936 1398 5007 dignam.
1416 4937 1474 4996 Sed
1485 4937 1558 5012 quia
1572 4937 1773 4995 huncludtea
1790 4937 1834 4994 hu·

129 5019 161 5074 te
185 5016 236 5075 illo
265 5018 338 5092 (quo
363 5024 392 5078 et
416 5021 480 5095 ipse
508 5029 616 5081 unctus
644 5027 718 5099 erati
747 5027 813 5084 oleo
840 5027 959 5100 laetitiae,
1013 5023 1144 5081 militatis
1163 5024 1260 5082 forma
1272 5030 1468 5099 apparentem
1494 5026 1626 5099 recipere
1652 5025 1833 5100 contempsit

130 5109 165 5164 ut
186 5106 227 5164 ab
255 5112 345 5165 uncto
372 5110 408 5167 sit
430 5114 548 5182 unctus,
575 5113 628 5188 qui
660 5130 679 5172 a
705 5115 820 5173 Christo
852 5116 960 5175 dicitur
1013 5112 1130 5184 abjecta
1144 5118 1196 5170 cst.
1215 5117 1248 5171 Et
1261 5116 1346 5172 missi
1366 5120 1436 5173 sunt
1449 5115 1578 5173 ministri
1601 5115 1691 5186 regis,
1718 5112 1835 5190 apostoli

131 5196 326 5256 Christianus.
1012 5200 1157 5272 videlicet,
1172 5220 1226 5278 per
1237 5208 1331 5261 totum
1350 5205 1500 5261 mundum
1513 5220 1701 5276 congregare
1714 5205 1834 5271 mimas,

165 5290 268 5346 Asin.
294 5287 427 5359 Multum,
455 5289 559 5363 fateor,
583 5292 726 5349 collatum
740 5296 786 5349 est
798 5293 883 5361 mihi,
907 5293 961 5351 sed
1013 5295 1042 5347 et
1054 5291 1203 5350 adducere
1218 5294 1258 5350 ad
1270 5296 1420 5353 civitatem
1432 5295 1520 5366 regis,
1540 5295 1573 5351 id
1595 5300 1643 5351 est
1654 5295 1697 5353 ad
1709 5299 1834 5355 sanctam

129 5391 235 5448 queso
249 5379 287 5447 te,
304 5376 373 5432 siut
387 5377 516 5452 (essens)
544 5395 601 5451 ego
613 5380 678 5451 iem
702 5385 860 5452 assumpta
879 5398 959 5448 sum,
1013 5380 1183 5450 Ecclesiam,
1197 5383 1228 5440 in
1242 5401 1303 5457 qua
1316 5385 1426 5441 domus
1440 5390 1485 5441 est
1497 5389 1526 5441 et
1538 5384 1660 5441 mansio
1683 5385 1832 5443 mulierum

129 5464 203 5537 quid
216 5464 315 5522 adhuc
328 5464 458 5535 differor,
474 5467 621 5540 quoniam
635 5467 842 5540 adamploxus
856 5471 960 5546 sponsi
1011 5471 1173 5541 regiarum,
1199 5472 1295 5530 idest
1319 5479 1493 5531 sanctarum
1517 5473 1785 5549 animarumque
1802 5472 1833 5530 ie

128 5551 261 5609 necdum
272 5553 373 5611 venire
386 5569 512 5628 possum
526 5556 541 5612 t
1010 5561 1182 5619 cundantur
1195 5568 1224 5620 et
1238 5568 1382 5634 generant
1396 5580 1458 5620 non
1471 5564 1511 5621 ad
1524 5563 1709 5633 servitutem,
1735 5565 1789 5622 sed
1803 5560 1833 5620 ed
1861 5534 1867 5591 ¹

165 5642 258 5701 Hono.
273 5642 373 5700 Nescis
385 5659 468 5716 crgo,
483 5643 586 5703 anima
599 5660 678 5718 mea,
691 5645 788 5704 nescis
801 5664 895 5723 quam
905 5649 960 5708 loe·
1010 5666 1139 5722 reguum
1150 5653 1237 5710 tilios.
1253 5656 1336 5725 Quae,
1351 5655 1498 5728 quianon
1513 5670 1551 5712 ex
1560 5654 1678 5727 timore,
1704 5656 1760 5715 sod
1773 5655 1832 5715 chr·
