3742 6082
50 231 106 288 793
542 222 705 282 ERUDIT.
725 217 932 277 DIDASCAL.
952 218 1073 278 LIBER
1094 220 1277 288 QUINTUS.
1700 224 1754 281 794

48 359 195 414 videntur
210 355 368 411 essedicta
383 354 601 422 membrorum,
616 356 645 408 et
666 368 728 407 non
757 348 1021 407 nisiae-Atando
1045 350 1267 408 ruminamus?
1286 352 1344 417 Qui
1363 354 1482 423 ergoin
1507 358 1594 410 tanta
1614 357 1753 414 multitu·

51 448 110 519 piti
126 446 310 515 congruunt.
333 442 379 497 Ex
404 442 526 496 nomine
542 441 655 511 quippe
682 439 817 510 corporis
832 439 877 493 ln·
933 439 1003 494 dine
1016 440 1163 495 librorum
1186 438 1306 509 legendi
1331 439 1456 495 modum
1482 444 1512 496 et
1532 441 1669 498 ordinem
1693 459 1755 500 non

53 535 205 604 telligitur
220 535 322 602 capnt,
339 534 374 585 ut
388 534 434 585 est
448 531 480 584 in
506 527 671 598 Evangelio
686 526 723 580 de
753 527 879 581 zizaniis
935 528 1077 597 custodit,
1100 527 1189 599 quasi
1205 527 1237 581 in
1258 525 1467 583 condensitate
1488 528 1585 585 saltus
1611 530 1757 588 oberrans

57 623 158 678 tritico
192 619 343 687 admistiS,
382 618 500 673 dicente
536 615 691 671 Domino:
716 616 879 669 Inimicus
934 616 1086 670 tramitem
1114 615 1188 670 recti
1202 615 1322 670 itineris
1336 614 1468 685 perdidit
1484 631 1492 684 ;
1507 620 1537 671 et
1548 619 1694 674 estinter
1707 633 1758 675 eos

50 714 143 767 honio
159 711 216 764 troc
231 708 310 777 fecit
335 707 462 777 (Metti.
480 709 571 770 x111);
596 703 752 757 hominem
776 703 878 773 ipsum
933 701 1013 755 unde
1027 701 1148 768 dicitur,
1165 716 1284 772 semper
1300 701 1461 770 discentes,
1477 705 1508 757 et
1530 718 1691 775 nunquam
1719 706 1779 762 ad.

50 797 208 855 diabolum
237 809 361 859 vocans,
386 796 414 846 et
443 807 479 845 ea
502 789 624 844 nomine
639 788 774 860 corporis
788 791 880 859 caput
934 788 1091 843 scientiam
1106 789 1326 860 pervenientes.
1343 788 1476 844 Tantum
1500 790 1582 844 enim
1602 791 1684 848 valet
1696 793 1757 850 dis·

52 886 219 955 designans
231 899 238 950 3
255 882 327 936 item
344 896 381 935 ex
409 878 532 933 nomine
558 876 668 948 capitis
690 876 880 947 significatur
933 875 1036 942 cretio,
1059 878 1093 930 ut
1115 876 1181 929 sine
1205 876 1273 946 ipsa
1293 879 1323 930 et
1345 890 1435 931 omne
1445 877 1542 931 otium
1558 881 1647 949 turpe
1662 881 1714 949 sit,
1728 884 1759 939 et

50 989 162 1045 corpus
186 971 265 1025 sicut
286 970 319 1023 in
352 967 519 1037 Evangelio
544 965 678 1020 dicitur:
704 965 878 1021 Duodecim
932 961 1161 1018 laborinutilis.
1180 961 1333 1017 Utautem
1347 963 1563 1019 universaliter
1576 967 1752 1038 complecta·

53 1078 108 1117 uos
125 1061 219 1129 elegi,
235 1063 265 1112 et
281 1071 369 1111 unus
384 1070 425 1110 eu
440 1056 525 1109 vobis
540 1055 690 1108 diabolus
711 1056 759 1107 est
770 1053 879 1120 (Jodu.
933 1065 1011 1105 mur.
1027 1051 1099 1106 Tria
1114 1052 1188 1105 sunt
1210 1065 1278 1121 quae
1292 1050 1445 1121 praecipue
1464 1052 1575 1106 studiis
1589 1053 1756 1124 legentium

55 1149 114 1219 vr).
134 1147 246 1203 ludam
262 1144 368 1215 utique
381 1142 532 1209 indicans,
548 1142 622 1212 quia
642 1139 756 1195 diaboli
771 1153 880 1210 corpus
934 1137 1039 1194 obesse
1054 1138 1152 1194 solent
1167 1155 1176 1207 3
1191 1136 1386 1207 negligentia,
1397 1137 1755 1211 imprudentia,fortuna.

52 1237 122 1292 luit.
139 1235 289 1305 apostata
304 1229 417 1301 quippe
431 1226 558 1298 angelus
572 1226 712 1282 omnium
728 1228 820 1296 caput
835 1226 881 1278 est
934 1224 1127 1295 Negligentia
1142 1229 1197 1294 est,
1222 1221 1345 1296 quando
1364 1239 1401 1279 ea
1425 1240 1494 1296 quse
1508 1225 1653 1284 discenda
1675 1237 1759 1304 sunt,

52 1325 243 1394 iniquorum,
256 1323 285 1374 et
297 1318 390 1389 hujus
406 1316 514 1387 capitia
533 1329 643 1386 corpus
673 1316 746 1368 sunt
774 1327 880 1368 omnes
934 1312 983 1367 vel
995 1329 1120 1384 prorsus
1135 1312 1400 1385 pretermittimus
1421 1312 1470 1368 vel
1494 1315 1597 1371 minus
1623 1318 1759 1376 studiose

54 1411 155 1482 iniqui
171 1425 178 1478 ;
202 1409 305 1479 sicque
330 1420 398 1460 cum
420 1402 567 1459 membris
591 1401 656 1456 suis
677 1415 759 1455 unus
774 1402 830 1467 est,
846 1402 881 1455 ut
935 1399 1089 1455 discimus.
1105 1399 1315 1472 Imprudentia
1327 1403 1383 1469 est,
1391 1401 1515 1471 quando
1529 1416 1698 1474 congruum
1712 1422 1758 1464 or·

55 1514 137 1570 saepc
148 1495 230 1569 quod
244 1493 363 1564 corpori
377 1493 443 1564 eJus
456 1489 578 1557 dicitur,
589 1487 627 1542 ad
639 1502 708 1542 eum
724 1486 879 1558 potiusre·
934 1487 1037 1543 dinem
1058 1487 1221 1542 atmodum
1235 1487 1267 1541 in
1280 1486 1329 1542 his
1344 1502 1413 1558 quae
1435 1487 1593 1559 discimus,
1622 1507 1684 1549 non
1698 1509 1759 1552 ser·

55 1588 183 1642 teratur.
202 1584 336 1638 Rursum
350 1578 431 1651 qnod
444 1577 489 1632 illi
504 1576 544 1631 ad
558 1575 696 1631 membra
714 1573 812 1646 ipsius
825 1573 880 1629 ite·
935 1591 1053 1631 vamus.
1070 1575 1209 1630 Fortuna
1224 1574 1316 1629 estin
1331 1578 1453 1644 eventu,
1473 1591 1557 1646 casu,
1584 1578 1649 1634 sive
1671 1585 1759 1638 netu·

55 1691 123 1730 rum
140 1672 328 1737 deriventur,
344 1667 422 1722 sicut
442 1666 475 1720 in
490 1664 582 1732 Isaia,
596 1662 651 1718 ubi
676 1660 750 1717 dum
776 1663 920 1730 contrass
935 1663 1040 1720 raliter
1063 1663 1267 1732 contingente,
1294 1661 1418 1732 quando
1434 1662 1481 1718 vel
1494 1668 1685 1735 paupertate,
1711 1667 1761 1724 uel

55 1759 270 1831 Babyloniam,
298 1755 330 1811 id
356 1758 402 1810 est
423 1752 496 1809 dum
511 1753 618 1807 contra
629 1748 744 1805 diaboli
771 1764 881 1821 corpus
933 1750 1122 1818 infirmitate,
1134 1748 1183 1804 vel
1197 1747 1332 1804 naturali
1346 1747 1570 1818 tarditate‚sive
1583 1752 1676 1808 etiam
1690 1753 1759 1811 doc·

56 1849 156 1905 multa
169 1846 296 1902 dixisset
314 1857 413 1898 sermo
435 1839 642 1912 propheticus,
659 1852 765 1893 rursus
780 1835 819 1891 ad
833 1851 880 1892 ca·
933 1841 1035 1894 torum
1049 1837 1191 1904 raritate,
1207 1835 1281 1906 quia
1296 1838 1423 1890 autnon
1438 1835 1640 1895 inveniuntur
1651 1840 1761 1912 quido

55 1942 122 2010 put,
141 1935 171 1990 id
185 1938 231 1989 est
245 1930 401 1987 diabolum
417 1926 531 1983 oraculi
547 1925 729 1981 sententiam
751 1924 880 1993 derivat,
934 1929 1033 1994 ceant,
1049 1928 1104 1979 aut
1118 1923 1172 1995 qui
1187 1923 1264 1978 bene
1278 1921 1417 1990 doceant,
1441 1925 1629 1996 eproposito
1654 1932 1760 1985 nostro

57 2027 163 2081 dicens
176 2040 181 2077 :
195 2021 355 2082 Quomodo
370 2016 517 2072 cecidisti
530 2016 666 2080 decoeio,
679 2011 882 2080 Luciferqui
935 2011 1130 2067 retrahimur.
1143 2010 1178 2066 ln
1186 2009 1236 2065 his
1247 2011 1350 2064 autem
1361 2008 1453 2065 rebus
1460 2009 1497 2065 de
1509 2011 1608 2083 primo
1624 2014 1759 2086 quidem,

59 2128 157 2170 usaue
172 2104 359 2167 oriebaris?
375 2106 451 2175 (lea.
465 2101 553 2173 χιιι).
935 2100 967 2156 id
981 2103 1027 2155 est
1042 2097 1228 2169 negligentia
1241 2096 1336 2152 lector
1346 2095 1557 2155 admonendus
1580 2105 1627 2156 est
1639 2117 1648 2171 ;
1663 2101 1701 2159 de
1714 2117 1760 2159 se·

183 2199 256 2254 Cae.
276 2196 309 2250 V.
325 2196 408 2254 Quid
420 2191 568 2246 studium
584 2187 752 2256 impediat.
935 2187 1034 2244 cundo
1046 2201 1129 2254 vero,
1143 2185 1232 2240 idest
1249 2183 1457 2255 imprudentia
1483 2187 1683 2246 instruendus
1698 2190 1758 2260 ;‹le

94 2291 262 2358 Postquam
277 2286 391 2339 certam
405 2278 567 2335 materiam
577 2273 818 2348 prescripsimus
829 2271 883 2327 leo
935 2276 1025 2332 tertio
1040 2279 1153 2342 autem,
1166 2272 1199 2328 id
1213 2274 1259 2328 est
1271 2271 1396 2328 fortuna
1409 2273 1613 2344 adjuvandus.

60 2379 129 2446 tori,
146 2380 176 2431 et
190 2390 241 2429 eas
257 2372 506 2443 scripturasque
521 2365 559 2420 ad
574 2364 710 2419 divinam
732 2361 883 2434 praecipue
982 2363 1055 2419 Car.
1070 2362 1122 2416 VI.
1139 2363 1201 2421 Oui
1211 2362 1256 2415 eit
1269 2358 1400 2427 fruetus
1414 2362 1538 2418 divinar
1553 2366 1710 2425 lectionis.

58 2466 213 2537 pertinent
225 2461 396 2525 lectionem,
425 2455 490 2511 suis
504 2451 682 2508 nominibus
697 2447 883 2520 assignando
971 2450 1118 2522 Quisquis
1134 2448 1172 2503 ad
1182 2447 1321 2503 divinam
1331 2445 1493 2504 lectionem
1508 2450 1693 2513 erudiendus
1710 2472 1759 2516 ac·

59 2549 344 2614 determinavimus,
358 2557 548 2614 consequens
561 2539 731 2607 videtur,ut
742 2536 834 2592 etiam
847 2535 884 2591 de
937 2538 1070 2605 cesserit,
1086 2537 1220 2609 primum
1244 2534 1345 2607 qualis
1359 2535 1400 2591 sit
1428 2535 1548 2593 tructus
1569 2541 1636 2611 ejus
1653 2557 1761 2615 agnos·

62 2640 154 2696 modo
175 2642 204 2693 et
219 2635 325 2693 ordine
338 2630 457 2702 legendi
474 2626 592 2700 aliquid
605 2626 753 2695 dIcamus,
783 2626 885 2696 quate
938 2629 995 2681 cat.
1012 2624 1063 2681 Nil
1078 2624 1158 2679 enim
1175 2623 1345 2678 sinecausa
1366 2622 1468 2694 appeti
1483 2623 1582 2695 debet,
1610 2643 1665 2685 nec
1680 2630 1759 2690 dent.

57 2742 117 2783 nus
131 2742 169 2782 ex
182 2726 231 2780 his
246 2737 315 2795 quae
328 2710 409 2776 dicta
424 2719 506 2783 sunt,
524 2715 680 2785 agnoscat,
700 2711 748 2767 cui
762 2711 805 2766 rei
820 2713 885 2766 stu·
938 2713 1023 2769 deria
1035 2711 1140 2781 trahit,
1165 2710 1249 2782 quod
1262 2708 1427 2764 utilitatem
1442 2725 1505 2766 non
1527 2715 1688 2784 promittit.
1703 2718 1762 2778 Ge·

56 2816 142 2872 dium
152 2811 327 2884 impendere
342 2807 450 2862 debeat
464 2819 522 2873 ;er
532 2803 581 2858 his
595 2815 746 2872 veroque
760 2802 831 2854 sunt
846 2797 887 2854 di·
938 2802 1042 2858 minus
1055 2803 1101 2856 est
1115 2799 1228 2855 divina
1241 2797 1381 2854 lectionis
1395 2798 1525 2869 fructus,
1538 2803 1613 2873 quia
1626 2811 1762 2866 mentam

59 2903 165 2970 canda,
190 2899 326 2972 ejusdem
356 2893 450 2950 studii
477 2891 526 2946 sui
552 2886 678 2944 modum
693 2890 723 2942 et
736 2886 886 2941 rationem
938 2889 987 2945 vel
997 2887 1123 2944 scientia
1135 2885 1236 2942 erudit
1248 2885 1296 2941 vel
1310 2885 1447 2941 moribus
1461 2892 1560 2944 ornat.
1570 2890 1665 2950 Docet
1680 2896 1763 2968 quod

61 2989 201 3061 accipiat.
217 2985 295 3052 Quia
309 2997 382 3039 vero
396 2978 517 3037 facilius
530 2975 604 3048 quid
615 2974 765 3045 agendum
784 2974 824 3028 sit
838 2972 883 3028 in·
903 2977 1017 3054 Cscire
1031 2974 1167 3042 delectet,
1182 2976 1212 3028 et
1232 2971 1314 3044 quod
1331 2972 1434 3043 juvari
1454 2975 1609 3046 expediat.
1626 2980 1763 3044 Quorum

60 3077 239 3147 telligimus,
255 3072 282 3126 si
294 3070 380 3143 prius
395 3067 469 3140 quid
484 3064 596 3121 nonsit
608 3060 781 3118 iaciendum
792 3075 883 3131 agno·
937 3064 1077 3130 alterum,
1091 3061 1122 3116 id
1137 3064 1183 3116 est
1195 3059 1324 3114 scientia
1338 3060 1436 3130 magis
1451 3061 1490 3116 ad
1503 3062 1666 3126 historiam
1678 3076 1709 3127 et
1724 3072 1765 3130 al·

60 3165 218 3230 serimus,
236 3156 437 3217 instruendus
452 3158 497 3209 est
521 3151 655 3224 primum
679 3148 754 3220 quid
779 3161 885 3203 cavere
937 3149 1084 3220 legoriam
1095 3163 1105 3218 ;
1126 3147 1266 3216 alterum,
1292 3144 1324 3201 id
1346 3150 1392 3202 est
1417 3148 1573 3208 institutio
1589 3169 1710 3215 morum
1724 3160 1764 3218 ad

62 3253 181 3319 debeat,
208 3264 242 3303 ac
261 3245 369 3303 deinde
393 3238 608 3299 informandus
622 3235 753 3308 qualiter
767 3249 802 3290 ea
817 3249 885 3306 quae
939 3236 1140 3309 tropologiam
1154 3236 1253 3305 magis
1268 3233 1400 3306 respicit.
1413 3233 1520 3292 Omnis
1535 3238 1642 3299 divina
1663 3244 1762 3322 Sci-tp.

62 3343 136 3395 sunt
156 3335 284 3408 agenda,
313 3332 458 3405 perficiat.
482 3326 714 3395 Dicendumque
740 3326 787 3378 est
811 3318 886 3393 quid
939 3328 1009 3380 tura
1024 3323 1154 3378 refertur
1167 3321 1207 3376 ad
1220 3320 1303 3376 hune
1316 3320 1509 3380 tinemsane
1525 3332 1765 3409 quemvisexpe-

62 3430 113 3496 sit,
137 3424 219 3497 quod
242 3437 279 3477 ex
305 3424 393 3476 tanta
419 3416 511 3473 turha
532 3412 726 3480 discentium,
754 3423 886 3483 quorum
940 3412 1004 3468 diat
1024 3410 1123 3481 inagis
1142 3408 1262 3481 justum
1289 3422 1365 3477 esse,
1390 3424 1485 3481 quam
1501 3416 1682 3490 sapientam,
1698 3424 1763 3481 ecto

60 3513 153 3570 multi
168 3516 197 3567 et
206 3508 329 3579 ingenio
341 3504 467 3578 pollent,
484 3507 514 3558 et
534 3502 639 3572 vigent
655 3497 808 3566 exercitio,
823 3499 886 3552 tam
939 3502 1043 3556 tamen
1071 3497 1174 3570 plures
1203 3495 1235 3551 in
1250 3493 1353 3555 studio
1373 3497 1451 3552 sacri
1465 3497 1578 3570 eloquii
1605 3507 1764 3567 sciendam

61 3602 152 3674 pauci
162 3604 191 3655 et
205 3601 269 3653 tam
278 3591 483 3650 numerabiles
493 3589 702 3655 inveniantur,
719 3585 832 3657 quihus
848 3582 887 3640 ad
941 3600 1074 3659 quaerere
1095 3598 1189 3656 quam
1212 3583 1367 3638 virtutem.
1391 3581 1455 3653 Ego
1480 3590 1582 3644 autem
1611 3595 1762 3662 quonlam

64 3687 224 3745 scientiam
240 3681 397 3756 pervenire
411 3677 578 3747 contingat.
597 3674 637 3730 Et
661 3676 697 3728 ut
711 3671 748 3727 de
762 3672 823 3727 illis
844 3675 888 3727 ta·
941 3677 1086 3730 neutrum
1113 3669 1333 3741 improbatum,
1360 3666 1413 3723 sed
1441 3674 1607 3746 utrumque
1630 3694 1765 3740 nocem.

62 3792 158 3844 ceam,
174 3774 226 3845 qui
237 3770 418 3827 naturaliter
434 3770 507 3822 sunt
520 3765 645 3820 hebetes
660 3766 690 3817 et
704 3760 784 3816 tardi
796 3759 887 3815 adin·
942 3762 1023 3816 rium
1039 3761 1068 3814 et
1082 3754 1236 3812 laudabile
1250 3769 1315 3809 esse
1328 3768 1434 3811 censeo
1451 3772 1458 3811 :
1475 3758 1549 3829 quid
1563 3764 1712 3840 cujusquo
1724 3770 1769 3827 111.

65 3860 274 3933 telligendum‚
290 3859 347 3914 hoe
365 3855 498 3912 maxime
512 3867 561 3907 me
583 3852 696 3917 movet,
718 3850 747 3903 et
761 3846 889 3917 dignum
943 3844 1236 3915 tentionicompetat
1257 3841 1364 3914 paucis
1376 3842 1545 3904 absolvam.
1572 3850 1612 3909 ist
1632 3855 1768 3926 primum

65 3949 234 4025 quaestione
256 3945 387 4013 videtur,
409 3941 489 3997 unde
517 3938 574 3994 hoc
597 3934 716 4003 accidit,
731 3933 813 4005 quod
828 3932 889 3988 duo
944 3933 1067 4008 quidem
1082 3931 1119 3986 de
1132 3945 1166 3985 eo
1186 3929 1241 4002 qui
1256 3927 1440 3987 moralitatis
1458 3936 1590 4004 gratiam
1613 3943 1770 4016 amplecti.
1795 3992 1800 4007 ,

63 4040 132 4114 pari
146 4035 279 4107 ingenio,
294 4037 324 4089 et
349 4029 460 4103 aequali
475 4025 577 4082 studio
591 4023 647 4079 uni
658 4020 781 4077 lectioni
791 4020 889 4075 inten·
945 4027 1006 4091 tur,
1018 4017 1188 4092 expediam.

66 4129 155 4195 dunt,
168 4140 223 4180 nec
237 4127 340 4178 tamen
355 4118 448 4175 simili
458 4116 565 4172 ellectu
581 4113 646 4182 eJus
656 4107 891 4180 intelligentiam
945 4110 1018 4165 Gne.
1037 4106 1101 4164 VII.
1118 4108 1278 4166 Quomodo
1292 4107 1429 4175 tegenda
1439 4110 1485 4164 att
1498 4112 1670 4182 Scriptura
1685 4121 1769 4177 diui.

67 4214 308 4284 consequuntur.
324 4207 409 4263 Alter
423 4205 483 4261 cito
498 4200 580 4274 quod
599 4197 710 4271 quaerit
724 4194 891 4269 apprehen·
1106 4206 1151 4248 ua
1162 4195 1206 4248 ad
1220 4194 1453 4250 correctionem
1465 4196 1604 4256 morum.

68 4301 205 4371 dit‚alter
220 4299 273 4353 diu
287 4296 417 4362 laborat,
430 4295 459 4347 et
473 4280 890 4362 parumproiicit.Sedscien·
904 4323 933 4379 D
982 4281 1040 4348 Qui
1059 4280 1210 4335 virtutum
1237 4279 1380 4335 notitiam
1404 4285 1434 4337 st
1450 4282 1580 4342 formam
1603 4289 1771 4351 vivendlln

68 4391 142 4445 dum
158 4390 204 4442 est
220 4383 301 4457 quod
324 4382 356 4436 in
372 4379 509 4452 quolibet
531 4373 653 4444 negotio
674 4371 735 4426 duo
752 4372 825 4426 sunt
839 4383 891 4424 ne·
948 4384 1033 4425 sacro
1048 4367 1159 4439 quaerit
1172 4366 1303 4438 eloquio,
1318 4366 1376 4423 hos
1391 4366 1487 4425 libros
1498 4374 1598 4445 magis
1613 4376 1712 4449 legere
1725 4380 1773 4438 (ιο.

67 4475 200 4533 cessaria
217 4485 313 4544 :opus
327 4467 477 4534 videlicet,
491 4467 521 4518 et
534 4461 612 4516 ratio
627 4459 737 4531 operis,
757 4472 826 4529 que
848 4456 894 4512 ita
946 4456 1009 4525 bet,
1024 4455 1078 4526 qui
1105 4453 1198 4524 huius
1224 4454 1332 4511 mundi
1355 4459 1564 4531 contemptum
1584 4465 1725 4538 suadent,
1740 4473 1772 4528 et

67 4564 128 4621 sibi
156 4574 293 4618 connexa
314 4559 396 4625 sunt,
420 4556 455 4609 ut
474 4551 603 4606 alterum
629 4546 695 4601 sine
721 4544 826 4613 altero,
840 4546 895 4599 aut
947 4539 1137 4599 animemed
1163 4556 1297 4598 amorem
1317 4543 1484 4601 conditoris
1513 4549 1562 4605 sui
1591 4554 1772 4627 accendunt,

68 4649 179 4707 inutile
194 4647 234 4702 sit
249 4649 303 4701 eut
318 4644 420 4699 minus
435 4639 548 4696 efficax.
569 4634 788 4690 Verumtamen
803 4651 817 4680 ι
832 4645 893 4686 me·
948 4634 1126 4701 rectumque
1135 4629 1257 4685 vivendi
1270 4632 1424 4688 tramitem
1440 4632 1559 4707 docent,
1577 4640 1771 4717 qualiterque

68 4740 138 4805 lior,
152 4740 188 4790 ut
202 4733 325 4799 dicitur,
341 4726 505 4802 prudentia
519 4726 565 4779 est
579 4717 761 4776 fortitudine
774 4733 783 4786 ;
798 4738 808 4766 ι
822 4717 895 4788 quia
948 4718 1079 4773 virtutes
1094 4716 1220 4785 acquiri,
1236 4720 1267 4771 et
1279 4717 1356 4773 vitia
1366 4719 1512 4777 declinari
1524 4726 1656 4797 possint,
1671 4735 1772 4788 osten·

71 4830 100 4881 et
124 4821 260 4895 pondera
288 4814 454 4888 aliquando
474 4826 542 4884 qua
555 4808 675 4864 viribus
698 4818 819 4860 movere
833 4818 895 4859 non
950 4803 1038 4860 dunt.
1082 4803 1234 4858 Primum
1276 4805 1369 4874 enim,
1395 4806 1517 4879 inquit,
1556 4818 1694 4880 quaerite
1724 4834 1775 4876 re.

70 4923 246 4984 possumus,
262 4908 326 4961 arte
340 4902 490 4959 levamus.
508 4898 556 4953 Sic
569 4895 715 4951 nimirum
731 4894 777 4947 cst
790 4891 823 4946 in
836 4905 897 4945 om·
949 4905 1051 4962 guum
1067 4890 1123 4944 Dei
1147 4894 1179 4944 et
1192 4892 1364 4957 justitium
1389 4897 1460 4960 eius
1483 4896 1610 4966 (Matri.
1641 4905 1684 4972 vr)
1696 4921 1705 4975 ;
1741 4923 1777 4964 ao

72 5002 104 5056 ni
120 4997 233 5064 studio,
249 4993 384 5067 quisine
407 4987 588 5044 discretione
602 4985 756 5056 operatur,
776 4977 897 5034 laborat
951 4979 977 5034 si
991 4981 1093 5050 aperte
1107 4973 1197 5031 dicat:
1212 4976 1251 5032 lit
1265 4976 1397 5035 coelestis
1411 4983 1519 5053 patria
1533 4987 1646 5057 gaudia
1660 4991 1777 5051 deside·

73 5086 208 5159 quidem,
224 5081 278 5138 sed
290 5096 352 5136 non
368 5077 496 5151 proficit,
512 5077 542 5128 et
566 5069 655 5142 quasi
678 5081 779 5123 aerem
793 5063 897 5121 verbe·
952 5068 1059 5133 rate,et
1072 5062 1186 5135 quibus
1196 5063 1327 5135 justitiae
1341 5067 1459 5124 meritis
1469 5070 1507 5127 ad
1522 5087 1558 5129 ea
1572 5079 1778 5150 perveniatur,

74 5190 160 5241 rans,
175 5173 257 5226 vires
272 5170 443 5224 inventum
459 5159 570 5217 lundit.
583 5157 692 5228 Aspice
713 5154 791 5210 duos
818 5151 897 5222 pari-
953 5151 1077 5209 solerter
1104 5151 1261 5222 inquirite.
1291 5154 1464 5228 Utrumque
1492 5158 1624 5231 bonum,
1661 5170 1780 5223 utrum.

74 5266 120 5318 ter
135 5259 245 5317 silvam
260 5256 465 5317 transeuntes,
482 5251 511 5303 et
538 5246 620 5300 hunc
635 5241 758 5314 quidem
782 5254 836 5310 per
849 5238 898 5293 de·
953 5255 1012 5311 qne
1028 5239 1233 5294 necessarium
1247 5244 1348 5296 amate
1362 5247 1391 5297 et
1408 5247 1545 5314 quarite.
1562 5248 1594 5303 Si
1610 5264 1696 5308 amor
1721 5257 1778 5322 est,

72 5351 125 5406 via
135 5347 338 5411 laborantem,
352 5341 440 5396 illurn
455 5350 527 5392 vero
542 5331 616 5388 recti
626 5327 747 5385 itineris
758 5340 898 5398 compen·
953 5327 1070 5382 otiosus
1086 5340 1151 5381 esse
1171 5341 1233 5382 non
1256 5331 1365 5397 potest.
1391 5329 1552 5388 Pervenire
1575 5334 1778 5411 desideratis;

74 5438 126 5494 dia
140 5436 303 5507 legentem,
319 5430 386 5502 pari
397 5429 483 5481 motu
494 5433 618 5480 cursum
632 5412 900 5482 tendunt,sednon
954 5412 1061 5468 discite
1075 5413 1227 5484 quomodo
1246 5415 1442 5486 perveniatur
1460 5433 1521 5489 quo
1549 5422 1684 5480 tenditis.
1706 5425 1781 5485 Haec

74 5540 162 5598 aeque
183 5523 243 5577 cito
264 5516 457 5592 perveniunt.
483 5506 562 5574 Quid
587 5508 689 5560 autem
712 5499 900 5585 scripturam
954 5516 1025 5556 vero
1040 5501 1168 5557 scientia
1179 5500 1300 5557 duobus
1318 5503 1418 5559 modis
1443 5512 1647 5579 comparatur,
1676 5511 1779 5572 vidali-

76 5612 209 5670 ‹lixerim
224 5608 285 5663 nisi
300 5605 420 5671 silvam,
434 5601 522 5672 cujus
538 5591 704 5650 sententias
718 5586 808 5660 quasi
821 5586 900 5641 truc·
955 5590 1002 5642 cet
1011 5587 1159 5660 exemplo,
1175 5590 1205 5643 et
1219 5587 1379 5658 doctrina,
1393 5591 1541 5662 exemplo,
1555 5596 1680 5665 quando
1692 5615 1778 5660 sanc

78 5705 131 5759 tus
143 5694 297 5772 quosdam
308 5679 647 5842 dmdfflplmsndo
661 5675 903 5750 carpimusdrac-
956 5675 1058 5730 torum
1082 5673 1164 5730 tacta
1192 5673 1336 5746 legimus,
1367 5674 1506 5734 doctrina
1524 5680 1786 5828 qnandoaem

241 5787 380 5846 Parnon.
553 5813 561 5833 ·
