3742 6082
107 264 161 323 ror
253 213 255 220 ’
413 243 592 324 uuaours
612 265 665 322 nn
683 262 713 320 s.
734 258 907 317 moroan
926 254 1011 315 oar.
1032 258 1134 317 eras
1150 256 1190 319 11.
1205 290 1242 304 -
1259 258 1504 319 noausrrm
1759 254 1815 315 roe

107 389 224 456 dentes,
240 405 279 444 an
301 389 345 445 sic
358 390 535 460 effugientes
555 387 654 457 magis
669 386 796 440 miseros
819 383 929 453 dicam,
944 380 972 437 Δ
984 381 1091 452 fidens,
1108 384 1160 440 sed
1174 400 1295 458 semper
1306 385 1388 441 maia
1401 381 1595 441 imminentia
1608 383 1760 438 metuens.
1777 381 1812 438 In

107 477 225 548 ignoro.
241 477 289 533 Illi
304 479 384 532 enim
399 475 556 532 moriendo
570 490 589 529 a
605 474 728 528 miseria
748 472 929 539 liberantur,
985 471 1080 527 tantis
1092 488 1163 544 ergo
1178 472 1335 530 doloribus
1347 478 1377 529 et
1392 470 1678 546 perturbationibus
1688 471 1813 540 mentis,

109 566 161 621 isti
174 569 302 621 mortem
322 564 491 634 effugiendo
506 565 545 618 ad
560 564 687 619 atteram
708 562 862 618 miseriam
886 575 930 615 re·
985 574 1064 630 quea,
1081 576 1194 633 quaeso,
1209 564 1310 634 potest
1333 576 1406 617 vera
1420 575 1486 616 esse
1505 559 1634 627 sanitas,
1650 561 1706 614 aut
1720 556 1814 614 delec-

110 657 279 709 aervantur.
294 652 375 716 Quos
387 652 490 723 potins
505 650 666 724 plangam?
680 650 762 716 Quos
775 649 874 721 magis
890 665 933 703 ar·
986 648 1061 704 tatio
1082 647 1203 705 carnis?
1225 648 1311 715 Quod
1336 649 1506 705 lomentum
1531 646 1650 719 corpori
1669 646 1813 702 acerbum

110 738 223 813 guarni
234 739 380 809 Plangam
396 740 571 810 morientes,
580 745 610 796 et
624 756 751 811 arguam
767 739 930 795 iunientes.
986 750 1048 791 non
1063 736 1210 807 redditur,
1225 738 1279 793 ubi
1292 737 1479 793 conscientia
1500 734 1617 791 talibus
1631 734 1747 791 aculeis
1767 733 1810 790 la-

110 828 218 884 Nonne
234 826 326 880 etiarn
342 827 509 883 rectissime
525 830 554 882 et
574 828 620 883 iili
634 828 671 883 de
684 827 740 883 tali
763 829 860 883 morte
885 841 931 880 ar·
979 822 1125 889 ,ceaturr
1140 825 1213 881 Haec
1225 827 1271 881 est
1283 825 1413 881 felicitas
1435 825 1579 892 divitum,
1589 839 1682 896 quam
1695 828 1730 879 tu
1740 822 1814 879 dum

109 913 264 985 guendi.et
275 912 328 968 isti
340 914 376 969 de
391 915 444 970 tali
453 915 528 987 iuga
537 915 702 988 plangendi
716 913 804 971 sunt?
816 912 893 978 Quia
903 917 933 968 et
987 911 1066 968 falsa
1085 912 1162 969 ioris
1176 914 1257 969 bona
1278 928 1416 969 cerneres
1433 912 1560 968 laudare
1582 926 1728 983 coeperas,
1743 911 1817 984 quia

107 1001 176 1058 iilos
190 1001 222 1056 in
237 1005 366 1058 mortem
380 1003 524 1059 miseram
546 1005 642 1059 traxit
661 1004 801 1072 avaritia,
815 1006 845 1057 et
857 1002 934 1058 istos
987 1016 1090 1056 veram
1103 1001 1188 1056 intus
1203 1002 1356 1058 miseriam
1370 1017 1432 1058 non
1447 1000 1583 1057 videbas.
1596 1001 1620 1056 1.
1630 999 1663 1055 Si
1674 1000 1718 1056 sic
1728 999 1817 1056 diviti

108 1090 261 1161 fugientes
287 1105 305 1144 a
328 1094 426 1147 morte
449 1093 562 1165 excipit
576 1096 673 1148 morte
687 1092 785 1164 major
800 1090 931 1146 miseria.
987 1093 1044 1159 est,
1059 1090 1203 1146 inimicus
1219 1090 1278 1146 sihi
1293 1090 1338 1159 fit,
1355 1091 1408 1162 qui
1423 1089 1522 1146 multa
1534 1088 1691 1162 possidere
1706 1104 1816 1146 concu-

108 1178 147 1235 D.
157 1176 236 1242 Quid
251 1178 308 1234 tibi
322 1178 453 1249 videtur,
463 1180 554 1252 quale
568 1181 679 1236 estboc
693 1195 771 1252 opus
785 1175 935 1235 hominis?
987 1179 1088 1251 piscit.
1104 1179 1141 1235 D.
1163 1178 1242 1244 Quid
1257 1194 1328 1250 ergo
1347 1179 1404 1234 tibi
1428 1177 1562 1248 videtur,
1578 1177 1669 1250 quale
1692 1180 1740 1233 est
1761 1176 1818 1233 hoc

109 1267 132 1323 I.
149 1266 278 1321 Vanitas
292 1270 348 1336 est,
363 1270 394 1322 et
405 1269 528 1324 vanitas
541 1269 727 1324 vanitatum.
988 1283 1066 1340 opus
1079 1265 1257 1323 bominum?
1270 1267 1294 1323 Ι.
1310 1267 1376 1322 Hoc
1392 1281 1514 1339 quoque
1524 1266 1647 1322 vanitas
1662 1268 1709 1321 ast
1720 1268 1751 1321 et
1765 1279 1818 1320 va·

144 1355 182 1410 D.
192 1355 935 1428 adhucconvertereaualia,etvide.1.convsrsus
988 1356 1070 1413 nitas
1084 1356 1268 1411 vanitatum.
1283 1356 1319 1411 D.
1335 1354 1484 1411 Converte
1506 1369 1588 1411 nnnc
1603 1358 1634 1410 te
1646 1352 1685 1409 ad
1701 1353 1774 1423 alia,
1790 1356 1820 1409 et

110 1458 190 1512 sum,
203 1451 232 1498 et
256 1443 354 1499 video.
369 1444 407 1500 D.
424 1444 503 1511 Quid
528 1444 634 1502 vides?
654 1446 677 1502 I.
694 1444 788 1501 Video
809 1443 935 1500 domum
988 1443 1067 1500 vide.
1083 1444 1106 1500 I.
1124 1443 1297 1500 Conversus
1310 1459 1391 1511 sum,
1407 1447 1437 1499 et
1458 1441 1557 1500 video.
1574 1443 1611 1498 D.
1629 1441 1710 1508 Quid
1725 1444 1760 1498 tu
1776 1441 1818 1497 vi·

110 1530 225 1586 divitis.
242 1530 279 1585 D.
294 1531 373 1597 Quid
387 1533 432 1589 ibi
446 1531 555 1589 vides?
568 1534 592 1590 I.
610 1533 723 1590 Rerum
737 1532 875 1588 omnium
891 1531 935 1586 ai·
989 1529 1062 1587 des?
1076 1531 1099 1587 I.
1116 1531 1211 1588 Video
1227 1532 1352 1604 nuptias
1374 1531 1529 1588 celebrari.
1546 1531 1583 1586 D.
1601 1529 1681 1595 Quid
1704 1528 1763 1586 tibi
1787 1529 1820 1585 in

110 1619 278 1675 iiuentIam.
307 1620 404 1677 Natos
428 1622 640 1694 proficientes,
667 1636 770 1678 servos
798 1620 935 1690 alacres,
990 1620 1034 1675 eis
1057 1618 1198 1676 videtur?
1222 1620 1245 1675 1.
1269 1619 1383 1690 Magna
1404 1618 1513 1675 laetitia
1536 1618 1580 1674 ibi
1606 1621 1662 1688 ast,
1683 1631 1819 1688 magnus

110 1707 257 1764 fecundos
269 1723 385 1780 greges,
398 1709 508 1766 horrea
525 1708 625 1782 plena,
642 1709 805 1782 apothecas
825 1708 935 1768 redun·
952 1710 1127 1780 Bornatus,
1144 1712 1174 1763 et
1188 1711 1355 1780 apparatus
1374 1706 1544 1776 multasset
1565 1707 1611 1777 (ut
1633 1705 1717 1778 quod
1742 1706 1820 1762 mibi

111 1795 265 1864 dantes,in
276 1797 342 1852 vita
352 1799 563 1865 sanitatem,in
574 1797 766 1855 abundantia
778 1812 894 1869 pacem,
906 1797 939 1853 in
992 1795 1115 1853 videtur
1129 1811 1191 1852 non
1202 1794 1329 1865 taceam)
1340 1795 1397 1852 boc
1411 1810 1489 1867 opus
1500 1794 1612 1850 idcirco
1622 1795 1742 1850 caeteris
1754 1808 1821 1866 ope·

111 1900 185 1958 pace
214 1886 419 1956 securitatem,
443 1887 661 1942 insecuritate
688 1886 874 1942 felicitatem.
899 1885 936 1940 D.
992 1885 1079 1941 ribus
1092 1885 1253 1941 hominum
1276 1884 1398 1940 beatius
1416 1883 1531 1956 judico,
1546 1883 1692 1956 quoniam
1716 1883 1821 1956 ipsum

111 1973 190 2041 Quid
204 1973 262 2029 tibi
276 1973 424 2030 videtur?
437 1975 460 2031 I.
477 1974 563 2031 Nihil
576 1990 631 2046 ego
650 1975 700 2031 bie
712 1974 877 2030 dolendum
891 1973 939 2028 val
993 1974 1145 2047 praecipue
1158 1977 1214 2043 est,
1229 1972 1311 2046 quod
1325 1988 1380 2044 per
1393 1972 1565 2029 dilectionis
1585 1970 1744 2027 vinculum
1767 1986 1821 2044 pa·

112 2061 281 2118 timendum
296 2062 394 2118 video.
411 2063 569 2119 Prioribus
585 2068 687 2119 tamen
707 2062 854 2135 exemplis
870 2062 938 2118 edo·
993 2076 1057 2118 cem
1072 2064 1102 2117 et
1116 2060 1309 2117 concordiam
1326 2061 1405 2132 parit
1419 2060 1603 2128 animorum.
1619 2059 1686 2116 Hoc
1699 2059 1824 2116 societa-

113 2154 180 2207 ctus
202 2154 314 2206 temere
327 2151 469 2223 deinceps
484 2153 660 2224 quempiam
684 2152 858 2207 beatificare
878 2166 940 2207 non
994 2152 1055 2205 tem
1079 2149 1282 2218 commendat,
1300 2163 1434 2205 amorem
1457 2148 1638 2217 sanctificat,
1654 2147 1823 2203 amicitiam

112 2237 360 2311 praesurno.Volo
371 2239 504 2310 potiusa
519 2243 550 2294 te
562 2238 668 2295 audire
681 2237 941 2311 quidexistiman·
993 2241 1105 2293 servat.
1127 2237 1208 2293 Hinc
1229 2237 1347 2292 fructus
1369 2236 1463 2309 prolis
1484 2236 1592 2306 oritur,
1608 2235 1681 2292 hino
1699 2235 1824 2306 generis

103 2325 187 2385 ,dum
202 2326 252 2381 sit.
268 2325 305 2381 D.
322 2325 427 2381 Talem
437 2340 507 2396 ergo
520 2325 637 2383 felicem
648 2324 755 2399 putas?
768 2327 792 2383 1.
804 2325 867 2382 Cur
877 2341 940 2382 non
993 2326 1092 2381 nostri
1104 2340 1239 2398 propago
1254 2324 1412 2395 dilatatur,
1429 2325 1501 2381 hinc
1515 2324 1623 2381 mortis
1636 2323 1710 2381 dnae
1725 2336 1825 2381 neces·

113 2417 219 2487 putem
243 2413 354 2468 nescio.
374 2413 412 2468 D.
439 2414 513 2485 quid
537 2430 607 2485 ergo
628 2414 699 2487 plus
722 2414 840 2470 felicem
867 2414 941 2470 iacit
994 2415 1080 2471 citati
1094 2414 1259 2484 resistitur,
1275 2418 1305 2470 et
1328 2413 1441 2470 damna
1455 2416 1578 2486 patrum
1601 2414 1635 2468 in
1649 2412 1722 2469 tiliis
1736 2427 1822 2486 repa·

114 2502 213 2558 multa
223 2501 378 2574 possidere
392 2518 432 2558 an
445 2503 550 2574 paucis
559 2501 712 2574 indigere?
724 2503 746 2559 I.
756 2502 856 2574 Magis
869 2518 942 2575 pau·
993 2505 1112 2559 rantur.
1126 2503 1206 2558 Nam
1218 2517 1272 2558 cur
1284 2501 1361 2559 illud
1372 2517 1615 2571 commemorem,
1624 2500 1707 2573 quod
1722 2501 1755 2557 in
1765 2501 1824 2557 hoc

114 2592 158 2648 cis
171 2591 309 2662 indigere
324 2606 416 2663 quam
431 2590 529 2647 multa
544 2591 709 2664 possidere.
725 2591 762 2646 D.
779 2591 859 2661 Ergo
874 2590 939 2646 ieli-
994 2591 1059 2647 solo
1071 2592 1172 2647 carnis
1187 2591 1444 2664 concupiscentia,
1456 2606 1525 2663 quae
1538 2589 1598 2646 alio
1611 2605 1666 2647 nec
1678 2591 1745 2646 sine
1760 2605 1822 2646 ma·

112 2681 178 2737 cius
193 2683 239 2735 est
254 2678 347 2735 nullis
361 2677 513 2750 indigere?
527 2680 551 2736 1.
565 2678 697 2735 Felicius
707 2678 807 2751 plane.
821 2678 858 2734 D.
869 2678 940 2735 Non
993 2694 1054 2751 gno
1067 2679 1172 2736 labore
1187 2679 1333 2749 cobiberi,
1354 2693 1409 2735 nec
1424 2679 1490 2735 sine
1513 2678 1704 2752 turpitudine
1723 2677 1822 2734 laxari

114 2784 185 2841 ergo
199 2767 273 2824 felix
287 2766 511 2823 existimandus
527 2771 574 2823 est
587 2767 679 2825 bomo
692 2768 719 2823 si
733 2766 938 2839 multapossi·
992 2771 1103 2840 potest,
1118 2768 1163 2823 ita
1182 2768 1309 2823 honeste
1333 2771 1425 2840 atque
1438 2767 1547 2840 pudice
1568 2765 1722 2839 conjugali
1741 2781 1823 2823 com·

113 2858 174 2927 det,
191 2855 244 2912 sed
256 2856 282 2910 si
297 2855 404 2911 multis
428 2871 490 2911 non
505 2856 630 2927 indiget.
645 2857 668 2912 1.
683 2856 741 2912 Sed
756 2860 859 2913 tamen
874 2855 938 2912 ieli-
992 2857 1105 2913 marcio
1119 2857 1280 2930 excipitur,
1294 2860 1330 2912 ut
1343 2855 1433 2929 quasi
1445 2855 1531 2912 nulla
1543 2855 1695 2912 castitatis
1707 2853 1824 2912 damna

112 2961 177 3002 cem
190 2944 330 3001 homines
342 2945 520 3017 vocant,qui
533 2944 715 3000 habetunde
726 2945 938 3001 necessitatem
994 2945 1154 3001 sentiatur.
1170 2944 1263 3015 Nam,
1276 2944 1333 3001 etsi
1347 2945 1416 3016 ipsa
1427 2944 1674 3016 concupiscentia
1688 2943 1822 3016 experiri

113 3033 264 3107 suppleat,
280 3033 354 3105 quia
367 3033 484 3105 experti
506 3035 578 3089 sunt
593 3048 686 3105 quam
707 3033 800 3089 miser
814 3033 855 3088 sit
876 3032 975 3098 illac
993 3033 1182 3107 voluptatem
1199 3048 1287 3088 suam
1308 3032 1426 3103 linitur,
1443 3031 1528 3089 nulla
1546 3036 1649 3088 tamen
1666 3031 1824 3105 pudicitia

112 3137 203 3194 quem
215 3121 247 3176 in
258 3134 314 3175 sua
322 3121 502 3176 necessitate
515 3136 615 3176 rerum
628 3121 735 3193 inopia
745 3125 937 3191 coangustat.
994 3122 1133 3178 confusio
1148 3125 1319 3193 generatur.
1337 3120 1412 3186 Quis
1428 3136 1499 3193 ergo
1512 3123 1559 3177 tot
1573 3136 1608 3176 ac
1628 3123 1716 3177 tanta
1740 3108 1825 3178 hona

111 3209 149 3266 D.
161 3208 193 3264 Si
207 3206 289 3262 maia
298 3208 442 3278 pauperis
452 3211 482 3263 et
492 3208 596 3264 divitis
608 3224 784 3281 comparare
793 3209 938 3279 volueris,
994 3210 1217 3266 contemnenda
1240 3209 1394 3266 existimet
1407 3209 1468 3265 nisi
1481 3210 1535 3282 qui
1551 3224 1596 3278 ea,
1612 3224 1681 3281 quse
1699 3209 1757 3266 boc
1772 3223 1822 3264 ex-

110 3294 344 3364 divitemmagis
354 3310 445 3365 quam
455 3310 619 3368 pauperem
630 3297 775 3353 miserum
787 3299 937 3368 agnoscis.
994 3303 1080 3372 cepto
1102 3297 1184 3354 mala
1208 3301 1390 3370 sequuntur,
1414 3312 1477 3353 non
1500 3294 1604 3353 videt?
1618 3296 1654 3352 D.
1670 3296 1763 3353 Recte
1786 3295 1824 3352 de

110 3382 204 3439 Dives
218 3381 299 3436 enim
325 3385 442 3454 quanto
463 3381 552 3455 plura
575 3384 721 3456 possidet,
736 3388 823 3440 tanto
844 3387 939 3457 majo·
993 3387 1084 3444 honis
1098 3386 1277 3458 nuptiarum
1296 3385 1433 3458 judicare
1452 3400 1567 3458 posses,
1583 3385 1610 3440 si
1625 3385 1717 3441 etiam
1740 3384 1825 3440 mala

25 3531 39 3549 Ἷ
112 3487 175 3527 rem
190 3469 426 3526 sollicitudinem
440 3470 543 3528 habet.
560 3472 599 3528 Et
617 3487 686 3527 curn
702 3472 784 3529 solus
798 3488 862 3545 pree
876 3489 938 3529 orn·
994 3491 1100 3531 earum
1112 3473 1294 3531 attenderes.
1309 3474 1389 3531 Nam
1408 3473 1482 3546 qula
1497 3474 1595 3531 solum
1607 3474 1698 3543 bona,
1713 3476 1744 3529 et
1759 3488 1823 3529 non

111 3559 939 3635 nibussollicitudinispondussustineat‚aiiisamplius
994 3563 1076 3620 mala
1104 3563 1284 3635 nuptiarum
1312 3562 1497 3631 consideras,
1520 3561 1631 3617 idcirco
1659 3562 1692 3616 in
1713 3576 1823 3617 aarum

113 3664 205 3722 quam
221 3649 280 3721 ipsi
295 3652 425 3721 prosunt
439 3664 484 3717 ea,
497 3666 565 3722 quae
577 3649 627 3706 vel
641 3650 749 3723 cupide
759 3651 879 3723 quaerit,
891 3652 940 3709 vel
994 3652 1236 3709 consideratione
1251 3656 1365 3708 rectam
1384 3650 1492 3724 judicii
1505 3663 1664 3706 censuram
1679 3664 1742 3704 non
1759 3665 1824 3707 ser·

112 3753 204 3794 avare
225 3740 394 3793 conservat.
409 3737 501 3794 Hunc
522 3738 603 3794 enim
623 3738 690 3795 sine
712 3740 940 3796 intermissione
993 3758 1058 3797 vas.
1074 3741 1187 3813 Negari
1201 3740 1282 3795 enim
1298 3754 1359 3795 non
1373 3741 1473 3811 potest
1485 3737 1588 3810 aliqua
1601 3735 1726 3808 quidem
1736 3737 1823 3794 bona

113 3841 239 3882 suarum
254 3828 349 3881 castus
362 3840 508 3882 curarum
521 3829 667 3900 exagitat.
684 3828 784 3884 Timet
799 3845 837 3884 ne
851 3833 940 3901 parta
994 3829 1111 3902 nuptiis
1126 3830 1237 3898 inesse,
1253 3827 1306 3884 sed
1322 3828 1348 3884 si
1363 3827 1525 3899 diligenter
1534 3825 1727 3883 considerare
1740 3825 1821 3883 volu·

112 3914 265 3981 deficiant,
272 3913 419 3984 quoniam
435 3917 557 3970 tametsi
571 3932 685 3986 magna
698 3921 745 3973 est
758 3933 859 3973 reruni
874 3933 940 3990 pos·
993 3934 1073 3987 mus,
1088 3917 1178 3990 plura
1197 3917 1241 3972 eis
1262 3916 1344 3972 mala
1357 3916 1490 3972 admista
1511 3915 1713 3971 inveniemus.
1740 3914 1821 3969 Nam

112 4001 218 4068 sessio,
234 4003 356 4055 nonest
373 4004 476 4056 tamen
491 4002 594 4057 minor
607 4003 846 4060 distrahentium
860 4006 938 4062 mul·
992 4005 1047 4062 illa
1072 4006 1245 4062 animorum
1272 4004 1432 4061 concordia
1458 4018 1552 4076 quam
1576 4018 1646 4059 rara
1673 4002 1725 4073 sit,
1749 4003 1822 4075 quis

113 4088 221 4144 titudo.
247 4087 347 4144 Timet
370 4087 548 4144 violentiam
571 4093 741 4162 potentum,
765 4097 939 4165 suspectam
993 4092 1136 4165 Ignorat?
1149 4095 1296 4151 Imovero
1310 4094 1455 4150 velociter
1468 4108 1537 4149 cum
1550 4096 1713 4166 pertaeeum
1727 4092 1822 4149 fuerit

111 4177 298 4233 habetiidem
307 4177 633 4251 familiarum,semper
642 4179 839 4236 imminentes
848 4186 940 4254 pavet
994 4185 1159 4243 societatis.
1183 4183 1328 4256 idipsum,
1351 4182 1433 4255 quod
1459 4181 1652 4239 concordiam
1677 4196 1822 4253 generare

109 4266 240 4323 insidias
252 4270 437 4337 exterorum,
451 4271 482 4322 et
496 4266 578 4339 quod
594 4283 625 4322 se
641 4268 697 4324 scit
712 4284 780 4324 cum
796 4270 865 4326 odio
875 4286 938 4326 om·
993 4271 1150 4342 debuerat,
1163 4272 1224 4328 odii
1237 4276 1267 4328 et
1276 4271 1435 4328 discordiae
1445 4271 1583 4327 fomitem
1594 4271 1821 4340 subministrat,

110 4356 197 4411 nium
221 4356 386 4428 possidere,
402 4357 460 4412 boc
483 4357 598 4412 misera
617 4358 750 4428 quadam
774 4361 804 4413 et
825 4358 939 4415 infelici
952 4378 981 4434 Ι)
993 4365 1023 4417 et
1036 4364 1123 4417 tanto
1132 4361 1196 4432 jam
1211 4360 1418 4417 miserabilius
1431 4359 1525 4415 simul
1538 4359 1641 4416 vivere
1654 4359 1821 4430 incipiunt,

110 4445 304 4500 contentione
318 4448 425 4500 contra
441 4460 547 4500 omnes
571 4446 681 4502 nititur
693 4446 863 4518 defendere,
881 4449 937 4504 sic·
992 4451 1109 4522 quanto
1124 4448 1277 4505 discordes
1292 4449 1332 4503 ab
1346 4448 1477 4504 invicem
1488 4446 1624 4519 separari
1638 4447 1742 4503 minus
1756 4462 1824 4519 pos·

111 4545 171 4602 que
185 4531 219 4585 fit
235 4534 280 4599 ut,
294 4531 367 4586 dum
392 4546 424 4585 se
438 4530 541 4588 studio
561 4533 723 4603 gravitatis
744 4550 762 4589 a
783 4537 938 4592 communi
992 4537 1247 4593 suntliincrixae
1260 4536 1448 4608 quotidiana
1459 4539 1490 4592 et
1500 4536 1602 4607 jurgia
1613 4535 1819 4601 crebrescunt,

111 4619 249 4674 omnium
264 4619 408 4675 societate
423 4624 554 4692 separat,
571 4623 689 4680 cunctis
704 4624 839 4695 odiosus,
856 4630 885 4681 et
898 4626 937 4682 ab
990 4628 1060 4696 post
1076 4625 1153 4681 dura
1167 4626 1271 4695 verba,
1287 4626 1354 4681 dira
1369 4625 1496 4681 verbera
1509 4623 1685 4680 succedunt.
1702 4622 1820 4679 Neuter

112 4708 249 4764 omnium
262 4709 411 4765 charitate
424 4709 543 4765 alienus
558 4711 622 4767 liat.
640 4711 763 4769 Certum
779 4715 871 4770 etiam
887 4715 937 4770 ha·
991 4713 1121 4770 alterum
1136 4714 1267 4786 elingere
1281 4717 1392 4786 potest,
1408 4729 1472 4769 una
1483 4712 1603 4781 domus,
1619 4727 1682 4768 uua
1697 4726 1816 4782 mensa,

110 4796 172 4865 bet,
188 4796 306 4868 quodsi
321 4796 445 4869 quando
461 4801 937 4858 eumrerumahundantiadese
990 4802 1192 4872 unuslectus,
1207 4803 1240 4858 in
1265 4817 1326 4875 quo
1349 4800 1427 4857 nihil
1449 4801 1557 4857 durius
1579 4803 1625 4855 est
1647 4815 1741 4872 quam
1763 4816 1820 4857 nec

109 4884 195 4953 cerit,
210 4884 296 4940 nulla
310 4900 379 4940 eum
404 4885 511 4942 ahenea
535 4890 756 4961 compassionis
780 4891 936 4947 miseratio
990 4891 1167 4947 concordem
1176 4891 1493 4960 socium,necbostem
1505 4890 1617 4946 habere
1629 4893 1816 4962 separatum.

108 4975 272 5045 exceptura
286 4972 336 5028 sit.
351 4972 464 5029 Rerum
473 4989 600 5032 suarum
610 4977 712 5049 ipsum
728 4979 851 5051 quidem
862 4995 936 5036 cura
988 4979 1067 5036 Nam
1083 4980 1161 5036 sicut
1176 4981 1226 5050 iis,
1243 4981 1357 5053 quibus
1369 4979 1402 5036 in
1416 4979 1566 5035 charitate
1582 4993 1670 5035 mens
1683 4991 1747 5034 una
1761 4981 1817 5047 est,

106 5076 168 5117 non
183 5059 305 5130 deserit,
322 5060 375 5116 sed
389 5076 465 5117 usus
479 5062 518 5118 ad
541 5063 657 5121 alienos
672 5067 785 5123 transit
799 5068 932 5136 interim,
989 5068 1067 5124 nihil
1088 5070 1191 5125 obstat
1213 5070 1306 5125 etiam
1329 5069 1355 5124 si
1371 5082 1496 5140 corpore
1520 5067 1653 5139 separati
1675 5070 1761 5137 sunt,
1774 5066 1819 5121 ita

104 5153 139 5204 ut
152 5165 232 5222 saepe
246 5148 307 5206 illis
329 5149 422 5205 etiam
443 5150 549 5222 largiri
575 5167 696 5210 necesse
719 5155 770 5224 sit,
786 5170 804 5209 a
819 5156 934 5229 quibus
987 5171 1134 5228 magnum
1162 5160 1349 5214 tormentum
1377 5159 1424 5212 est
1450 5156 1508 5224 iis,
1538 5155 1593 5227 qui
1620 5153 1820 5227 corporaliter

103 5254 158 5294 nec
169 5238 327 5307 honorem,
341 5253 396 5295 nec
410 5240 554 5311 gratiam,
567 5256 622 5296 nec
633 5242 797 5298 utilitatem
811 5258 933 5315 sperare
988 5245 1095 5300 sociati
1116 5248 1200 5315 sunt,
1226 5247 1251 5301 si
1278 5246 1382 5302 animo
1404 5244 1566 5301 convenire
1589 5258 1651 5298 non
1673 5245 1817 5315 possunt.

101 5329 208 5400 possit.
217 5328 294 5383 Cum
309 5329 420 5384 retinet
429 5329 702 5399 maledicitur,non
716 5330 932 5399 tribuit,vanis
986 5332 1137 5388 Praeterea
1166 5333 1249 5405 quod
1268 5333 1305 5389 de
1337 5332 1558 5407 propagatione
1578 5331 1742 5388 hominum
1759 5333 1819 5386 tes·

102 5415 333 5472 adulationibus
357 5416 511 5486 irridetur,
535 5416 588 5472 sed
612 5432 699 5472 mens
723 5416 844 5473 conscia
869 5435 932 5475 nou
985 5420 1149 5478 timonium
1171 5420 1273 5478 laudis
1287 5421 1454 5491 adduxisti,
1479 5437 1535 5478 nos
1559 5421 1602 5476 sic
1626 5419 1753 5493 quidem
1767 5434 1817 5476 ve·

102 5504 520 5577 minusirrisionesuiquam
534 5504 746 5562 maledictione
757 5506 929 5565 offenditur.
985 5524 1055 5565 rum
1079 5524 1145 5565 esse
1168 5510 1362 5566 concedimus
1385 5514 1421 5565 ut
1436 5514 1539 5566 tamen
1555 5508 1687 5565 officium
1711 5509 1817 5581 nupti·

105 5587 229 5660 Semper
249 5592 369 5660 acerba,
382 5607 502 5664 semper
516 5592 625 5659 tristis,
639 5607 758 5665 semper
772 5594 931 5666 pusillani·
985 5613 1072 5653 arum
1093 5613 1155 5653 non
1170 5599 1313 5654 sanitatis
1332 5598 1479 5670 gaudium
1500 5597 1552 5654 sed
1565 5596 1758 5653 infirmitatis
1772 5611 1817 5653 re·

107 5676 298 5749 mis,sernper
309 5694 383 5734 cura
394 5681 593 5753 presentium
607 5694 762 5754 oppressa,
777 5687 807 5738 et
822 5683 931 5742 timore
983 5686 1118 5743 medium
1133 5686 1342 5758 ostendamus,
1354 5687 1456 5760 majus
1470 5688 1552 5744 enim
1565 5688 1646 5743 esset
1659 5689 1697 5741 ut
1711 5685 1818 5742 nullus

104 5768 269 5820 uterorum
285 5767 841 5842 anxia51nbontsprsesentibusnon
858 5787 929 5830 con·
983 5775 1091 5832 vivens
1112 5779 1292 5848 moreretur,
1307 5790 1402 5850 quam
1425 5780 1462 5834 ut
1478 5776 1645 5849 quisquam
1666 5775 1816 5834 morienti
