3742 6082
120 187 170 241 set
214 210 217 214 ι
484 156 638 235 nunonis
658 179 704 234 m:
725 178 753 235 s.
775 175 924 235 VtcToltE
942 130 1019 231 oPe.
1039 172 1129 229 rans
1148 175 1182 229 ιι.
1202 204 1237 216 -
1255 174 1467 232 nocuerim.
1783 171 1831 225 sse

120 306 218 378 magis
225 306 263 363 de
276 304 326 362 ιιιο
340 305 509 379 percipiunt
518 304 688 377 omnesqui
699 303 866 360 secundum
878 317 946 358 con·
961 303 985 355 Α
1005 299 1134 354 scientia
1148 305 1175 355 et
1188 301 1309 369 pietatis
1321 315 1333 371 ,·
1347 305 1376 356 et
1390 297 1513 369 replebit
1530 310 1595 351 eum
1609 295 1735 364 spiratus
1751 294 1830 349 timn-

121 396 264 453 ditionem
275 412 361 451 suam
376 399 428 450 aut
438 394 552 449 donum
568 393 668 463 grathe
683 393 830 463 largitoris
846 392 946 448 minus
1005 391 1047 444 ris
1061 390 1180 445 Dnrtiint
1191 389 1258 460 (lea.
1275 395 1325 454 ιιι).
1343 393 1415 446 Eece
1431 388 1578 445 columnoe
1593 389 1709 459 septem
1731 383 1763 440 in
1785 384 1831 440 do·

122 502 157 544 ac
169 485 265 557 magis
280 485 371 556 hujus
385 482 520 554 ejusdem
535 482 816 539 communicationis
832 500 866 537 ae
882 498 949 555 par·
1003 496 1054 534 ιιιο
1071 479 1234 551 sapientire.
1252 480 1365 536 Excidit
1379 480 1536 535 columnas
1550 481 1675 550 septem.
1688 474 1771 531 Unde
1785 491 1832 529 ex-

121 573 300 648 ticipationis
316 587 441 645 capaces
454 576 532 625 sunt.
555 570 742 643 Paabeipatio
764 570 852 642 igitur
876 570 949 626 alias
1003 567 1097 625 cidit?
1114 571 1152 624 ltc
1164 574 1265 625 monte
1279 569 1403 634 excidit;
1419 568 1457 623 de
1468 583 1528 640 quo
1544 565 1721 622 monteilio
1734 569 1832 620 monte

122 665 229 735 major,
257 662 330 718 alias
358 660 456 716 minor
483 665 535 717 est.
563 660 757 733 participatus
772 666 872 718 autem
886 674 949 716 non
1003 657 1147 714 umbroso
1160 663 1188 715 ct
1202 659 1365 715 condenso.
1383 661 1422 713 De
1435 672 1496 731 quo
1509 658 1611 711 monte
1625 653 1761 709 ruivinae
1773 669 1832 709 ma·

122 753 195 810 alias
210 751 307 821 major
320 754 371 804 aut
385 749 503 816 minor;
519 748 572 804 sed
588 748 667 805 idem
680 749 743 822 ipse
757 754 834 805 totus
845 766 879 804 ac
890 749 949 821 ple-

120 858 188 909 nus,
211 845 239 895 et
261 837 408 910 perlectus
432 839 544 911 ubique
559 845 613 894 est.
641 843 715 896 Cum
731 839 819 908 igitur
831 838 948 893 animas

121 927 268 1000 sapientes
280 926 418 998 dicimus,
434 932 462 983 et
475 927 623 1000 sapientia
637 929 785 1000 sapientes
809 921 947 994 dicimus,

119 1019 208 1075 istam
221 1015 397 1090 sapientiam
410 1017 583 1087 cogitemus,
600 1022 629 1073 ct
642 1017 740 1089 ipsam
764 1017 860 1072 solam
883 1032 949 1071 esse

120 1107 279 1166 credamus
304 1122 366 1179 qua
393 1105 524 1180 sapiunt,
568 1123 756 1180 quaecuuque
789 1106 948 1162 rationales

122 1201 236 1253 mentes
250 1196 310 1252 vim
322 1195 504 1266 intelligendi
532 1202 620 1268 atque
643 1194 832 1251 discernendi
847 1210 948 1269 perce-

120 1291 239 1360 perunt.
263 1288 336 1342 Haec
365 1292 417 1354 est,
444 1285 549 1356 inquit,
576 1287 635 1341 eitn
660 1291 782 1348 aterno,
800 1291 951 1353 utcopno-

121 1382 205 1433 aeaut
221 1382 249 1432 te
262 1376 357 1431 sotum
371 1377 481 1441 Deurn;
493 1380 520 1429 et
533 1390 618 1444 ‘luein
634 1375 741 1429 misisti
752 1376 852 1430 lesuin
864 1373 950 1429 Clui-

24 1500 28 1505 »
120 1464 311 1535 stumtdonn.
329 1463 556 1536 xs11).t]ognitio
579 1463 678 1536 itaque
700 1463 749 1518 Dei
762 1463 820 1519 vita
840 1468 950 1518 :eterna

120 1558 174 1617 est.
190 1552 304 1625 etquid
316 1558 360 1608 est
373 1552 502 1622 cognitio
516 1553 566 1607 Dei
585 1553 598 1607 ‘l
622 1552 760 1625 nunquid
784 1551 949 1607 accidens?

1000 749 1115 819 jestntis
1130 749 1239 805 excidit
1252 750 1409 805 columnas
1422 752 1546 821 septem.
1564 744 1687 813 Excidit,
1704 744 1758 801 sed
1773 760 1832 800 non

1003 838 1139 895 abscidit.
1156 839 1284 912 decepit,
1301 840 1430 895 sednon
1455 836 1586 894 abstulit.
1611 835 1775 893 Columnas
1798 835 1832 890 dc

1004 934 1103 982 moute
1119 928 1233 984 excisas
1248 928 1277 984 in
1290 927 1448 984 aedilicium
1474 927 1584 982 domus
1608 924 1718 997 posuit,
1747 928 1775 980 et
1789 929 1831 979 ta-

1003 1033 1071 1072 men
1087 1023 1220 1074 montem
1236 1034 1296 1074 non
1311 1018 1426 1074 minuit.
1448 1020 1481 1072 Et
1503 1015 1577 1089 quid
1605 1014 1719 1071 mirum
1748 1014 1773 1069 si
1788 1030 1832 1069 sa-

1003 1107 1114 1180 pientia
1128 1107 1167 1164 ad
1182 1108 1389 1165 fabricandam
1416 1108 1543 1162 domum
1565 1122 1652 1161 suam
1677 1105 1832 1161 columnas

1003 1197 1095 1252 erexit
1109 1197 1145 1252 de
1159 1202 1259 1254 monte
1274 1198 1388 1255 excisas
1403 1202 1459 1252 eta
1472 1201 1573 1252 monte
1588 1210 1649 1251 non
1665 1199 1831 1267 separatas,

1003 1303 1071 1359 quie
1085 1287 1122 1342 ad
1139 1286 1336 1342 habitandam
1352 1287 1478 1343 domum
1492 1285 1572 1341 venit
1584 1304 1590 1353 ;
1604 1289 1633 1341 ct
1644 1289 1745 1340 humen
1757 1283 1832 1339 unde

1003 1381 1125 1432 venerat
1137 1376 1178 1432 ibi
1192 1376 1384 1449 permansit?
1411 1375 1560 1448 Sapientia
1582 1389 1654 1443 crgo
1674 1373 1832 1429 tetliticasit

1005 1466 1060 1521 sibi
1071 1465 1206 1522 domum.
1220 1467 1344 1532 Qualem
1353 1465 1550 1521 domuinllte
1565 1480 1627 1537 qua
1641 1463 1810 1519 dictumest
1825 1480 1831 1516 z

1004 1560 1036 1610 lu
1050 1573 1111 1628 quo
1126 1556 1241 1612 habitat
1255 1556 1354 1612 omnis
1371 1555 1525 1628 plenitudo
1540 1553 1705 1609 divinitatis
1729 1568 1832 1626 corpo·

121 1645 196 1712 Ergo
211 1657 297 1697 amor
312 1641 363 1696 bei
374 1641 514 1697 accidens
526 1647 578 1706 est,
596 1647 624 1698 et
639 1640 792 1696 beatitudo
808 1640 948 1696 accidens
965 1661 985 1714 Β
1004 1645 1111 1701 taliter.
1139 1649 1170 1700 et
1184 1646 1291 1701 iterum
1306 1663 1312 1699 :
1330 1647 1366 1700 In
1382 1646 1500 1701 Christo
1524 1644 1705 1712 complacuit
1721 1657 1832 1698 oninenz

120 1736 173 1799 est,
190 1731 263 1787 etin
278 1730 482 1786 accidentibus
497 1734 541 1786 est
554 1729 707 1785 beatitudo
723 1734 834 1785 nostra.
853 1732 949 1795 otiare

120 1837 181 1878 non
195 1819 292 1890 magis
310 1823 385 1875 [teus
401 1818 437 1875 sit
451 1818 603 1874 beatitudo
619 1824 720 1874 nostra
731 1820 744 1872 'l
759 1823 823 1890 lpse
839 1822 882 1873 est
904 1833 950 1872 sa·

120 1909 232 1984 pientia
241 1926 303 1982 qua
313 1907 604 1981 cognoscimusipse
618 1924 703 1964 amor
712 1923 773 1982 quo
786 1907 948 1975 diligimus,

120 1999 183 2073 ipse
198 1998 342 2070 gaudium
352 2014 413 2071 quo
429 1997 623 2053 exsultamus.
641 1999 718 2059 Erato
732 2014 791 2053 uita
805 1997 950 2070 sapientia

121 2096 239 2164 estque
252 2105 357 2146 omnes
373 2088 502 2162 sapiunt,
517 2105 571 2145 nec
586 2094 687 2145 tamen
707 2105 768 2145 nno
783 2089 875 2144 modo
900 2105 949 2143 sa-

120 2181 216 2255 piunt,
232 2180 302 2254 quia
315 2179 524 2254 participando
538 2179 668 2253 sapiunt.
686 2179 770 2244 Quod
796 2179 819 2233 si
844 2194 949 2233 omues

120 2269 177 2329 hac
201 2269 346 2344 sapientia
365 2268 485 2341 sapiunt
508 2269 681 2341 quicunque
703 2269 833 2340 sapiunt,
854 2268 948 2324 multo

121 2359 218 2429 magis
233 2360 290 2416 hae
302 2358 447 2432 sapientia
461 2358 538 2431 sapit
551 2359 599 2414 illa
615 2358 727 2422 anima,
747 2375 815 2430 quie
828 2358 884 2429 ipsi
900 2375 948 2413 sa-

120 2449 238 2524 pientiae
254 2449 336 2505 uuita
352 2447 414 2505 luit.
432 2451 503 2514 Qua
527 2464 588 2504 non
613 2453 690 2504 sorte
714 2447 948 2520 participationis

120 2555 155 2596 ex
169 2538 219 2595 illa
231 2537 334 2607 riguit,
351 2537 401 2593 sed
419 2536 572 2609 privilegio
595 2537 714 2592 unitatis
735 2537 949 2609 plenitudinem

120 2627 260 2703 possedit.
276 2627 351 2694 Quid
366 2626 445 2682 enim
456 2627 494 2683 de
507 2627 652 2699 sapientia
663 2627 764 2682 minus
777 2628 886 2683 habere
897 2644 949 2700 po·

121 2720 203 2783 terat,
229 2716 277 2773 cui
304 2716 368 2789 ipsa
398 2715 550 2788 plenitudo
580 2716 730 2787 sapientire
760 2717 949 2788 incorporata

1003 1736 1219 1804 plenitudinem
1241 1736 1418 1801 diuinitatis,
1449 1733 1631 1802 indebitare,
1658 1739 1687 1788 et
1700 1748 1756 1802 per
1770 1747 1832 1788 eunt

1003 1826 1195 1881 reconciliari
1208 1826 1318 1889 onznia,
1339 1825 1369 1879 in
1384 1825 1480 1892 ipsum
1502 1825 1667 1893 purificeris
1687 1836 1745 1891 per
1768 1836 1832 1876 sniz-

1003 1914 1121 1983 puinern
1138 1914 1235 1985 emis
1248 1914 1311 1980 eires
1323 1913 1479 1982 ,sineque
1490 1912 1521 1966 in
1537 1911 1635 1980 terris,
1651 1911 1713 1966 sice
1723 1924 1790 1981 pecte
1805 1911 1832 1963 in

1004 2004 1085 2057 eutis
1101 2008 1169 2057 surtt
1184 2002 1305 2066 (Coloss.
1321 2002 1348 2070 t).
1372 2000 1471 2055 Videte
1496 1998 1569 2071 quid
1593 1997 1743 2054 iacimus?
1757 2005 1833 2070 Apo-

1005 2091 1098 2146 stolus
1113 2095 1236 2146 testatur
1251 2089 1466 2163 plenitudinem
1483 2088 1523 2144 ibi
1539 2104 1620 2150 csse:
1645 2093 1674 2144 et
1693 2104 1750 2143 nos
1763 2087 1833 2143 dici·

1006 2197 1073 2235 mus
1090 2179 1173 2253 quod
1190 2185 1248 2235 tota
1276 2178 1423 2251 sapientia
1450 2193 1511 2232 nou
1533 2177 1627 2232 estin
1652 2176 1746 2232 domo
1771 2192 1833 2231 sua.

1006 2273 1081 2338 Erue
1095 2269 1219 2324 dimidia
1234 2269 1313 2324 intus
1333 2267 1458 2337 habitat,
1487 2271 1516 2322 et
1542 2265 1667 2321 dimidia
1693 2264 1776 2322 ioris.
1804 2269 1832 2321 Et

1005 2359 1055 2414 ubi
1070 2364 1227 2430 queretur,
1242 2357 1264 2412 si
1281 2357 1362 2412 domi
1378 2372 1439 2412 non
1455 2356 1626 2411 invenitur‘l
1650 2359 1680 2410 ln
1703 2371 1766 2427 quo
1781 2355 1832 2410 bn·

1003 2448 1077 2503 bitat
1092 2447 1190 2502 omnis
1205 2443 1752 2518 plenitudodivinitatiscorporaliter.
1783 2444 1833 2500 Ubi

1004 2537 1157 2609 plenitudo
1172 2540 1215 2591 est
1229 2534 1301 2590 nihil
1316 2535 1408 2604 deest,
1426 2533 1477 2589 ubi
1491 2533 1564 2589 nihil
1575 2533 1657 2588 deest
1670 2537 1769 2588 totum
1782 2538 1833 2588 est.

1005 2626 1061 2682 Sed
1077 2626 1150 2681 torte
1165 2624 1319 2697 plenitudo
1334 2623 1497 2680 divinitatis
1511 2623 1551 2679 ibi
1566 2630 1620 2693 est,
1635 2627 1663 2679 et
1677 2622 1834 2695 plenitudo

1004 2716 1156 2788 sapientiae
1167 2732 1228 2770 non
1242 2720 1295 2770 est.

121 2808 341 2878 mutilaque,
363 2806 412 2866 ait,
429 2806 577 2862 inhabitet
592 2808 685 2861 opinis
703 2807 859 2875 plenitudo
872 2807 948 2861 dini·
1040 2808 1147 2860 Verum
1162 2804 1232 2860 dicit
1247 2822 1254 2859 :
1269 2806 1304 2859 ln
1328 2820 1385 2874 quo
1406 2809 1474 2859 sunt
1499 2817 1598 2858 omnes
1623 2801 1761 2857 thesauri
1788 2818 1835 2857 sn-

120 2899 224 2955 nitotis
243 2897 443 2965 corporaliter
458 2897 581 2953 «Colone.
598 2896 637 2965 ιι).
656 2895 694 2951 De
709 2880 770 2968 qub
786 2896 842 2951 hoe
864 2895 947 2960 dixit,
1002 2895 1122 2964 pientiae
1138 2900 1164 2949 et
1180 2893 1309 2949 scientiae
1325 2892 1492 2948 absconditi
1505 2892 1628 2959 (Coloss.
1642 2892 1684 2960 u).
1710 2890 1768 2946 Sed
1790 2889 1834 2944 di-

120 3002 220 3044 nonne
232 2987 270 3043 de
285 2986 425 3042 Christo?
441 2985 598 3051 Quomodo
612 3002 683 3055 ergo
699 2988 727 3040 in
740 2987 854 3041 tllnisto
868 2986 985 3072 habi-C
1004 2984 1068 3039 ritis
1084 2983 1169 3038 bene.
1186 2985 1296 3039 Omnes
1321 2981 1451 3037 thesauri
1478 2979 1631 3053 sapientiae
1656 2984 1684 3034 et
1706 2978 1834 3035 scientiae

85 3148 88 3153 ι
121 3081 162 3134 tat
173 3076 272 3133 omnis
283 3076 436 3148 plenitudo
451 3075 631 3131 divinitatis?
646 3079 714 3131 tres
731 3076 865 3131 essentiis
879 3081 949 3131 sunt
979 3078 983 3087 '
1003 3073 1043 3128 ibi
1059 3077 1146 3138 sunt;
1163 3071 1216 3126 sed
1231 3070 1397 3127 absconditi
1412 3073 1489 3124 sunt.
1508 3072 1604 3124 Portet
1623 3072 1652 3123 et
1666 3084 1728 3123 non
1743 3067 1832 3122 videt.

118 3167 150 3224 ιιι
164 3167 289 3225 Christo.
307 3171 391 3235 Caro,
408 3167 520 3235 anima,
536 3166 685 3221 divinitas.
711 3166 788 3231 Quid
809 3183 879 3235 ergo
893 3166 948 3222 ha·
1003 3163 1086 3219 ausit
1100 3169 1199 3219 alitem
1216 3163 1255 3218 ab
1269 3161 1419 3217 intellectu
1434 3165 1546 3223 nostre,
1564 3164 1595 3214 ut
1606 3159 1647 3214 sic
1656 3160 1832 3213 sentiamus.

119 3257 194 3312 bitat
207 3256 239 3311 in
253 3272 314 3327 quo
325 3256 338 3310 ‘l
351 3271 390 3310 an
401 3255 540 3310 diviuitas
553 3271 583 3309 ιιι
599 3255 759 3320 divinitate,
777 3272 815 3311 an
840 3256 948 3311 divini·
1003 3252 1058 3307 Sed
1075 3251 1242 3307 absconditi
1259 3254 1337 3320 sunt,
1354 3265 1414 3304 non
1436 3253 1466 3303 ut
1481 3247 1520 3303 ab
1535 3263 1570 3303 eo
1586 3247 1833 3307 abscondantur:

120 3349 166 3400 tas
180 3343 336 3405 inanima,
353 3358 391 3396 an
409 3342 549 3396 divinitus
565 3343 593 3397 ιιι
610 3344 721 3397 carne?
737 3344 792 3399 Sed
807 3344 878 3415 quid
893 3349 947 3410 est,
1004 3342 1055 3396 sed
1080 3358 1134 3396 uec
1161 3341 1192 3396 in
1218 3357 1253 3395 eo
1279 3339 1318 3395 ab
1345 3338 1444 3411 impiis
1467 3337 1633 3392 viileautur.
1658 3334 1832 3391 Absconditi

119 3431 259 3490 divinitas
269 3430 384 3486 habitat
405 3429 435 3484 ιιι
458 3429 635 3486 divinitate?
656 3432 793 3502 Nunquid
817 3434 872 3487 hoc
898 3437 950 3489 aut
1004 3436 1082 3494 sunt,
1105 3435 1136 3486 ut
1149 3436 1281 3501 tempore
1295 3433 1464 3501 opportuno
1476 3426 1676 3500 proferantur.
1702 3426 1832 3481 Abscon-

119 3536 286 3591 congruum
316 3523 379 3575 erat
404 3519 511 3588 dicere,
538 3526 589 3575 ant
604 3520 805 3575 necessarium
821 3522 947 3576 audire‘l
1003 3519 1054 3575 diti
1069 3524 1137 3575 snut
1151 3524 1179 3572 et
1196 3517 1339 3573 reconditi
1355 3521 1433 3571 sunt.
1449 3515 1631 3582 absconditi,
1644 3531 1682 3570 ne
1697 3530 1751 3578 per
1765 3529 1832 3569 eum

120 3615 195 3683 Ergo
211 3611 240 3667 in
256 3610 441 3667 humanitate
457 3610 561 3666 tlliristi
577 3610 691 3665 habitat
706 3610 858 3682 plcrtitudo
873 3611 948 3666 divi-
1002 3609 1133 3671 imlinnis
1148 3607 1329 3679 aperiantur.
1347 3605 1508 3670 Rcezonditi,
1534 3604 1608 3659 utin
1624 3621 1661 3659 co
1673 3604 1765 3674 digne
1785 3620 1833 3658 eu·

119 3701 217 3759 nitatis
231 3701 347 3760 Christi.
364 3701 449 3767 Ouod
463 3700 486 3755 si
502 3699 658 3773 plenitudo
682 3699 842 3756 divinitatis
867 3699 947 3755 tzuri-
1004 3699 1180 3755 stodiantur.
1199 3695 1351 3753 liacondtti
1366 3700 1445 3760 suut,
1472 3710 1510 3749 ne
1534 3693 1719 3749 offuscentur
1732 3691 1833 3764 aliqua

119 3792 165 3853 sti.
182 3798 289 3863 ergoet
303 3791 456 3865 plenitudo
470 3790 622 3863 sapientiae
638 3790 698 3845 bei.
713 3791 787 3856 Ouid
806 3791 884 3846 enim
906 3797 949 3847 est
1003 3788 1140 3854 rubiuine
1156 3791 1357 3859 peecatorum.
1372 3801 1408 3840 ne
1422 3784 1593 3856 polluantur
1617 3782 1721 3855 aliqua
1743 3782 1834 3837 sorde

118 3880 280 3936 divinitatis
295 3881 399 3936 Christi
415 3881 469 3935 nisi
484 3881 637 3952 sapientiae
653 3881 723 3935 Dei?
751 3884 825 3949 Ergo
854 3881 947 3954 pleni·
1001 3879 1160 3934 criminum
1177 3882 1228 3932 aut
1242 3875 1419 3945 contagione
1434 3873 1584 3929 vitiorum.
1596 3872 1750 3928 Reconditi
1766 3876 1835 3927 sunt

119 3967 192 4024 tudo
208 3968 360 4040 sapientiae
374 3969 424 4022 Dei
436 3968 553 4022 habitat
578 3970 605 4023 in
633 3970 816 4024 humanitate
833 3971 946 4025 ulnis-n.
1002 3968 1124 4024 velutin
1141 3984 1210 4021 vase
1226 3966 1351 4028 sincere,
1368 3963 1492 4019 velutin
1508 3962 1678 4018 habitaculo
1703 3960 1833 4027 inundo,

120 4055 174 4112 Ubi
187 4057 201 4112 ‘l
214 4055 244 4111 ιιι
258 4071 347 4110 cartre
361 4071 399 4110 an
412 4057 440 4109 in
455 4055 566 4120 anima,
583 4072 620 4110 an
637 4056 725 4111 simul
736 4058 765 4111 ιιι
775 4074 863 4111 carne
879 4059 947 4113 etin
1002 4075 1039 4113 ne
1055 4057 1128 4112 sorte
1143 4057 1210 4128 quis
1221 4057 1322 4113 valent
1330 4055 1372 4110 eis
1389 4053 1539 4109 maculam
1553 4052 1693 4121 ingerere,
1715 4055 1746 4105 et
1763 4056 1835 4106 tnnc

119 4145 220 4202 anima
233 4145 247 4201 'l
262 4161 301 4201 an
316 4144 345 4199 ιιι
362 4159 450 4199 earne
467 4159 519 4215 per
542 4146 689 4200 carnem?
715 4145 744 4199 ιιι
766 4161 854 4199 ‹eati-ne
876 4162 947 4208 erno
1003 4145 1123 4218 incipiat
1138 4144 1333 4216 opprobrium
1350 4141 1504 4197 sustinere.
1520 4139 1753 4211 Apprehendent
1771 4154 1834 4209 sep·

119 4234 264 4307 sapientia
277 4234 433 4299 babitaret,
449 4237 476 4289 et
491 4249 552 4288 ιιοιι
565 4233 710 4289 habitaret
722 4234 752 4288 iu
766 4233 877 4289 anima.
891 4235 947 4289 nb-
1003 4243 1058 4291 tem
1075 4236 1212 4290 teredines
1227 4236 1322 4289 rirtnn
1341 4248 1433 4287 ιιιιιιιη
1456 4232 1503 4287 die
1524 4232 1581 4286 itta
1601 4230 1731 4295 dicentes
1750 4244 1763 4283 :
1778 4230 1836 4283 Pu·

115 4325 173 4387 ¹sitl
190 4323 280 4382 Sedes
293 4323 446 4396 sapientiae
462 4323 563 4378 anima
575 4323 658 4393 justi,
674 4328 702 4377 et
713 4324 946 4394 domussapieu·
1003 4342 1068 4380 trent
1090 4330 1224 4379 riostrtnn
1245 4323 1437 4388 corriedernus,
1463 4326 1492 4377 et
1517 4319 1695 4377 vestimentis
1722 4320 1834 4373 nostrie

119 4413 165 4468 tite
180 4413 281 4467 anima
294 4411 409 4467 Christi.
433 4414 465 4465 Et
479 4411 552 4481 quid
565 4410 636 4471 dixi.
664 4413 774 4465 ltomus
793 4412 945 4481 sapientire
1002 4416 1179 4483 operiemur,
1206 4412 1410 4467 tnuttnnmodo
1434 4412 1588 4465 invocetur
1614 4422 1721 4463 nornen
1749 4414 1833 4461 tuum

118 4502 220 4557 anima
247 4500 379 4553 Christi?
411 4499 545 4570 Amplius
570 4499 666 4553 dicere
703 4500 804 4569 debui,
834 4502 857 4556 si
884 4520 946 4557 am·
1001 4518 1091 4571 super
1103 4516 1174 4557 nos:
1188 4503 1278 4570 unser
1290 4500 1465 4570 opprobium
1482 4504 1615 4554 riostrurn
1633 4497 1703 4568 (lsa.
1721 4497 1769 4562 ιι).
1790 4499 1834 4550 Er

118 4588 197 4661 plius
211 4587 309 4642 <licere
325 4602 426 4658 po>u1;
440 4587 512 4659 quia
528 4586 605 4641 enim
623 4588 768 4661 sapientia
782 4591 809 4644 in
836 4608 871 4645 ea
898 4593 947 4647 ha·
1002 4607 1040 4655 uo
1053 4590 1195 4646 reromliti
1212 4591 1240 4645 in
1254 4607 1289 4645 eo
1306 4594 1385 4657 sunt,
1401 4588 1451 4644 sed
1467 4586 1634 4643 absconditi
1656 4585 1696 4641 al)
1720 4602 1757 4641 eo
1772 4598 1832 4640 non

118 4675 203 4744 bitat,
218 4675 284 4732 ideo
297 4675 423 4731 domum
437 4676 509 4744 dixi,
533 4677 583 4732 sed
601 4679 672 4750 (pua
685 4681 877 4753 corporaliter
893 4683 945 4737 ha-
1002 4686 1080 4735 sunt.
1101 4683 1202 4741 benni,
1221 4679 1324 4751 inquit.
1341 4692 1425 4732 uento
1439 4677 1511 4731 uidit
1526 4690 1668 4745 antiquom.
1694 4674 1832 4744 Uuipeni-

117 4765 201 4829 hitat,
215 4764 283 4822 idco
297 4766 427 4838 amplius
440 4766 537 4822 dicere
553 4767 652 4822 debui.
668 4768 742 4833 Quid
755 4777 798 4824 est
809 4787 946 4843 corpora·
1001 4777 1047 4825 tus
1062 4772 1158 4824 Filius
1171 4770 1224 4840 qui
1232 4775 1273 4824 est
1291 4770 1320 4822 in
1334 4769 1401 4822 sinu
1416 4767 1529 4829 Putris,
1547 4780 1609 4833 epse
1622 4765 1781 4819 erutrranit
1810 4762 1834 4827 ,l

117 4853 182 4909 liter
196 4854 333 4911 habitat?
348 4860 443 4912 linum
460 4857 536 4912 lacta
550 4862 594 4912 est
605 4874 673 4912 cum
689 4857 738 4912 illa
755 4858 784 4913 ιιι
806 4877 866 4932 qua
894 4862 944 4915 ha-
999 4857 1087 4911 donn
1101 4873 1126 4910 ιι
1137 4869 1148 4927 ;
1161 4858 1249 4911 doure.
1266 4867 1285 4909 ιι
1298 4868 1309 4925 ,·
1323 4856 1346 4907 si
1360 4854 1520 4922 enarravit,
1534 4857 1562 4908 et
1576 4851 1658 4908 vidit.
1679 4850 1764 4908 Unde
1778 4851 1831 4905 hoe

117 4942 202 5009 uitat,
219 4949 247 5000 et
260 4960 312 5016 per
327 4944 408 5000 illam
426 4963 517 5000 ιιιιιιιιι
532 4945 621 5001 etiam
637 4963 705 5001 cum
717 4947 765 5002 illo
781 4948 810 5003 in
824 4966 885 5019 qno
897 4949 945 5004 illa
1000 4946 1185 5016 probamus?
1197 4946 1254 5012 Qui
1263 4945 1388 5000 deterre
1405 4950 1458 5009 est,
1471 4944 1599 5000 deterre
1611 4942 1765 5011 [equitum
1784 4939 1833 5011 qui

117 5031 402 5098 habitatouomodo
419 5051 511 5089 unum
523 5037 536 5090 'l
550 5039 611 5090 Nou
623 5036 809 5092 versibilitate
821 5045 944 5106 initurae,
999 5036 1036 5090 de
1046 5038 1118 5092 eudo
1135 5038 1222 5097 vernt,
1232 5051 1322 5103 super
1332 5051 1430 5090 orienes
1444 5041 1484 5090 est
1494 5049 1504 5098 ,·
1519 5040 1545 5089 et
1561 5033 1641 5102 qitod
1657 5033 1731 5087 cidit
1744 5037 1772 5088 et
1783 5046 1831 5086 on·

116 5122 169 5179 sed
183 5122 294 5179 unitate
310 5140 460 5196 personam
478 5142 536 5180 ttnu
553 5142 690 5197 persona.
701 5142 761 5180 non
774 5144 832 5181 una
848 5143 945 5181 essen-
999 5126 1074 5180 dirtt
1087 5126 1141 5180 lior
1151 5129 1278 5180 testetur
1288 5120 1611 5194 (tauriniani-pavidis
1621 5125 1650 5175 tn
1663 5135 1726 5191 quo
1737 5116 1831 5175 vidit?

115 5211 165 5268 tia.
182 5214 258 5281 Ergo
272 5213 462 5285 incorporata
478 5221 521 5270 cst
536 5215 675 5271 divinitas
691 5215 862 5270 liabitaenlo
879 5233 943 5280 sno,
998 5213 1028 5268 in
1042 5213 1194 5269 divinitate
1208 5230 1246 5267 an
1263 5213 1291 5267 iu
1308 5211 1516 5267 humanitate?
1532 5213 1614 5266 Forte
1629 5209 1660 5264 ιιι
1676 5207 1828 5264 divinitate

115 5301 163 5358 cui
175 5302 392 5375 plenitudinem
408 5304 546 5370 infundit,
562 5305 713 5359 veritatem
726 5304 858 5358 sociarit.
999 5301 1081 5362 sinn.
1099 5302 1127 5356 in
1143 5302 1327 5357 lnunanitate
1342 5300 1500 5357 enarravit.
1517 5299 1559 5355 llli
1573 5315 1646 5365 erno
1661 5298 1715 5369 qui
1732 5296 1830 5354 audie·

150 5393 306 5459 Sapientia
334 5394 493 5460 rectificavit
523 5392 578 5445 sibi
605 5393 733 5448 durrnnn.
765 5391 879 5445 cecedit
896 5407 943 5446 ec-
999 5389 1830 5465 mintiuquoviderunt?Autsinonvideruntquareau·

117 5479 235 5535 lnntnns
250 5487 359 5551 septem
374 5483 475 5543 (Pron.
493 5483 541 5547 xit.
564 5479 693 5537 ttnalcs‘l
709 5479 876 5548 llequies‘tet
897 5499 943 5535 su·
998 5480 1139 5536 dicrunt'l
1155 5481 1230 5536 Vidit
1245 5498 1315 5550 erpo
1329 5481 1359 5536 in
1371 5480 1532 5540 divinitate,
1554 5477 1625 5532 vidit
1637 5483 1664 5531 et
1681 5477 1711 5533 in
1729 5478 1829 5533 buma-

112 5581 169 5634 per
183 5584 248 5625 enm
263 5571 393 5638 Spiritus
409 5570 535 5637 bomini,
552 5569 675 5636 spiritus
690 5570 843 5634 sopientur²
859 5577 884 5625 et
901 5572 943 5626 in·
998 5570 1097 5631 nitide,
1107 5577 1205 5626 tamen
1217 5589 1253 5626 ex
1263 5570 1415 5625 divinitate
1436 5569 1529 5624 suntl
1553 5572 1581 5623 et
1596 5567 1636 5622 illi
1652 5583 1721 5639 qnia
1733 5566 1829 5623 audie

115 5653 262 5727 tetherus,
277 5660 400 5728 spiritus
417 5657 533 5714 consilii
552 5663 579 5714 et
593 5656 792 5727 fortitudinis,
817 5661 942 5728 spiritns
999 5665 1071 5717 runt
1083 5677 1147 5716 non
1158 5661 1268 5718 nisiex
1279 5658 1474 5717 illustratione
1488 5657 1583 5714 divini
1597 5655 1720 5713 luminis
1733 5656 1830 5713 viden
