3742 6082
10 179 124 233 ²909

628 189 806 249 expositio
826 193 860 248 [N
880 195 959 253 ΗΒΕ.
982 197 1012 256 S.
1032 200 1228 260 AUGUS'i'ilss.
1736 210 1791 266 910

72 274 147 330 sunt
165 277 267 329 autem
282 274 407 346 quidam
421 279 472 351 qui
484 279 731 358 dicuntreligioni
747 304 808 344 non
822 305 902 349 com·
919 298 943 350 Α
959 297 1079 353 creditis
1089 312 1101 369 ,·
1114 302 1161 356 oet
1175 299 1313 370 operibus
1333 301 1452 359 credite.
1471 301 1579 372 opera,
1594 302 1709 376 inquit·
1722 321 1790 378 qua

71 366 172 436 petere
202 365 389 436 corporalem
408 370 601 431 medicinam.
626 377 683 433 Sed
708 377 731 435 si
746 378 903 449 diligenter
957 385 1049 457 facio,
1064 389 1129 457 ipsa
1144 391 1343 446 testimonium
1356 391 1517 460 patiatur
1531 392 1568 458 de
1582 406 1627 449 me
1644 394 1787 468 (donax).

10 474 14 483 ·
70 451 270 524 attenderent,
287 453 346 526 ipsi
371 469 618 527 recognoscerent
641 465 712 538 qnia
737 467 794 524 hoc
821 469 904 542 quod
959 474 1036 531 Multi
1050 478 1130 534 enim
1146 483 1215 534 snat
1230 478 1415 550 quibusnon
1429 480 1559 536 creditur
1584 480 1712 539 etiamsi
1735 499 1788 540 ve·

10 546 12 553 '
70 542 294 599 manducamus
309 549 338 599 et
352 545 494 618 bibimus,
510 553 592 624 qnod
602 554 902 632 restibusoperimnr,
958 577 1025 621 rum
1053 564 1163 633 dicant,
1189 567 1261 640 quia
1274 566 1316 621 illi
1340 566 1411 623 mali
1427 572 1498 623 sunt
1510 568 1605 625 autin
1616 568 1787 644 suspicione

70 634 98 687 et
110 631 235 686 terrenis
249 632 340 688 relius
352 636 391 691 ad
407 639 615 698 necessitatem
629 643 751 714 utimur,
768 648 903 719 corporis

69 719 220 776 medicina
235 725 289 778 est.

104 837 176 893 Fiat
189 852 260 908 erpo
274 839 338 895 siue
350 856 504 898 ostermare
513 844 549 901 de
564 848 686 904 correiiio
701 849 864 908 medicine.

105 946 139 1000 Et
149 944 226 1000 benc
241 946 282 1002 ait
297 966 302 1002 :
318 947 425 1004 Nolens
440 949 470 1005 in
487 953 662 1011 necessitate
690 962 823 1026 cogatur,
852 975 903 1015 vo-

68 1033 180 1089 lensex
192 1034 353 1106 cupiditate
373 1038 563 1113 reprimatur,
576 1042 629 1114 qui
650 1046 818 1103 necessitati
839 1064 901 1105 non

69 1122 223 1194 cupiditati
239 1124 444 1182 obediendum
459 1133 512 1186 est.
543 1135 615 1188 lam
630 1133 795 1206 aliqnando
810 1138 901 1195 etiam

68 1213 92 1267 si
106 1217 224 1282 noceat,
241 1214 386 1286 prodesse
402 1218 543 1291 creditur,
559 1221 641 1293 quod
661 1223 798 1282 delectat.
827 1229 900 1283 Ecce

67 1317 162 1374 quare
190 1302 282 1358 homo
307 1321 368 1359 susa
394 1306 548 1379 cupiditati
571 1309 693 1368 obedire
714 1328 776 1368 non
799 1312 897 1383 debet,

66 1392 139 1465 quia
167 1408 246 1465 sape
268 1393 309 1449 sic
334 1394 398 1468 ipse
429 1414 484 1454 sua
499 1399 661 1472 cupiditate
682 1403 838 1476 decipitur,
866 1411 898 1464 ut

67 1482 170 1538 credat
182 1482 213 1538 id
226 1483 283 1538 sibi
297 1485 452 1557 prodesse,
466 1490 549 1560 qaod
564 1495 660 1548 nocet.
680 1493 725 1549 Sic
744 1493 818 1551 fallit
842 1496 897 1553 ho·

66 1572 164 1628 mines
187 1574 268 1629 mala
282 1575 449 1647 cupiditas;
467 1578 507 1634 sie
537 1580 660 1638 simulat
682 1583 798 1641 bonum
819 1603 894 1658 esse,

66 1662 150 1734 quod
164 1663 280 1719 malum
296 1669 339 1720 est
354 1670 382 1721 et
407 1667 609 1739 perniciosum
624 1675 677 1727 est.
703 1676 775 1730 Ecce
800 1692 894 1747 qnare

67 1751 142 1808 adeo
172 1752 320 1809 damnant
347 1756 540 1828 cupiditatem
563 1776 654 1816 sacrae
671 1763 839 1836 Scriptura,
867 1770 896 1824 et

66 1842 219 1898 carnalem
234 1843 471 1917 delectationem,
487 1849 559 1921 quia
574 1850 613 1907 ad
631 1856 757 1910 mortem
774 1856 895 1912 trahunt

65 1931 202 1988 homines
215 1932 289 1989 dnm
304 1935 360 2007 ipsi
376 1937 521 1995 nesciunt.

101 2022 273 2093 Aliquando
288 2027 377 2082 etiam
403 2028 430 2082 si
452 2036 567 2100 noceat,
591 2033 732 2100 prodesse
759 2036 895 2092 creditur

66 2112 145 2182 qttoti
154 2112 291 2170 delectu.

101 2207 160 2265 Sed
171 2209 257 2280 juxta
271 2214 405 2285 Apostoli
420 2231 526 2273 vacem
543 2223 659 2292 oportet
672 2236 728 2276 nos
743 2222 893 2280 abstinere

65 2314 83 2352 a
112 2299 284 2356 carnalibus
314 2302 478 2374 desideriis,
504 2323 571 2378 quse
596 2308 723 2365 militant
750 2311 893 2368 adversus

65 2389 210 2456 animam,
231 2391 302 2462 quia
317 2408 388 2449 earo
409 2396 532 2466 quidem
548 2399 734 2471 concupiscit
746 2400 891 2458 adversus

64 2478 211 2552 spiritum.
230 2481 286 2536 Sed
310 2498 362 2555 per
377 2483 568 2558 disciplinam
584 2487 705 2559 spiritus
729 2490 893 2563 reprimen-

62 2568 101 2624 da
128 2572 173 2624 est
198 2571 442 2645 concupiscentia
462 2575 571 2631 carnis.
591 2578 647 2633 Sed
675 2583 744 2636 sunt
767 2581 891 2652 quldam

61 2659 113 2731 qni
140 2658 269 2728 rigorem
298 2663 442 2735 spiritus;
469 2664 518 2721 alii
537 2667 590 2738 qui
610 2668 765 2725 mollitiem
793 2672 892 2727 carnis

61 2763 154 2820 snpra
181 2749 308 2805 modum
335 2756 494 2808 sectantur.
532 2753 573 2809 lili
598 2756 672 2812 dum
703 2759 891 2830 spiritualiter

59 2837 158 2894 vivere
172 2841 327 2911 appetunt,
343 2840 507 2914 aliquando
522 2859 592 2899 cnm
615 2845 703 2917 vitiis,
726 2851 754 2902 ct
768 2865 890 2906 carnem

60 2927 263 2999 exstinguunt.
281 2929 337 2985 Sed
351 2931 509 2988 sciendum
524 2938 569 2989 est
581 2934 654 3006 quia
666 2936 770 3005 virtus,
787 2938 811 2993 si
826 2955 890 2995 mo-

59 3016 134 3072 dum
149 3032 210 3072 non
224 3017 345 3088 habeat,
360 3019 392 3075 in
418 3020 523 3077 vitium
543 3023 672 3081 vertitur.
695 3025 736 3081 llli
751 3043 823 3082 vero
837 3029 889 3101 qui
911 3000 931 3057 C

59 3105 217 3163 carnaliter
230 3107 335 3164 volunt
350 3108 458 3173 vivere,
482 3125 551 3166 curn
576 3128 649 3169 cura
674 3114 803 3172 carnalis
827 3122 889 3174 stu-

59 3196 130 3253 dent
142 3200 171 3252 et
184 3196 306 3269 propria
329 3197 479 3256 desideria
503 3202 624 3258 nutrire.
654 3205 813 3262 ponendus
846 3211 890 3264 est

57 3284 147 3354 igitur
176 3286 332 3360 utriusque
358 3289 479 3359 modus,
502 3296 529 3346 et
553 3293 680 3362 cogendi
699 3300 769 3351 sunt
790 3296 829 3352 illi
845 3297 888 3354 fa-

59 3390 135 3443 cere,
158 3376 240 3447 quod
264 3376 437 3433 iaciendum
462 3383 516 3449 est,
545 3396 600 3453 pro
626 3382 729 3439 salute.
758 3385 790 3441 lli
817 3401 888 3442 vero

58 3464 241 3536 reprimendi
256 3470 324 3521 sunt
340 3483 378 3522 nc
393 3466 504 3524 iaciant
532 3471 615 3543 quod
635 3472 792 3530 carnaliter
819 3491 889 3530 con·

58 3552 225 3624 capisennt.
243 3552 329 3611 Salus
348 3555 472 3627 quidem
497 3561 630 3631 corporis
645 3560 684 3616 ad
699 3562 887 3619 serviendum

59 3644 117 3697 lleo
138 3643 286 3698 servande
312 3648 378 3711 est;
404 3646 552 3718 cupiditas
570 3665 642 3704 uero
668 3650 765 3706 carnis
780 3653 888 3707 exstin-

58 3732 180 3801 guenda
204 3736 257 3789 est.
288 3737 320 3790 Et
352 3735 424 3807 quia
458 3736 495 3793 de
525 3739 684 3796 manifesta
716 3740 887 3799 infirmitate

56 3820 175 3876 locutus
190 3825 246 3891 est,
261 3822 298 3877 de
311 3823 412 3899 latenti
426 3825 528 3884 dolore
545 3827 710 3900 subjungit,
726 3830 828 3887 dicens
843 3850 849 3887 :

957 650 1106 708 habentur
1126 671 1163 710 ne
1190 654 1261 710 mali
1287 655 1354 711 sint.
1381 655 1437 713 Sed
1465 655 1489 710 si
1517 660 1622 714 nostra
1646 657 1706 717 vita
1723 657 1788 717 sina

958 742 1131 813 suspicione
1142 743 1265 815 coeperit
1279 760 1343 801 esse
1357 743 1449 812 bona,
1467 761 1539 800 mox
1561 745 1655 802 verba
1684 752 1788 806 nostro

958 827 1022 884 sine
1033 828 1219 887 dubitatione
1231 831 1389 888 credentur
1401 849 1465 888 csse
1478 849 1559 890 vera.
1573 834 1691 900 Quanto
1704 835 1788 909 quis-

957 931 1015 988 que
1044 918 1145 975 minus
1172 918 1271 975 bonus
1298 924 1351 983 est,
1370 924 1452 976 tanto
1476 923 1576 978 minus
1592 923 1617 978 ei
1633 922 1785 994 creditum

957 1010 1070 1077 quanto
1086 1007 1208 1080 coperit
1222 1022 1286 1064 csse
1303 1007 1478 1081 religiosior,
1501 1013 1583 1067 tanto
1594 1011 1695 1068 verbis
1721 1012 1786 1084 ejus

956 1094 1055 1165 major
1067 1095 1143 1150 tides
1156 1100 1326 1168 praestatur.
1342 1096 1398 1153 Sed
1408 1097 1481 1171 quia
1495 1097 1674 1155 infirmitatis
1685 1114 1787 1156 neces·

955 1181 1027 1237 sitas
1043 1183 1207 1256 aliquando
1221 1185 1334 1258 appetit
1348 1201 1394 1256 ea,
1414 1187 1549 1260 quaesibi
1564 1186 1622 1260 ipsi
1632 1192 1702 1244 sunt
1715 1203 1785 1246 con·

954 1271 1054 1341 traria,
1066 1272 1133 1329 ideo
1150 1274 1288 1346 adjungit
1304 1292 1310 1331 :

989 1363 1050 1419 Sed
1064 1369 1162 1420 taenea
1178 1369 1280 1420 atrurn
1302 1366 1439 1423 sanando
1453 1366 1504 1423 itti
1516 1365 1624 1437 dolori,
1643 1365 1725 1437 quod
1737 1365 1785 1423 de·

954 1452 1044 1508 lectat
1058 1453 1207 1522 cupediae,
1224 1455 1251 1509 si
1264 1470 1323 1510 reon
1338 1460 1380 1511 est
1395 1460 1517 1523 eertum,
1530 1454 1661 1512 medicus
1679 1470 1784 1512 cousu-

953 1541 1045 1598 tatur.

916 1643 937 1697 Β
991 1628 1180 1686 Crctlendum
1196 1633 1241 1686 ost
1255 1646 1358 1687 eorum
1374 1629 1484 1699 verbis
1498 1647 1552 1687 nec
1568 1637 1668 1688 tamen
1683 1632 1783 1689 statim

952 1719 1207 1791 acquiescendum
1235 1724 1279 1776 est
1304 1736 1409 1776 eornm
1424 1718 1591 1789 desideriis,
1615 1721 1782 1778 nemetia-

951 1808 1050 1864 mulos
1067 1809 1117 1864 [lei
1143 1809 1243 1866 illicita
1263 1813 1376 1866 tentant
1402 1809 1550 1866 desideria
1565 1829 1571 1877 3
1588 1826 1659 1881 ergo
1674 1809 1697 1865 si
1719 1826 1782 1869 non

951 1901 997 1952 est
1008 1902 1132 1969 eertum,
1150 1898 1285 1954 medicus
1299 1896 1482 1954 consulatur.
1498 1899 1652 1964 Quaeratnr
1666 1897 1714 1955 ille
1728 1898 1781 1973 qui

951 1986 988 2042 de
1016 1986 1127 2042 incerto
1153 1985 1243 2042 iaciat
1267 1990 1391 2041 certum.
1408 1989 1465 2040 Nec
1479 1986 1589 2042 mirum
1603 1985 1628 2040 si
1647 1985 1781 2043 medico·

950 2091 1017 2130 rum
1034 2073 1158 2130 consilia
1183 2074 1357 2147 atterimus,
1372 2088 1441 2128 cnm
1458 2071 1630 2145 apostolum
1653 2071 1779 2129 Paulum

951 2163 1074 2220 consilio
1089 2162 1246 2219 medicinae
1261 2178 1350 2218 nsum
1366 2161 1456 2217 inisse
1477 2160 1624 2230 legamus.
1637 2163 1713 2217 Nam
1725 2176 1780 2234 per

950 2250 1114 2322 Epistolam
1141 2266 1229 2306 suam
1259 2248 1408 2323 Discipulo
1437 2265 1492 2304 suo
1510 2248 1663 2307 Timotheo
1677 2249 1779 2322 praeci·
1864 2312 1869 2321 ,

949 2337 992 2410 pit
1006 2338 1109 2394 «licens
1124 2357 1130 2392 :
1148 2340 1265 2395 liodico
1280 2340 1349 2395 uiuo
1361 2344 1443 2394 utere
1454 2344 1579 2409 propter
1592 2337 1778 2395 stomachum

949 2432 975 2482 et
988 2428 1160 2498 frequentes
1177 2433 1244 2484 tuas
1255 2428 1447 2498 infirmitates
1464 2428 1491 2498 (l
1508 2426 1581 2482 Tim.
1598 2425 1637 2497 r).
1653 2429 1677 2482 Α
1702 2425 1780 2495 rigo·

948 2532 978 2571 re
992 2532 1062 2586 ergo
1078 2516 1266 2572 alistinontire
1281 2516 1429 2572 discretus
1443 2514 1778 2590 magisterdiscipulum

948 2610 1109 2678 temperat,
1138 2621 1174 2661 ne
1204 2606 1314 2662 seilicet
1339 2605 1544 2678 frequentibus
1583 2603 1777 2677 passionibus

947 2694 1058 2751 tractus
1077 2694 1187 2754 abono
1202 2694 1423 2768 praedicationis
1443 2694 1643 2764 elanguescat.
1660 2695 1777 2749 Bonum

947 2784 1060 2857 quippe
1073 2789 1137 2839 erut
1151 2788 1183 2839 ut
1194 2783 1359 2857 discipulus
1372 2798 1408 2838 ex
1427 2781 1597 2839 infirmitate
1624 2780 1776 2855 patientiae

947 2874 1078 2930 fraretum
1103 2874 1249 2941 redderet,
1279 2873 1330 2929 sed
1367 2871 1467 2928 utilius
1498 2888 1563 2928 esse
1598 2869 1777 2944 providebat

946 2963 1106 3036 Apostolus
1123 2962 1147 3017 si
1166 2979 1223 3017 nsn
1236 2962 1392 3018 medicinae
1421 2959 1642 3035 aliquantulum
1665 2975 1775 3018 conva-

946 3051 1060 3107 lescens
1075 3051 1192 3107 animas
1208 3053 1267 3106 lleo
1277 3049 1471 3106 lucrifaceret.
1483 3051 1523 3104 Ex
1538 3047 1662 3104 diversis
1673 3052 1775 3105 autem

945 3139 1033 3195 bonis
1049 3139 1166 3195 utiliora
1179 3138 1317 3208 eligenda
1339 3142 1417 3194 sunt.
1434 3139 1496 3194 Hac
1519 3141 1620 3194 autem
1650 3136 1776 3194 auctori·

944 3232 1002 3284 tate
1018 3227 1080 3285 tnlti
1092 3228 1130 3284 ad
1150 3227 1214 3285 haec
1229 3227 1411 3283 medicinam
1425 3226 1612 3301 corporalem
1640 3241 1775 3301 quaerera

944 3317 1101 3387 debemus,
1118 3315 1231 3373 atinde
1243 3317 1390 3389 majorem
1405 3314 1536 3373 fructum
1552 3314 1679 3373 Domino
1700 3313 1774 3372 reto-

942 3423 1055 3464 ramus.

978 3515 1039 3570 Nec
1053 3519 1122 3571 eant
1135 3514 1175 3573 ad
1189 3513 1306 3580 battua,
1322 3514 1386 3569 siue
1398 3527 1575 3584 quoeunque
1589 3512 1634 3568 ire
1660 3525 1775 3570 necesse

941 3604 1046 3674 scierit,
1062 3605 1160 3659 minus
1174 3617 1264 3675 quam
1278 3602 1336 3657 duo
1349 3602 1476 3657 veltres.

978 3691 1193 3747 Prouideamus
1209 3689 1296 3758 tona,
1311 3687 1351 3743 ait
1378 3684 1549 3759 Apostolus,
1574 3701 1635 3741 uon
1655 3690 1772 3743 tuntum

943 3794 1043 3835 coram
1058 3778 1129 3843 Deo,
1143 3776 1295 3832 sedetiam
1320 3789 1421 3830 aarum
1444 3772 1578 3830 omuibus
1603 3773 1772 3830 homiuibus

942 3868 988 3939 (ii
999 3869 1066 3924 Cor.
1081 3869 1155 3930 vui).
1172 3867 1293 3938 Propter
1302 3879 1358 3919 nos
1373 3861 1554 3919 conscientia
1566 3864 1647 3919 bona
1661 3860 1770 3921 sufficit

92 3928 265 3998 Derriqucsi
284 3928 378 3985 latens
390 3936 432 3986 ³8!
448 3932 673 4002 d010tts⁰mttl⁰
697 3935 753 3992 Μ’
777 3936 889 3994 diffinis
941 3956 1040 4023 nobis,
1056 3957 1177 4027 propter
1200 3952 1274 4009 alios
1300 3952 1495 4008 iamanostra
1510 3965 1572 4006 non
1586 3949 1690 4025 pollui,
1716 3950 1769 4007 sed

56 4017 130 4089 quid
144 4016 200 4072 tihi
216 4016 325 4087 ἅθῖθαῖ,
342 4021 404 4076 siae
419 4020 605 4080 (ἱᾶθῖῑαῖῑθηθ
618 4023 769 4082 credatur·
941 4044 1052 4119 pollere
1069 4042 1158 4099 debet
1170 4039 1309 4098 innubis.
1326 4039 1381 4108 Qui
1396 4039 1492 4097 fidens
1506 4039 1694 4097 conscientie
1710 4055 1772 4097 sure

90 4126 160 4180 iure
189 4125 268 4181 enim
296 4127 464 4185 credendus
479 4134 532 4197 est,
549 4131 673 4204 quidem
689 4131 885 4205 bonimores‚
940 4132 1064 4204 negligit
1083 4131 1197 4189 lamam
1227 4146 1324 4199 suam,
1352 4126 1479 4184 erudelis
1506 4130 1560 4198 est,
1585 4127 1717 4185 maxime
1740 4127 1772 4186 in

55 4218 83 4270 et
99 4214 286 4271 conversatio
302 4221 405 4272 sancta
421 4216 569 4277 famulum
589 4220 639 4276 liei
655 4236 720 4279 esse
736 4239 887 4281 commen·
940 4224 997 4280 hoc
1012 4222 1078 4280 loco
1094 4220 1219 4294 positus,
1230 4217 1267 4274 <le
1282 4234 1343 4291 (1¹10
1359 4217 1430 4273 (11⁰st
1456 4215 1610 4289 aP⁰Si⁰¹¹¹⁸
1635 4215 1770 4273 Sssfibens

54 4300 137 4358 dant.
153 4303 308 4363 Nonenim
338 4321 375 4362 ex
400 4323 451 4364 ore
478 4308 666 4382 loquentium
697 4313 886 4382 cognoscitur
902 4356 925 4410 D
941 4313 980 4369 ad
1002 4310 1204 4383 discipulum:
1233 4308 1322 4365 Circa
1351 4320 1449 4362 omnes
1477 4306 1603 4374 teipsum
1628 4304 1771 4361 bononem

54 4391 163 4446 veritas
179 4396 231 4450 aut
245 4391 368 4465 falsitas,
383 4397 467 4454 seda
485 4397 631 4457 fructibus
647 4416 752 4457 eornm
776 4418 886 4473 cogno·
940 4418 1062 4474 operum
1074 4398 1172 4468 arabe
1186 4398 1354 4467 coemptum
1366 4396 1433 4468 (Tit-
1451 4397 1491 4462 a).
1516 4395 1629 4448 Rursus
1645 4391 1716 4450 alibi
1730 4392 1773 4449 di·

54 4479 218 4549 metiscus,
233 4481 304 4539 dicit
319 4485 472 4543 llominus.
493 4489 557 4543 Non
583 4492 652 4544 sunt
666 4489 797 4563 fallaces,
824 4508 886 4549 non
940 4491 998 4548 cit:
1014 4492 1176 4557 Speculum
1191 4490 1269 4560 sacti
1281 4504 1383 4544 sumus
1406 4487 1518 4543 mundo
1542 4490 1569 4544 et
1600 4485 1716 4556 angelis
1744 4489 1773 4542 et

53 4573 125 4626 sunt
150 4569 304 4643 duplices;
326 4590 388 4630 non
413 4579 482 4631 sunt
498 4592 533 4631 ex
558 4575 624 4643 illis,
652 4577 704 4649 qui
734 4578 764 4635 in
785 4581 884 4647 corde,
941 4580 1117 4637 horninibus.
1138 4579 1195 4646 Qui
1208 4594 1260 4635 uos
1276 4581 1379 4635 aruaut
1395 4581 1537 4649 quadrat
1552 4574 1626 4651 quid
1640 4574 1672 4631 iu
1687 4572 1771 4630 uoto

54 4663 83 4714 ct
100 4675 151 4715 ore
165 4659 256 4717 locuti
275 4666 344 4719 sunt
370 4664 454 4721 falsa.
472 4665 586 4722 Famuli
610 4664 659 4721 liei
688 4667 792 4739 quales
817 4674 886 4726 sunt
942 4669 1076 4736 madeat,
1092 4669 1145 4739 qui
1159 4683 1228 4723 vera
1244 4682 1297 4722 uos
1313 4666 1418 4721 odiunt
1432 4664 1598 4721 detrabunt
1611 4661 1770 4719 uetustos

53 4746 84 4803 in
109 4747 210 4817 corde,
235 4749 307 4807 tales
332 4756 402 4809 sunt
425 4753 531 4811 inore.
559 4754 712 4811 Bonasita
727 4754 818 4812 tidem
833 4756 886 4812 dat
940 4759 1086 4814 autemut
1108 4762 1234 4826 utroque
1256 4755 1352 4810 medio
1368 4753 1523 4808 constituti
1539 4750 1770 4820 aduocateDo

52 4836 163 4894 verbis.
191 4837 266 4897 Mala
292 4839 355 4898 vita
379 4841 470 4900 etiam
498 4843 597 4917 ipsam
633 4843 788 4901 veritatem
815 4844 887 4902 iacit
939 4843 1019 4899 mireo
1035 4848 1137 4898 nostro
1151 4844 1220 4898 Jesu
1236 4841 1368 4907 Christo,
1385 4845 1411 4897 et
1431 4841 1564 4895 vitamet
1589 4839 1704 4908 samam
1718 4853 1770 4895 uo·

52 4941 118 4982 esse
147 4926 334 4999 ambiguam.
364 4930 431 4988 Sine
458 4932 644 4991 dubitatione
673 4949 744 5003 ergo
764 4933 887 4991 credan-

51 5018 100 5071 tur
114 5015 167 5088 qui
192 5017 255 5074 sine
278 5019 465 5078 dubitatione
494 5028 564 5079 sunt
576 5022 659 5079 boni.
676 5023 740 5080 Alio
767 5023 883 5080 modo:

53 5105 82 5161 Si
97 5104 193 5162 latens
209 5112 253 5165 est
266 5109 362 5179 dolor,
379 5111 442 5167 sine
458 5111 643 5170 dubitatione
671 5112 817 5170 credatur.
835 5115 886 5170 Fa·

49 5192 153 5249 mulus
166 5194 247 5251 enim
263 5197 312 5252 llei
327 5197 411 5254 timet
425 5200 518 5255 ocum
533 5199 685 5257 offendere
701 5215 763 5256 non
786 5199 884 5259 solum

49 5281 81 5337 in
97 5297 198 5356 opere,
211 5285 263 5341 sed
279 5285 369 5343 etiam
379 5286 410 5341 in
431 5302 578 5345 sermone.
595 5288 678 5345 Tales
692 5304 748 5344 nos
761 5287 883 5345 exhibe-

48 5386 81 5427 re
96 5370 254 5440 debemus,
270 5377 302 5429 ut
314 5374 464 5448 quidquid
492 5373 655 5433 (tixerimns
681 5376 744 5432 sine
766 5375 883 5432 dubita-

47 5460 880 5536 tionecredatur.Vitadebetcommendarrcsermonem,

47 5553 78 5605 et
115 5564 210 5621 opera
235 5549 318 5611 bona
348 5552 553 5610 testimonium
582 5552 739 5626 perhibere
766 5553 883 5613 veritati

48 5638 128 5695 sicut
156 5638 292 5697 Salvator
315 5645 416 5699 noster
441 5642 478 5701 de
507 5658 537 5698 sc
563 5640 657 5699 dicit:
682 5641 805 5701 Simitti
819 5659 880 5701 uon

939 4934 1033 4987 stram
1048 4932 1090 4986 sic
1106 4931 1255 4987 custodire
1272 4928 1420 5001 debemus,
1437 4933 1470 4983 ut
1487 4943 1547 4984 aaa
1563 4926 1768 4985 erubescamus

939 5019 1190 5075 auetrcetortous
1217 5019 1348 5076 landari.
1379 5016 1473 5074 Simul
1499 5031 1570 5087 ergo
1595 5015 1637 5073 ire
1657 5015 1769 5075 debent

938 5107 1000 5164 duo
1016 5107 1062 5164 vol
1075 5112 1144 5177 tres,
1157 5112 1185 5163 et
1200 5113 1321 5181 propter
1337 5106 1475 5163 solatium
1488 5111 1516 5163 et
1536 5109 1657 5180 propter
1677 5104 1767 5162 bona

937 5196 1026 5253 lamec
1042 5194 1256 5252 testimonium.
1271 5194 1353 5251 Unde
1365 5195 1507 5254 Salomon
1521 5195 1562 5252 ait
1576 5213 1582 5251 :
1597 5196 1646 5251 Voe
1659 5192 1726 5261 soli,
1740 5191 1767 5247 si

938 5286 1074 5343 ceciderit
1088 5301 1149 5341 aaa
1160 5286 1247 5342 tabet
1260 5284 1485 5357 subleuantem;
1510 5285 1536 5341 si
1549 5281 1664 5353 fuerint
1693 5279 1763 5350 duo,

936 5374 1248 5443 fovebuntururutuo.
1266 5373 1376 5441 (Eecie.
1403 5372 1452 5442 rs).
1479 5374 1555 5426 Bene
1581 5370 1680 5422 autem
1711 5363 1762 5434 ait,

937 5479 1007 5520 curu
1021 5463 1132 5536 quibus
1145 5461 1323 5536 prepositus
1335 5458 1455 5531 jusserit
1466 5457 1508 5513 ire
1530 5454 1629 5525 debet,
1654 5451 1764 5511 scilicet

937 5555 969 5608 ut
988 5552 1145 5624 apraelato
1157 5550 1348 5625 provideatur
1363 5545 1506 5602 securitas
1534 5555 1672 5618 persona
1690 5545 1720 5601 et
1744 5557 1763 5599 a

938 5639 1059 5700 subdito
1070 5644 1203 5699 servetur
1214 5641 1308 5698 antus
1318 5632 1505 5695 obedientiae.
