3742 6082
55 276 114 334 605
546 280 600 337 DE
619 277 907 340 eduennensis,
927 279 1037 339 LIBRI
1053 281 1083 338 Il
1102 279 1201 341 PARS
1215 283 1312 343 XVII.
1712 297 1767 356 606

56 418 127 476 quae
142 418 211 459 cum
223 402 380 458 accesserit
388 404 452 474 jam
462 407 581 460 statura
595 405 731 478 longiore
746 423 882 463 essenon
897 406 924 461 Α
936 407 1001 464 haec
1016 410 1048 464 in
1061 409 1227 483 Scripturis
1250 413 1365 469 sanctis
1389 419 1534 472 secunda
1555 434 1642 476 mors
1661 422 1763 491 (apoc.

55 491 164 565 possit.
181 491 272 546 Hune
288 491 483 563 perfectionis
498 493 622 550 modurn
640 496 812 550 eishabent
827 511 888 551 orn-
941 513 993 567 xx,
1009 498 1073 567 xxi)
1087 499 1207 556 dicitur.
1224 500 1287 556 Nec
1301 502 1401 573 prima
1416 507 1588 576 tamenqua
1601 524 1691 566 suum
1702 527 1764 568 cor·

55 595 122 641 nes.
135 582 171 635 ut
190 595 260 635 cum
281 579 333 635 iilo
351 581 563 651 concipiantur
590 586 682 655 atque
699 587 884 657 nascantur,
939 602 998 659 pus
1013 588 1116 642 anima
1134 588 1305 660 relinquere
1327 591 1455 661 cogitur,
1472 609 1526 649 nec
1548 596 1682 654 secunda
1705 616 1767 671 qua

55 669 110 725 sed
125 669 241 725 habent
255 669 288 723 in
310 669 428 724 ratione
449 686 510 725 non
535 670 567 724 in
596 671 695 740 mode,
716 672 795 728 sicut
818 672 886 744 ipsa
939 674 1057 746 poenale
1073 691 1182 748 corpus
1197 677 1301 732 anima
1313 678 1483 752 relinquere
1499 697 1559 738 non
1575 686 1766 754 permittitur

55 758 196 814 membra
211 759 314 813 omnia
332 759 397 830 jam
412 762 485 814 sunt
498 758 627 815 latentia
641 761 673 815 in
686 761 800 816 semine
815 777 885 816 cum
939 761 1057 818 homini
1077 764 1245 832 accidisset,
1262 765 1288 819 si
1312 781 1400 823 nemo
1421 775 1584 840 peccasset.
1600 772 1766 832 Mitissima

55 848 149 904 etiam
166 848 247 903 natis
263 847 412 903 nonnulle
427 848 527 904 adhuc
540 848 658 918 desint,
682 850 761 906 sicut
780 850 885 906 dentes
940 850 1013 905 sane
1028 851 1165 906 omnium
1182 867 1272 923 poena
1286 854 1344 909 crit
1358 859 1539 929 e01·um‚qui
1563 864 1674 930 praeter
1697 879 1764 936 pec·

54 941 110 994 aut
125 937 153 992 si
168 935 243 1009 quid
257 936 416 1007 eJusmodi.
431 936 467 991 ln
479 953 541 1009 qua
556 938 674 994 ratione
687 939 883 1011 uniusquus·
939 943 1041 995 catum
1057 939 1140 1010 quod
1155 939 1303 1010 originale
1319 943 1489 1013 traxerunt,
1505 947 1624 1004 nullum
1638 949 1766 1024 insuper

52 1040 116 1098 que
136 1025 273 1081 materiae
293 1025 393 1080 indita
408 1025 557 1097 corporali
580 1026 644 1097 jam
660 1026 884 1099 quedammodo
939 1027 1132 1097 addiderunt,
1149 1032 1179 1084 et
1192 1029 1355 1086 incaeteris
1382 1047 1450 1102 quae
1474 1033 1657 1093 addiderunt
1678 1043 1765 1096 tanto

53 1118 89 1172 ut
103 1115 149 1170 ite
162 1115 261 1170 dicam
275 1113 425 1169 lineatum
439 1114 561 1170 videtur
574 1131 640 1171 esse
653 1117 735 1188 quod
748 1117 884 1172 nondum
939 1117 1069 1188 quisque
1088 1116 1129 1171 ibi
1145 1115 1381 1174 tolerabiliorem
1395 1119 1522 1176 habebit
1535 1122 1763 1184 damnationem
1777 1174 1779 1179 .

53 1203 173 1261 estimo
187 1202 270 1276 quod
283 1201 368 1270 latet,
382 1202 435 1257 sed
450 1218 572 1259 accessu
584 1204 730 1276 temporis
745 1204 813 1273 erit,
836 1204 885 1260 vel
939 1208 1055 1275 quanto
1067 1204 1117 1260 hio
1131 1204 1257 1261 habebit
1271 1206 1420 1262 minorem
1431 1208 1636 1280 iniquitatem.

52 1292 160 1364 potius
175 1290 384 1364 apparebitln
399 1290 456 1347 hoc
472 1307 543 1362 ergo
559 1291 663 1347 infans
672 1293 736 1364 jam
750 1295 803 1348 aut
817 1292 884 1348 bre·
957 1292 1031 1349 Cae.
1048 1293 1129 1349 XXI.
1148 1296 1307 1354 Quomodo
1323 1301 1455 1352 terrena
1471 1312 1604 1368 corpora
1620 1302 1656 1356 iu
1671 1305 1747 1359 coelo

53 1381 103 1436 vis
117 1384 172 1437 aut
186 1380 299 1450 longus
314 1383 370 1449 est,
394 1379 448 1452 qui
468 1380 580 1451 longus
596 1380 737 1436 brevisve
760 1381 884 1437 futurus
1259 1386 1447 1440 manebunt.

54 1472 112 1525 est.
130 1468 238 1525 Restat
252 1473 323 1538 'ergo
339 1471 374 1523 ut
385 1484 473 1523 suam
483 1468 610 1540 recipiat
623 1469 754 1540 quisque
765 1483 886 1525 mensu·
973 1469 1101 1526 Necesse
1116 1473 1171 1540 eat,
1187 1471 1276 1526 aiunt
1291 1471 1426 1544 quidam,
1443 1477 1477 1529 ut
1503 1478 1623 1531 terrena
1638 1492 1766 1550 corpora

53 1573 133 1627 ram,
149 1556 271 1630 qualem
286 1556 397 1612 habuit
411 1557 627 1628 injuventute,
641 1558 733 1613 etiarn
750 1557 775 1613 si
791 1573 884 1614 senex
939 1557 1078 1613 naturale
1096 1559 1218 1631 pondus
1240 1558 1289 1614 vel
1303 1559 1336 1614 in
1351 1563 1430 1616 terra
1446 1565 1548 1618 teneat
1562 1563 1610 1620 vel
1625 1569 1713 1636 cogat
1728 1565 1767 1621 ad

55 1648 102 1701 est
116 1648 269 1714 mortuus,
280 1643 329 1699 vel
344 1644 446 1699 fuerat
455 1643 630 1712 habiturus,
646 1643 671 1699 si
687 1647 759 1699 ante
774 1649 819 1699 est
833 1644 883 1700 de·
938 1649 1066 1715 terram,
1081 1649 1110 1702 et
1124 1645 1192 1702 ideo
1205 1647 1237 1702 in
1252 1646 1326 1704 coelo
1342 1664 1407 1704 esse
1431 1665 1493 1706 non
1515 1658 1656 1723 possunt.
1671 1653 1766 1710 Primi

56 1734 232 1802 functus,ut
246 1748 299 1788 nec
315 1730 396 1787 ultra
411 1747 465 1786 nec
480 1731 557 1786 citra
568 1730 736 1803 juvelineur
751 1731 882 1788 formam
898 1757 925 1818 Β
940 1734 1064 1806 quidem
1085 1733 1131 1790 illi
1143 1735 1283 1791 homiues
1302 1736 1335 1791 in
1351 1740 1532 1795 terruerant
1546 1756 1707 1798 nemorose
1722 1747 1767 1799 at·

57 1825 222 1892 resurgant
233 1836 361 1894 corpora
371 1825 573 1889 mortuorum,
589 1819 683 1875 sedin
697 1836 731 1875 ea
746 1824 835 1876 aetate
847 1821 884 1877 de
939 1837 999 1895 que
1011 1823 1169 1877 frustuosa
1188 1839 1257 1894 quae
1283 1823 1419 1896 paradisi
1445 1841 1555 1883 nomen
1576 1829 1721 1900 obtinuit,
1737 1835 1767 1886 et

57 1909 416 1982 roboreusqueadquam
423 1909 579 1965 Christum
591 1909 765 1981 pervenisse
778 1925 884 1981 cogno
937 1910 974 1965 de
992 1909 1179 1982 ponderibus
1204 1909 1424 1967 elementorum
1439 1913 1482 1988 sip
1498 1921 1763 1986 argumentantur.

57 2000 172 2055 vimus.
186 1999 274 2054 Circa
296 1999 424 2070 triginta
441 1998 554 2070 quippe
578 2012 676 2052 annos
700 1996 883 2053 definierunt
937 1997 1089 2064 Quoniam
1104 1997 1218 2053 scibcet
1233 2013 1250 2052 a
1263 1998 1411 2069 magistro
1426 1999 1554 2057 Platone
1566 2002 1740 2062 didicerunt
1756 2022 1763 2060 ε

58 2103 125 2144 esse
140 2086 621 2159 etiamsaeculihujusdoctissimi
632 2085 772 2143 homines
779 2086 886 2157 juven·
937 2086 1046 2142 mundi
1061 2087 1121 2142 duo
1134 2102 1260 2158 corpora
1270 2087 1405 2142 maxima
1420 2091 1512 2161 atque
1527 2095 1681 2164 postrema
1692 2092 1764 2150 duo-

56 2181 167 2247 tutem,
178 2192 246 2249 quoe
261 2191 330 2232 cum
342 2176 434 2232 fuerit
456 2175 555 2247 spatio
572 2174 697 2247 proprio
720 2174 884 2229 terminata
937 2174 996 2230 bus
1010 2174 1138 2230 mediis:
1156 2190 1224 2230 aere
1248 2175 1362 2231 scilicet
1385 2178 1415 2232 et
1437 2192 1519 2250 aqua
1543 2194 1608 2236 esse
1623 2180 1766 2253 copulata

54 2265 127 2322 inde
139 2267 203 2337 jam
218 2264 374 2321 hominem
389 2264 421 2319 in
432 2263 617 2319 detrimenta
630 2277 753 2333 vergere
768 2263 885 2333 gravio
938 2266 1030 2336 atque
1044 2263 1216 2334 conjuncta.
1233 2263 1276 2318 Ac
1286 2278 1340 2335 per
1357 2264 1424 2332 hoc,
1438 2265 1596 2336 inquiunt,
1617 2269 1764 2340 quoniam

55 2356 98 2411 ris
111 2370 147 2410 ac
162 2353 419 2411 sensualisaetatis
435 2369 444 2420 ;
461 2354 491 2407 et
509 2351 577 2407 ideo
602 2366 664 2407 uon
690 2365 756 2406 esse
768 2350 883 2406 dictum
938 2354 1019 2408 terra
1031 2351 1070 2406 ab
1084 2351 1156 2408 hino
1181 2366 1305 2406 sursum
1326 2366 1434 2406 versus
1450 2356 1496 2408 est
1520 2355 1619 2426 prima
1632 2357 1765 2413 secunda

54 2445 87 2500 in
99 2441 422 2514 mensuramoorporis
436 2440 484 2496 vel
498 2441 531 2496 in
549 2455 725 2496 mensuram
744 2441 882 2509 staturae,
939 2455 1020 2512 aqua
1045 2441 1288 2512 superterram,
1315 2439 1425 2495 tertius
1450 2455 1501 2496 aer
1526 2457 1617 2514 super
1643 2459 1766 2517 aquam,

55 2533 109 2590 sed
125 2535 162 2587 iu
176 2546 367 2588 rneueurum
397 2531 506 2586 oetutie
515 2529 743 2598 plenitudinis
764 2528 884 2584 Christi
939 2531 1081 2601 quartam
1095 2542 1294 2600 superserem
1308 2525 1506 2584 coelumNon
1519 2533 1697 2602 potestesse
1708 2537 1767 2589 ter·

57 2622 182 2693 (pree.
197 2621 252 2690 rvi.
938 2632 1047 2673 renum
1066 2631 1175 2688 corpus
1200 2615 1233 2670 iu
1257 2614 1341 2671 coelo.
1363 2615 1528 2673 Momentis
1541 2619 1622 2674 enim
1636 2621 1768 2692 propriis

53 2708 129 2767 Car.
140 2708 222 2765 XIX.
235 2711 323 2770 Quod
335 2722 444 2763 emices
456 2708 492 2761 in
501 2707 615 2761 eadem
628 2709 762 2761 statura
773 2718 882 2759 recur-
938 2707 974 2758 ut
986 2702 1123 2758 ordinem
1132 2718 1223 2757 suum
1236 2706 1361 2758 teneant
1374 2718 1430 2758 sua
1442 2703 1762 2763 elementalibrantur.

88 2803 167 2868 pent
188 2812 288 2867 quum
315 2799 351 2851 iu
369 2796 518 2865 perfectu
541 2797 590 2848 eei
608 2794 757 2859 juvenili
784 2797 881 2847 oetute
938 2789 1014 2847 Ecce
1027 2789 1171 2863 qualibus
1186 2790 1376 2861 argumentis
1396 2790 1625 2863 omnipotentiae
1640 2793 1696 2850 Dei
1709 2794 1766 2851 bu·

90 2888 216 2944 scilicet
232 2886 418 2940 babuerunt
432 2887 482 2939 vel
496 2884 643 2938 babituri
658 2882 808 2950 suerunt.
937 2878 1765 2951 manaeontradicitiniirmitasquampossidetvanites.

89 2974 172 3031 illud
186 2974 269 3046 quod
283 2974 327 3029 ait
349 2971 515 3045 Apostolus
531 2988 537 3026 ε
552 2968 790 3026 Proedestinatos
811 2982 883 3023 con·
973 2967 1052 3033 Quid
1064 2984 1135 3039 ergo
1150 2967 1268 3023 faciunt
1286 2966 1318 3021 in
1334 2981 1402 3022 aere
1427 2969 1547 3022 terrena
1562 2972 1608 3025 tot
1627 2985 1765 3043 corpora,

55 3062 178 3132 formes
203 3063 279 3135 fieri
299 3063 459 3132 imaginis
484 3061 567 3114 Filii
588 3060 645 3113 Dei
676 3056 777 3127 (Rom.
802 3053 882 3125 vui),
898 3077 921 3136 0
940 3072 1009 3111 cum
1025 3073 1043 3110 a
1059 3061 1138 3113 terra
1152 3055 1193 3111 sit
1208 3070 1259 3110 aer
1273 3054 1392 3124 tertius,
1408 3054 1468 3111 nisi
1481 3055 1559 3113 forte
1569 3059 1623 3130 qui
1636 3075 1691 3132 per
1703 3059 1768 3132 plu·

55 3154 157 3225 potest
183 3151 227 3207 sic
251 3150 358 3222 accipi,
383 3153 418 3206 ut
443 3145 700 3221 quemadmodum
724 3143 814 3200 nobis
832 3142 884 3199 ille
939 3161 1061 3201 marum
1081 3148 1112 3200 et
1129 3159 1300 3217 pennarum
1321 3142 1479 3222 levitatem
1507 3144 1634 3202 donavit
1662 3148 1767 3204 avium

55 3239 254 3309 mortalitate,
269 3240 313 3294 ita
329 3254 385 3294 nos
400 3237 444 3293 illi
466 3237 633 3292 efficiamur
652 3231 885 3289 immortalitate
939 3235 1069 3290 terrenis
1083 3233 1263 3307 corporibus
1277 3236 1313 3288 ut
1329 3234 1489 3305 portentur
1502 3233 1535 3288 in
1550 3249 1629 3304 aere,
1643 3235 1767 3293 immor·

55 3329 236 3385 conformes.
252 3327 284 3382 Si
299 3330 401 3382 autem
414 3327 446 3381 iu
461 3325 511 3380 his
531 3323 634 3379 verbis
649 3337 712 3394 qua
725 3320 825 3376 forma
840 3335 884 3375 re·
940 3323 1055 3378 talibus
1074 3323 1165 3378 factis
1190 3321 1369 3394 corporibus
1397 3321 1557 3378 hominum
1573 3337 1635 3379 non
1657 3308 1769 3397 poterit

55 3421 231 3492 surrectura
246 3417 308 3472 sint
318 3430 445 3488 corpora
457 3427 565 3469 sumus
574 3410 734 3479 admoniti,
742 3410 820 3466 sicut
832 3407 886 3463 illa
940 3411 1053 3468 donare
1065 3411 1211 3467 virtutem
1227 3426 1289 3483 qua
1303 3411 1335 3465 in
1351 3409 1426 3466 coelo
1442 3411 1535 3466 etiarn
1547 3413 1668 3483 possint
1682 3412 1769 3470 babi-

55 3521 210 3575 mensura,
224 3505 269 3561 ita
283 3508 313 3560 et
326 3505 386 3559 ista
400 3501 601 3559 conformatio
616 3515 679 3555 non
694 3497 880 3570 quantitatis
940 3504 1023 3557 tare:
1044 3515 1115 3555 nam
1131 3515 1200 3554 curn
1216 3504 1406 3555 terrenorum
1417 3514 1577 3571 corporum
1590 3501 1771 3557 sicutonera

55 3594 255 3667 intelligenda
267 3597 323 3663 est,
332 3593 386 3649 sed
397 3592 508 3648 aetatis.
522 3589 695 3661 Resurgent
708 3588 814 3660 itaque
825 3601 887 3641 om·
940 3588 1088 3660 gestando
1108 3587 1220 3642 sentire
1242 3586 1458 3654 consuevinus,
1473 3588 1590 3657 quanto
1609 3587 1707 3658 major
1723 3592 1770 3643 est

56 3701 110 3743 nes
125 3689 191 3741 tam
205 3683 310 3754 magni
322 3696 446 3754 corpore
458 3695 552 3753 quam
563 3678 612 3735 vel
626 3681 713 3734 erant
724 3675 773 3732 vel
788 3675 885 3730 futuri
941 3676 1100 3749 quantitas
1113 3677 1200 3729 tanto
1209 3674 1307 3745 major
1320 3676 1349 3727 et
1358 3673 1504 3743 gravitus3
1516 3674 1618 3728 tamen
1632 3674 1770 3751 membra

56 3780 144 3832 eraut
157 3774 288 3847 juvenili
310 3776 409 3829 atate.
425 3771 457 3827 Si
472 3770 543 3843 quis
558 3783 630 3824 vero
650 3768 682 3823 in
698 3781 733 3822 eo
748 3763 884 3836 eorporis
942 3780 1006 3820 suae
1022 3763 1123 3818 carnis
1142 3761 1257 3817 leviora
1269 3762 1372 3833 portat
1391 3760 1494 3816 anima
1508 3775 1577 3816 cum
1592 3761 1626 3816 in
1638 3763 1769 3820 sanitate

56 3864 148 3921 modo
161 3865 195 3919 iu
209 3877 270 3935 quo
286 3861 447 3917 defunctus
460 3860 766 3928 est‚resurrecturum
777 3866 886 3908 unum·
940 3853 1069 3908 robusta
1083 3854 1166 3918 sunt,
1180 3864 1273 3922 quam
1285 3849 1319 3905 in
1331 3847 1479 3919 languore
1490 3863 1559 3903 cum
1570 3864 1673 3906 maora
1683 3854 1766 3910 suut.

57 3966 211 4026 quemque
232 3949 398 4017 contendit,
423 3963 485 4003 non
500 3951 546 4002 est
571 3960 640 4001 cum
661 3943 713 3999 illo
732 3941 886 3998 laboriosa
940 3940 980 3996 Et
994 3956 1063 3997 cnm
1078 3938 1147 3995 aliis
1162 3937 1357 4009 gestantibus
1371 3937 1528 3994 onerosior
1552 3938 1593 3994 sit
1620 3931 1720 3996 salvis
1739 3946 1769 3998 et

57 4039 300 4098 contradictione
312 4036 523 4109 pugnandum.
939 4029 1062 4087 validus
1076 4043 1170 4101 quam
1185 4026 1273 4082 exilis
1286 4030 1316 4083 et
1329 4024 1505 4095 morbidus;
1526 4026 1592 4099 ipse
1612 4031 1714 4085 tamen
1730 4028 1769 4085 ad

72 4129 148 4186 Cur.
164 4128 231 4184 XX.
255 4130 368 4183 Utrum
384 4125 510 4194 reprobi
522 4138 597 4179 cum
613 4123 706 4177 uitiis
719 4123 865 4188 surgent.
941 4132 1151 4189 suumoorpus
1161 4115 1347 4172 movendum
1359 4117 1387 4170 et
1400 4115 1585 4188 portandum
1600 4116 1709 4187 agilior
1722 4120 1769 4174 est

88 4217 271 4289 Quicunque
284 4230 356 4271 vero
371 4214 409 4269 ab
426 4214 480 4268 illa
494 4211 675 4286 perditionis
698 4223 801 4265 massa
816 4223 885 4279 quae
940 4221 1010 4263 cum
1024 4206 1058 4261 iu
1072 4205 1154 4261 bona
1165 4203 1340 4260 valetudine
1353 4202 1421 4276 plus
1443 4204 1536 4259 habet
1556 4203 1657 4273 molis,
1673 4221 1768 4276 quam

56 4306 137 4363 facta
158 4310 206 4361 est
230 4320 284 4378 per
302 4303 457 4360 bominem
481 4302 616 4374 primum
632 4315 694 4355 non
714 4298 886 4354 liberantur
941 4312 1010 4354 cum
1020 4295 1053 4351 in
1063 4296 1147 4366 peste
1160 4292 1208 4348 vel
1221 4293 1301 4347 fame
1316 4291 1479 4347 minimum
1492 4292 1618 4348 roboris.
1632 4293 1767 4352 Tantum

56 4408 219 4466 perunum
229 4393 427 4450 mediatorem
439 4392 494 4447 Dei
505 4394 535 4447 et
544 4389 716 4456 bominum,
726 4386 886 4455 resurgent
900 4420 929 4476 D
940 4384 1022 4442 valet
1031 4382 1123 4437 etiarn
1138 4379 1329 4436 inhabendis
1341 4380 1468 4435 terrenis
1480 4380 1657 4452 corporibus
1666 4398 1770 4454 quam·

56 4484 181 4556 quidem
195 4484 289 4540 etiam
304 4485 363 4556 ipsi
387 4482 601 4555 unusquisque
622 4495 691 4536 cum
713 4492 769 4533 sua
783 4491 885 4541 carne,
940 4473 988 4528 vis
1010 4470 1110 4526 adhue
1130 4467 1382 4542 corruptibilibus
1402 4471 1495 4538 atque
1509 4469 1692 4526 mortalibus
1706 4487 1769 4527 nou

56 4572 109 4628 sed
132 4577 168 4629 ut
190 4587 260 4629 curn
282 4572 403 4629 diabolo
424 4573 535 4643 atejus
560 4568 677 4640 angelis
703 4565 884 4639 puniantur.
941 4559 1126 4634 quantitatis
1137 4557 1269 4631 pondus:
1283 4556 1336 4613 sed
1350 4557 1580 4630 temperationis
1594 4558 1713 4617 modus.
1730 4559 1770 4616 ut

56 4659 170 4717 Utrum
197 4675 271 4717 saue
296 4660 355 4733 ipsi
381 4676 452 4716 cum
475 4660 560 4715 vitiis
586 4662 615 4714 et
639 4652 887 4712 deformitatibus
941 4650 1012 4721 quis
1022 4649 1124 4704 verbis
1136 4645 1266 4719 explicet
1279 4649 1430 4716 quantum
1441 4645 1536 4701 distat
1547 4646 1766 4722 interpraesen-

56 4763 185 4806 suorum
219 4763 379 4822 corpourm
410 4751 597 4818 resurgant,
628 4756 818 4817 quacunque
856 4740 889 4795 in
941 4742 1003 4794 tem
1019 4752 1112 4809 quern
1131 4735 1262 4791 dicimus
1278 4733 1440 4787 sanitatem
1454 4736 1483 4787 et
1504 4734 1769 4794 immortalitatem

57 4836 101 4891 eis
129 4835 282 4891 deformia
316 4840 346 4891 et
375 4835 488 4891 vitiosa
525 4833 665 4888 membra
692 4830 890 4900 gestaverunt
942 4821 1104 4881 futuram?
1118 4822 1188 4878 Non
1203 4822 1307 4892 itaque
1327 4819 1516 4890 redarguunt
1526 4825 1665 4880 nostram
1678 4825 1769 4884 fidem

55 4924 241 4996 inquirende
254 4924 394 4981 laborare
408 4924 484 4996 quid
496 4939 575 4995 opus
590 4917 657 4977 esti
676 4918 782 4989 Neque
806 4914 888 4969 enim
941 4911 1117 5003 philosophi
1132 4909 1168 4964 de.
1183 4923 1344 4980 corporum
1357 4907 1555 4979 ponderibus.
1568 4911 1623 4968 Est
1633 4913 1715 4971 enim
1726 4915 1770 4972 sio

10 5036 12 5073 ;
56 5014 189 5085 fatigare
210 5030 267 5070 nos
289 5014 378 5071 debet
401 5014 519 5069 incerta
540 5027 645 5068 eorum
667 5007 715 5064 vel
739 5003 888 5062 habitudo
941 5002 1015 5058 binc
1029 5014 1153 5056 sursum
1168 5011 1277 5052 versus
1301 4998 1382 5051 terra
1393 4996 1503 5070 prima,
1519 5015 1610 5073 aqua,
1624 5003 1768 5074 secunda,

10 5114 12 5125 ·
56 5101 107 5158 vel
122 5103 322 5176 pulchritudo
334 5119 466 5176 quorum
483 5103 541 5159 erit
555 5105 635 5158 certa
651 5102 681 5155 et
704 5093 890 5166 sempiterna
943 5106 995 5146 aer
1006 5087 1126 5156 tertius,
1142 5085 1252 5142 coelum
1268 5088 1424 5158 quartum,
1439 5090 1474 5142 ut
1488 5103 1581 5161 super
1604 5092 1708 5147 omnia
1729 5093 1769 5148 sit

10 5186 12 5249 i
55 5189 225 5249 damnatio.
239 5193 303 5250 Nee
311 5197 435 5250 moveat
444 5191 598 5265 quomodo
613 5188 671 5244 erit
682 5187 715 5242 in
726 5185 769 5240 eis
779 5195 889 5253 corpus
943 5179 1054 5235 animae
1066 5179 1186 5232 natura.
1204 5175 1284 5231 Nam
1300 5177 1330 5230 et
1352 5176 1531 5232 Aristoteles
1545 5183 1690 5250 quartum
1705 5193 1769 5235 cor·

10 5296 12 5313 ¹
55 5280 301 5355 incorruptibile,
330 5284 356 5338 si
380 5282 482 5338 dolore
508 5279 629 5354 poterit,
656 5280 710 5331 aut
735 5270 888 5346 quomodo
942 5283 1001 5340 pus
1016 5281 1084 5323 eam
1098 5264 1177 5320 dixit
1191 5280 1267 5334 esse,
1283 5267 1313 5320 et
1327 5263 1415 5321 Plato
1428 5265 1559 5321 nullum.
1574 5265 1605 5322 Si
1625 5267 1769 5339 quintum

10 5340 12 5457 J
54 5369 254 5443 corruptibile
269 5371 295 5426 si
308 5386 371 5427 non
384 5371 506 5445 poterit.
519 5370 588 5424 Non
604 5366 685 5422 enim
702 5365 748 5419 est
759 5375 832 5416 vera
843 5360 887 5414 vi·
944 5359 1033 5426 esset,
1046 5357 1126 5411 certe
1143 5354 1284 5428 superius
1298 5357 1378 5409 esset
1393 5354 1520 5410 caeteris.
1533 5353 1609 5410 Cum
1620 5370 1691 5411 vero
1701 5354 1769 5410 nul·

10 5460 12 5489 ¹
55 5458 163 5514 tanisi
180 5457 233 5515 ubi
258 5459 387 5515 feliciter
401 5458 528 5525 vivitur,
545 5471 600 5510 neo
611 5468 685 5509 vera
698 5447 888 5520 incorruptio
942 5446 1008 5502 lum
1023 5447 1079 5514 est,
1095 5442 1304 5513 multomagis
1324 5445 1449 5514 superat
1463 5443 1575 5497 omnia.
1591 5442 1626 5497 In
1650 5446 1770 5501 terreno

54 5546 116 5604 nisi
129 5547 186 5603 ubi
201 5547 286 5604 salus
298 5547 384 5604 nullo
399 5547 503 5603 dolore
528 5543 743 5614 corrumpitur.
761 5537 821 5595 Ubi
835 5553 887 5592 au·
944 5550 1015 5606 ergo
1030 5531 1105 5605 quid
1126 5531 1200 5588 facit
1223 5529 1365 5603 corporei
1379 5531 1412 5585 in
1434 5530 1492 5585 hac
1513 5529 1591 5585 mole
1606 5530 1682 5602 quid
1706 5533 1771 5605 agit

55 5638 117 5691 tem
128 5636 240 5693 infelix
253 5638 332 5693 mori
348 5652 410 5692 non
425 5635 546 5704 sinitur,
561 5635 633 5688 etut
644 5631 688 5686 ita
698 5630 796 5686 dicam
807 5641 889 5683 mors
944 5621 1088 5679 subtilior
1101 5616 1266 5676 omnibus?
1280 5619 1316 5674 In
1331 5618 1389 5674 bac
1410 5616 1543 5689 pondere
1562 5618 1637 5690 quid
1651 5622 1716 5693 egit
1729 5622 1770 5679 le·

57 5723 126 5797 ipsa
140 5739 206 5782 non
223 5726 366 5795 moritur,
381 5730 410 5780 et
425 5725 479 5779 ubi
494 5722 579 5779 dolor
591 5723 758 5794 perpetuus
767 5732 829 5773 uon
843 5716 888 5771 in·
944 5713 1012 5768 vior
1026 5709 1183 5776 omnihus,
1199 5707 1232 5763 in
1246 5705 1303 5761 bec
1318 5704 1464 5761 tarditate
1479 5705 1562 5777 quid
1569 5707 1644 5776 agit
1652 5709 1792 5761 sexen'xer

58 5813 189 5883 terimit,
205 5814 259 5871 sed
272 5814 381 5885 affligit
395 5815 464 5885 ipsa
476 5811 630 5884 corruptio
645 5813 676 5867 et
694 5822 755 5866 non
767 5806 888 5876 fluitur;
945 5795 1104 5858 omnibust
1115 5797 1272 5868 ltaneper
1282 5792 1389 5864 buius
1399 5791 1675 5847 tamexmbenbs
1682 5791 1822 5841 nexum
