3742 6082
49 177 116 230 litto
595 165 640 220 DE
660 157 840 237 CLAUSTRO
858 155 991 217 ANlltAE.
1012 188 1046 199 -
1065 159 1130 216 LlB.
1149 162 1195 219 lv.
1224 218 1227 223 ,
1694 175 1763 245 papo

47 314 85 354 ne
110 294 240 352 elevetur
263 291 427 368 prosperis,
453 306 491 347 ne
512 284 666 358 frangatur
680 281 822 353 adrersis,
838 284 915 340 net
933 282 1094 355 surgendo,
1109 283 1221 343 devita
1235 284 1366 355 conlidi;
1386 290 1588 361 ascendendo,
1616 293 1655 351 da
1679 295 1765 354 eoele·

47 386 86 442 de
100 383 256 459 praeteritis
269 380 379 449 doleat,
390 395 428 436 ne
439 379 478 436 de
488 377 595 435 futuris
602 375 716 450 aliquid
726 373 878 431 sinistrum
932 371 988 428 stis'
997 372 1100 446 patrie
1112 371 1285 432 haereditate
1300 375 1421 447 gloriari
1434 384 1467 437 ut
1480 397 1542 454 quo
1555 389 1646 456 caput
1659 385 1764 459 prais-

47 491 137 550 posse
149 471 321 544 contingere
334 471 534 544 pertimescat.
550 470 686 525 Mensura
695 462 804 538 quadri
816 476 879 518 non
932 477 965 517 se
980 461 1173 535 conspicitur,
1189 463 1258 521 illuc
1278 465 1421 539 subsequi
1447 472 1475 525 et
1502 472 1640 530 membra
1665 480 1764 545 gratu-

48 569 127 621 recte
153 566 220 631 stat,
248 561 273 617 si
297 575 394 616 unum
417 558 496 615 latus
521 556 621 613 minus
642 558 670 610 ει
683 550 764 610 aliud
780 551 880 622 majus
931 549 1038 608 lentur.
1070 553 1179 609 Omnes
1205 559 1306 611 autem
1331 571 1398 623 nos,
1426 557 1479 631 qui
1499 558 1609 633 inejus
1625 562 1763 623 fidenati

48 653 110 710 liat.
137 653 257 725 Oportet
285 648 374 719 igitur
401 652 433 704 ut
458 659 602 702 mensura
644 640 880 712 uniuscujusque
934 656 1049 709 sumus,
1066 642 1132 713 ejus
1147 643 1253 715 procul
1268 643 1362 702 dubio
1376 662 1486 719 corpus
1508 649 1674 712 existimus.
1698 659 1765 715 Non

47 741 152 799 lateris
164 739 321 811 subjaceat
335 736 420 793 linere
436 735 573 809 perfecte
588 728 802 807 prosperitatis.
823 730 880 783 lla-
933 745 1005 801 ergo
1015 729 1160 801 fragilitas
1175 733 1311 791 humana
1326 735 1363 792 de
1388 753 1419 792 se
1441 737 1589 811 desperet.
1619 743 1765 816 Unigeniti

48 832 119 888 beat
132 835 234 887 autem
248 828 314 885 haec
328 826 406 883 linea
420 822 640 896 longitudinem
654 820 792 894 perfectae
818 816 881 874 leli·
934 819 1115 890 sanguinem
1144 822 1320 892 consideret,
1351 827 1379 880 et
1405 824 1435 881 in
1462 827 1557 899 pretio
1584 845 1639 886 suo
1666 832 1766 892 videat

49 920 145 977 citatis
159 917 365 975 aeternitatem.
382 914 442 970 Erit
453 914 544 984 igitur
564 911 596 968 in
616 911 673 968 hac
696 906 881 979 longitudine
933 924 1027 982 quam
1041 925 1154 981 magna
1169 915 1223 977 est,
1234 928 1303 985 quoe
1318 913 1392 970 tanti
1402 915 1488 971 valet.
1506 917 1675 991 Perpendat
1686 922 1768 980 solli·

50 1024 192 1066 mensura
206 1005 401 1077 longitudinis
417 1003 481 1060 sine
496 1003 566 1059 fine.
584 1006 616 1058 ln
629 997 787 1057 Ezechielis
806 996 882 1055 libro
935 994 990 1052 cite
1016 1013 1077 1070 quo
1102 1004 1193 1071 caput
1218 1001 1380 1074 precessit,
1407 1008 1435 1060 et
1460 1020 1529 1077 que
1549 1005 1586 1062 ad
1602 1007 1767 1071 vivendum

51 1099 195 1171 seriptum
208 1094 315 1165 legitur
327 1093 365 1150 de
379 1091 517 1159 edificio,
531 1090 615 1164 quod
630 1089 659 1145 in
673 1090 775 1144 monte
787 1102 805 1142 a
815 1101 884 1158 pro·

50 1189 142 1261 pheta
155 1186 253 1242 visum
268 1183 359 1240 tuisse
373 1180 557 1256 perhibetur,
585 1177 669 1253 quod
693 1175 767 1233 illud
790 1172 883 1230 redifi-

51 1279 132 1332 clum
146 1273 279 1332 babebat
292 1271 413 1340 atrium,
428 1268 512 1343 quod
527 1267 623 1340 aequis
637 1264 780 1323 lateribus
795 1261 883 1319 undi-

52 1382 112 1439 que
126 1363 352 1439 disponebatur.
370 1357 561 1434 Dispositioni
576 1355 725 1429 siquidem
733 1353 798 1410 atrii
809 1351 884 1408 assi-

52 1455 173 1512 milatur
187 1454 373 1528 quadratura
395 1447 558 1523 supradicti
583 1443 713 1502 claustri.
730 1465 744 1494 s
758 1445 810 1500 Est
834 1457 885 1497 au-

53 1551 124 1612 tem,
155 1549 186 1600 ut
214 1544 254 1600 ait
278 1546 308 1599 lt.
334 1539 503 1612 Gregorius,
523 1537 581 1593 hoe
596 1535 705 1592 atrium
717 1532 884 1608 amplitudo

936 1086 1090 1159 praeceptis
1106 1089 1290 1160 astringitur,
1304 1091 1344 1148 ad
1360 1093 1545 1165 sperandum
1560 1098 1699 1172 exemplo
1720 1116 1768 1160 ro·

936 1174 1067 1232 boretur.
1084 1177 1222 1236 Confidat
1237 1180 1338 1252 coelos,
1365 1186 1394 1238 et
1408 1189 1506 1256 speret
1531 1203 1694 1260 supernam
1716 1206 1769 1265 pa·

937 1264 1035 1333 triam,
1059 1267 1236 1336 angelorum
1262 1286 1294 1327 se
1322 1270 1435 1329 sociam
1460 1274 1544 1346 sciat,
1564 1281 1654 1351 atque
1668 1277 1768 1337 insuo

937 1353 1033 1426 capite
1044 1355 1200 1429 praelatam
1214 1375 1245 1415 se
1260 1360 1375 1430 angelis
1391 1362 1531 1434 gaudeat.
1562 1367 1617 1433 Qui
1642 1384 1714 1441 ergo
1736 1369 1768 1427 in

937 1443 994 1499 hoc
1010 1444 1120 1501 seculo
1137 1446 1256 1505 claustri
1273 1450 1395 1507 taedium
1410 1468 1461 1510 seu
1472 1453 1640 1516 laboresad
1649 1463 1772 1535 tempus

938 1532 1095 1601 sustinent,
1110 1533 1141 1590 iu
1156 1535 1285 1593 elaustro
1300 1555 1362 1597 non
1385 1543 1560 1602 manufacto
1575 1548 1669 1620 (quod
1684 1550 1769 1607 estin

54 1632 237 1708 populorum
252 1629 397 1699 fidelium,
419 1626 558 1701 quidum
573 1624 774 1699 prudentiam,
802 1620 885 1678 lorti·
904 1620 1031 1694 gcoelis)
1046 1637 1116 1678 curn
1132 1625 1246 1695 angelis
1258 1626 1356 1699 quiete
1373 1629 1435 1687 sine
1445 1631 1505 1690 fine
1519 1634 1629 1694 vivent.

56 1723 200 1789 tudinem,
227 1719 374 1792 iustitiam
400 1721 491 1790 atque
518 1713 748 1788 temperantiam
774 1714 883 1778 tenent,

55 1827 231 1870 mensuram
246 1807 407 1883 spiritualis
431 1804 549 1862 aedilicii
574 1819 628 1878 per
653 1802 804 1876 quadrum
830 1801 885 1857 ha·

55 1904 136 1960 beni.
152 1923 167 1952 o
183 1898 349 1969 Longitudo
372 1901 402 1953 et
426 1884 582 1968 aequalitas
604 1897 735 1967 quatuor
746 1892 885 1960 laterum,

56 1991 144 2050 estin
163 1990 296 2064 quolibet
308 1989 390 2060 J'usto
404 1983 628 2060 perseverantia
639 1999 736 2056 usque
751 1982 791 2040 ad
805 1997 886 2038 mor-

56 2087 116 2139 tem
127 2083 257 2153 quatuor
271 2075 505 2151 precedentium
519 2074 671 2130 virtutum.
694 2071 752 2130 Sed
764 2070 887 2128 forsitan

56 2170 164 2244 aliquis
178 2168 295 2225 dubitat
309 2182 349 2225 an
364 2166 394 2222 in
409 2164 523 2239 populo
538 2163 674 2219 fidelium
689 2161 796 2236 aliquis
819 2176 887 2235 per-

56 2260 150 2315 lectus
163 2255 471 2326 cristat,cumbeatus
486 2251 644 2323 Gregorius
659 2251 690 2308 in
704 2250 781 2308 libro
796 2264 888 2323 super

57 2347 237 2406 Ezechielem
250 2345 356 2420 quaerit
368 2349 469 2401 utrum
484 2346 585 2399 essent
598 2341 700 2415 aliqui,
717 2363 731 2391 c
745 2340 798 2415 qui
807 2339 888 2396 inve·

56 2436 230 2495 nireuturin
245 2435 396 2492 mandatis
409 2432 459 2491 Dei
469 2433 569 2489 vivere
582 2431 713 2505 perlecti.
729 2452 743 2479 a
757 2433 888 2503 Respon-

58 2526 110 2584 dit.
125 2549 139 2574 «
154 2527 228 2582 Sunt
241 2523 376 2581 omnino.
392 2542 408 2576 ε
433 2521 516 2579 Unde
530 2521 562 2577 in
588 2518 736 2577 Ezechiele
755 2518 863 2576 dicitur
879 2534 885 2572 :

57 2618 97 2673 Et
113 2630 230 2673 mensas
245 2618 288 2671 est
301 2615 413 2669 abtum
430 2610 617 2682 longitudine
635 2614 752 2666 centum
774 2609 888 2665 cubito-

59 2722 126 2762 rem
140 2720 196 2775 per
211 2703 359 2776 quadram
374 2701 493 2773 (Erret.
510 2699 568 2771 xa).
586 2701 732 2755 Numerus
748 2702 887 2754 centena-

59 2794 95 2850 rii
106 2809 160 2868 ρει·
172 2791 334 2866 quadrum,
343 2790 395 2864 qui
404 2788 581 2860 assignatur
594 2787 678 2856 atrio,
688 2791 733 2844 est
747 2802 889 2843 mensura

1136 1706 1203 1762 Car.
1224 1709 1333 1763 llllllllt.
1353 1711 1398 1767 De
1412 1712 1487 1768 libro
1499 1715 1579 1772 eitoe.
1770 1758 1774 1765 ·

975 1780 1032 1847 Qui
1058 1781 1089 1838 in
1113 1783 1244 1842 elaustro
1267 1787 1405 1860 perfecta
1428 1790 1621 1862 beatitudinis
1640 1797 1772 1858 resident

938 1870 1044 1943 procul
1063 1870 1157 1928 dubio
1183 1873 1292 1931 divinae
1316 1879 1468 1959 sapientire
1496 1881 1614 1941 lectioni
1639 1886 1776 1948 student,

939 1962 997 2016 Nec
1019 1960 1142 2017 retrahit
1167 1978 1219 2018 eos
1241 1963 1342 2037 aliqua
1363 1968 1524 2027 necessitas
1548 1974 1690 2048 corporis,
1715 1992 1771 2034 nec

940 2047 1063 2121 aliquod
1077 2048 1327 2123 impedimentum
1342 2053 1464 2113 laboris.
1478 2059 1532 2124 Qui
1547 2061 1672 2120 enimin
1686 2064 1771 2121 clau·

940 2142 1000 2194 stro
1013 2138 1151 2212 perfecte
1163 2140 1357 2200 beatitudinis
1370 2152 1503 2220 manent,
1518 2150 1601 2207 nullo
1624 2130 1770 2226 indigent,

940 2226 994 2283 sed
1008 2229 1183 2301 postpositis
1196 2231 1338 2288 omuibus
1354 2235 1432 2291 curis
1448 2240 1566 2308 attende
1578 2240 1686 2314 legunt,
1695 2242 1726 2301 in
1740 2243 1773 2303 li·

940 2316 995 2373 bro
1009 2317 1087 2375 vitre.
1105 2321 1239 2385 Quatuor
1254 2325 1324 2379 sunt
1337 2323 1404 2381 libri
1416 2326 1502 2383 vitae:
1518 2316 1634 2403 primus
1645 2333 1773 2408 scriptus

941 2405 1040 2462 suitin
1054 2408 1208 2482 paradiso,
1236 2411 1387 2468 secundus
1412 2414 1443 2471 in
1466 2416 1593 2488 deserto,
1616 2407 1725 2487 tertius¹
1741 2423 1771 2480 in

941 2495 1064 2570 templo,
1080 2502 1206 2569 quartus
1223 2496 1350 2574 scriptus
1362 2502 1402 2560 ab
1415 2509 1535 2576 aterno,
1549 2512 1578 2565 ει
1598 2509 1698 2568 adhuc
1721 2512 1775 2569 ha·

941 2585 1027 2644 betur
1040 2585 1070 2642 in
1090 2587 1200 2645 coelesti
1220 2589 1360 2648 elaustro.
1390 2594 1505 2652 Primus
1532 2600 1659 2672 scriptus
1685 2604 1731 2656 est
1755 2617 1775 2659 a

942 2677 1003 2731 ileo
1017 2674 1048 2730 in
1063 2675 1152 2732 corde
1172 2677 1313 2747 hominis,
1331 2682 1483 2739 secundus
1496 2700 1514 2741 a
1528 2688 1629 2758 lloyse
1639 2688 1671 2745 in
1685 2689 1773 2746 tabu·

941 2762 978 2818 lis
991 2761 1127 2835 lapideis,
1143 2765 1246 2821 tertius
1262 2783 1280 2823 a
1302 2768 1417 2826 Christo
1441 2770 1472 2827 in
1494 2777 1583 2840 terra,
1605 2780 1730 2848 quartus
1742 2777 1774 2833 in

59 2881 248 2956 perfeetionis
260 2879 290 2936 in
305 2877 441 2953 quolibet
450 2877 541 2949 justo.
555 2876 678 2932 Persecti
697 2874 786 2948 igitur
807 2877 887 2942 sunt,
942 2849 1130 2924 Pl'oescieflfia
1155 2853 1265 2912 ‘filina-
1291 2857 1407 2914 Primus
1419 2863 1464 2915 0⁵²
1477 2860 1551 2918 libel
1563 2864 1773 2934 ὃθῐιθῑᾶἰίθῐὶῑδ»

60 2971 113 3045 qui
127 2970 158 3026 in
172 2969 358 3043 quadratura
367 2966 458 3039 hujus
471 2965 538 3021 atrii
549 2968 738 3038 permanent,
761 2962 833 3039 quia
844 2979 888 3020 rc·
905 2994 925 3051 c
944 2939 1099 3041 ⁵5⁰¹¹¹¹dusl
1111 2944 1311 3041 ⁰⁰¹{f00iff01llss
1330 2947 1431 3004 stellius
1447 2951 1558 3021 Statim,
1583 2957 1712 3026 quartus.
1726 2953 1774 3017 ‚di-

61 3061 201 3118 eedeutes
214 3059 253 3116 ab
267 3059 325 3115 hoc
340 3056 461 3125 saeculo,
477 3055 517 3112 ad
538 3053 611 3111 illud
634 3053 797 3111 claustrum
821 3069 889 3127 per·
944 3045 1021 3128 ΥΠΕΡ
1037 3036 1199 3104 wilffinus&
1216 3033 1302 3091 Libe?
1315 3036 1367 3109 (1¹¹1
1382 3036 1413 3093 in
1427 3039 1570 3111 PilfldiSO
1585 3041 1775 3116 &simillimis

61 3152 145 3208 [θρίω
158 3147 352 3208 beatitudinis
366 3145 551 3221 pervenient,
571 3144 602 3200 in
617 3158 679 3217 quo
705 3143 768 3201 δὴ
790 3143 890 3216 aliquo
945 3118 1065 3219 ibidem·
1085 3124 1130 3176 est
1155 3127 1324 3195 corruptus,
1351 3141 1406 3182 nec
1433 3127 1619 3186 emendatus.
1650 3118 1735 3197 Liber
1758 3147 1776 3188 a

62 3240 179 3298 defectu
191 3239 363 3313 perdurent,
380 3235 422 3293 lbi
436 3235 517 3292 enim
530 3249 586 3290 nec
600 3232 760 3308 prudentia
785 3231 893 3308 poterit
946 3211 1046 3280 Moyse
1058 3225 1089 3264 in
1096 3210 1216 3309 deserto
1229 3212 1366 3286 scriptus,
1378 3215 1529 3274 multoties
1542 3223 1701 3294 corruptus
1721 3225 1775 3289 εει,

62 3330 171 3403 decipi,
184 3344 241 3386 nec
254 3326 396 3385 fortitudo
410 3323 518 3396 frangi,
532 3338 587 3380 nec
613 3323 726 3395 justitia
748 3321 892 3390 subverti,
946 3300 975 3353 et
986 3296 1137 3355 m¹ffl0t¹⁰³
1149 3302 1336 3360 emendatus·
1358 3305 1443 3363 Liber
1455 3307 1486 3365 1¹¹
1501 3309 1613 3384 teml’l0
1638 3309 1776 3385 scriptu&

63 3436 119 3476 nec
133 3417 330 3493 temperantia
343 3414 439 3473 minui
454 3413 501 3470 γε]
516 3412 629 3484 augeri,
659 3416 687 3469 et
710 3413 764 3470 erp
786 3411 817 3468 in
836 3413 893 3468 hac
947 3391 992 3445 est
1005 3403 1023 3444 a
1036 3388 1147 3446 Judoeis
1162 3397 1331 3465 accusatus,
1356 3411 1418 3452 non
1440 3402 1484 3454 est
1510 3402 1611 3457 tamm
1626 3402 1718 3457 allec
1731 3416 1778 3460 re·¹

947 3476 1103 3550 probatus.
1118 3479 1203 3537 Liber
1216 3498 1285 3539 voro
1298 3483 1409 3541 divine
1425 3487 1588 3560 sapientire,
1614 3489 1666 3564 qui
1680 3495 1725 3546 cst
1739 3490 1779 3548 ab

949 3571 1060 3623 aeterno
1073 3568 1201 3642 scriptus
1225 3575 1333 3643 allec,
1359 3590 1518 3648 nunquam
1540 3583 1585 3634 est
1609 3583 1779 3653 corruptus,

950 3673 1069 3730 semper
1081 3657 1163 3715 idem
1175 3667 1341 3732 permanet,
1366 3679 1421 3721 uec
1450 3666 1599 3724 mendacii
1627 3669 1787 3727 maculam¹

63 3508 253 3584 perfeetionis
266 3506 336 3563 finis
351 3504 414 3562 sine
426 3504 496 3560 tine.

154 3592 221 3647 Cir.
237 3589 334 3643 lhillll.
350 3587 395 3641 De
408 3585 514 3641 ordirer
526 3583 655 3640 claustri
669 3583 804 3640 celestis.

102 3673 133 3724 ln
146 3668 275 3724 claustro
290 3664 429 3739 perlecta
439 3663 631 3721 beatitudinis
644 3663 744 3732 augeb
755 3661 894 3731 resident,

67 3762 100 3815 ut
112 3757 142 3813 in
158 3757 265 3812 eodem
276 3760 392 3811 reterns
403 3751 549 3810 felicitatis
561 3750 698 3809 ordinem
708 3753 895 3808 conservent.
949 3747 981 3803 in
996 3763 1028 3803 se
1041 3746 1141 3803 habet.
1150 3751 1223 3806 Cum
1236 3749 1343 3824 aliquis
1353 3753 1464 3825 cogitat
1473 3755 1548 3827 quid
1560 3773 1648 3828 agere
1658 3758 1779 3828 debeat,

66 3845 153 3903 Nullo
169 3843 312 3914 indigent,
322 3847 351 3901 et
361 3841 432 3900 ideo
444 3857 507 3898 non
520 3844 566 3899 est
576 3839 619 3896 eis
643 3838 847 3896 necessarium
865 3842 898 3894 ut
950 3840 978 3892 et
992 3837 1050 3893 hoc
1061 3835 1275 3896 rationabiliter
1285 3840 1427 3916 disponit,
1442 3843 1530 3917 quasi
1544 3845 1575 3903 in
1590 3847 1667 3904 libro
1692 3849 1781 3907 ratio·

68 3934 217 3992 laborent.
231 3935 293 3990 Non
307 3931 451 4004 esuriunt,
466 3945 564 4004 neque
577 3928 690 3996 sidunt,
703 3927 775 4000 quia
786 3925 898 3984 coelesti
951 3925 998 3981 nis
1011 3924 1090 3996 legit.
1108 3929 1188 3983 Cum·
1197 3944 1268 3986 vero
1280 3934 1395 4003 peccat,
1418 3936 1446 3994 et
1469 3941 1623 4008 correptus
1646 3937 1790 4013 poenitet„

67 4040 148 4098 pane
164 4022 319 4089 satiantur,
334 4020 415 4080 etde
429 4025 558 4079 torrente
580 4015 743 4090 voluptatis
766 4016 896 4074 bibunt:
952 4015 1080 4089 quasiin
1095 4017 1172 4074 libro
1185 4021 1375 4078 correctionis
1396 4021 1525 4094 legendo
1549 4027 1657 4084 studet.
1687 4028 1716 4086 Si
1730 4044 1784 4087 an÷

68 4108 535 4184 laciemPat1·issempervident,
551 4107 701 4182 quiaprae
717 4105 830 4162 ooeteris
851 4121 899 4162 ra·
953 4110 1014 4162 tem
1027 4111 1186 4163 aecusatus
1201 4107 1240 4164 ab
1255 4108 1357 4182 aliquo
1377 4112 1461 4169 audit
1486 4129 1504 4170 a
1527 4115 1696 4187 Magistro:
1729 4119 1791 4176 Uiri.

67 4200 261 4258 tionabilibus
272 4199 414 4258 creaturis
425 4197 588 4273 perlectam
599 4196 637 4252 de
649 4211 685 4253 eo
698 4194 900 4268 cognitionem
954 4201 1024 4250 sant
1038 4196 1092 4267 qui
1105 4202 1134 4252 te
1142 4198 1444 4269 accusabanttoada
1461 4208 1488 4258 et
1498 4204 1565 4273 Jcrn
1581 4206 1794 4277 aolicmptias.

66 4290 189 4347 habent.
202 4292 429 4356 Amanttteum,
457 4292 487 4344 et
514 4285 697 4359 desiderant,
722 4301 777 4343 nec
798 4288 901 4342 umen
952 4298 1079 4353 peecare
1097 4285 1293 4359 (loan‚'r111);
1317 4286 1388 4359 legit
1400 4289 1432 4345 in
1454 4289 1531 4347 libro
1557 4292 1659 4363 gratiae
1676 4309 1683 4350 :
1698 4295 1786 4353 Jesus

68 4379 219 4437 desiderio
231 4377 412 4447 cruciantur,
428 4391 483 4432 nec
498 4377 618 4435 fastidio
639 4375 789 4434 laborant.
815 4374 902 4433 Simi-
919 4347 940 4401 Β
957 4378 1056 4430 autem
1079 4375 1231 4432 inclinans
1254 4392 1285 4433 se
1307 4377 1444 4435 deorsum
1468 4380 1562 4452 dgito
1583 4382 1732 4441 emoriar
1752 4386 1796 4442 in·

68 4468 135 4526 liter
160 4467 191 4522 in
219 4463 365 4521 materiali
389 4463 520 4519 clausus
543 4464 709 4522 multisunt
728 4465 782 4541 qui
797 4463 904 4522 lutere
959 4470 1070 4520 terram
1082 4462 1188 4536 (itia).
1204 4465 1302 4522 Habes
1313 4481 1393 4523 nunc
1408 4468 1582 4543 scriptorem
1596 4470 1665 4529 libri
1678 4477 1708 4531 et
1721 4472 1796 4531 titu·.

70 4556 216 4615 felicitatis
228 4552 366 4613 ordinem
382 4551 519 4621 diligunt.
542 4553 649 4609 Panes
663 4553 808 4625 indigent,
830 4564 907 4628 quo·
958 4551 1021 4609 lum
1033 4552 1129 4609 habes
1140 4568 1272 4627 pennam
1288 4559 1317 4612 et
1330 4556 1492 4627 calamum,
1505 4558 1602 4617 habes
1616 4561 1707 4619 etiam
1719 4577 1786 4636 per-

70 4648 157 4706 uiam
171 4645 203 4704 in
219 4643 358 4719 proprios
372 4658 446 4698 rasus
459 4645 567 4713 prreter
589 4640 702 4698 victum
726 4645 906 4700 stvestitum
959 4656 1133 4712 gamenum.
1158 4644 1312 4704 inclinatio
1338 4651 1383 4704 est
1408 4649 1577 4706 miserantis
1603 4651 1654 4707 bei
1679 4652 1789 4711 conde·

71 4735 146 4793 nihil
157 4735 279 4792 habent.
296 4735 338 4789 Ea
352 4731 454 4809 etiam,
469 4745 536 4803 quse
551 4729 650 4786 earnis
657 4729 826 4787 necessitati
839 4748 908 4788 con·
960 4731 1087 4786 scensio.
1102 4732 1232 4804 scriptor
1250 4737 1294 4790 est
1308 4735 1404 4803 lesus,
1428 4736 1459 4791 id
1483 4740 1528 4792 est
1548 4737 1691 4797 Salvator.
1715 4724 1789 4802 Con·

71 4839 157 4882 cessa
172 4827 251 4890 sunt,
280 4820 363 4877 carni
384 4819 574 4876 subtrahunt
602 4821 744 4875 Naturam
771 4817 905 4890 vineunt,
961 4822 1084 4874 currunt
1094 4817 1159 4873 haec
1173 4821 1286 4890 omnia,
1302 4825 1335 4876 nt
1348 4823 1401 4894 qui
1414 4839 1446 4878 se
1460 4823 1583 4883 inclinat
1597 4827 1700 4903 salvet,
1714 4847 1790 4905 qua·

72 4913 220 4988 quoniam
232 4911 385 4969 coelestem
404 4910 498 4966 vitam
520 4908 553 4964 in
574 4907 660 4964 terris
683 4906 808 4974 ducunt,
835 4923 907 4965 con-
960 4910 1048 4962 tenus
1060 4906 1113 4978 qui
1124 4907 1338 4965 condescendit
1351 4909 1477 4968 salutem
1489 4921 1619 4988 prestet.
1633 4920 1744 4984 Titulus
1756 4921 1799 4977 ina

73 5001 262 5077 templationi
275 5004 394 5072 vacant,
419 5002 513 5056 Deum
538 4997 640 5054 videre
664 4996 845 5055 desiderant.
875 5001 909 5055 Et
961 4996 1018 5052 hoe
1033 5011 1121 5069 opere
1136 4996 1261 5069 incipit:
1280 4998 1365 5056 Liber
1385 5002 1496 5072 gratim
1517 5008 1581 5064 b'on
1606 5010 1685 5069 enlm
1710 5025 1798 5083 prae-.

73 5107 262 5168 quaeeunque
275 5089 394 5147 interim
408 5088 595 5159 contingant,
619 5087 784 5144 adventum
805 5092 907 5144 tamen
961 5088 1112 5141 cesserant
1124 5085 1238 5159 merita,
1255 5092 1289 5144 ut
1302 5087 1519 5151 dimitterentur
1532 5097 1734 5169 peecatased
1746 5096 1800 5154 di·.

72 5181 182 5255 judicis
194 5180 340 5254 patienter
355 5182 537 5251 exspectant.
552 5180 584 5234 ln
599 5177 656 5234 hac
683 5176 746 5233 vita
768 5177 909 5249 quelibet
960 5173 1127 5240 mittuntur,
1142 5177 1328 5245 prfflcedessw
1338 5180 1442 5250 grafia·
1459 5186 1559 5242 Penne
1577 5184 1625 5242 vel
1639 5185 1787 5256 calamus,

75 5271 203 5328 adversa
226 5268 365 5339 tolerant,
391 5271 424 5322 ut
448 5267 580 5341 requales
601 5265 715 5336 angelis
729 5270 909 5338 postresur-
961 5267 1006 5319 est
1020 5263 1070 5318 Dei
1080 5263 1199 5333 digitus,
1226 5264 1315 5344 idest
1338 5268 1505 5342 benignitas
1533 5272 1659 5344 Spiritus
1682 5275 1787 5334 sancti.

75 5360 237 5416 rectionem
251 5360 335 5414 tlant.
350 5356 434 5414 Unde
446 5356 553 5412 beatus
568 5355 728 5425 Gregorius
749 5372 756 5410 :
781 5379 794 5405 ι(
811 5360 849 5424 Ιε,
865 5351 909 5411 ἰρέ
961 5353 1022 5409 Ηοε
1036 5352 1153 5410 calamo
1175 5355 1346 5414 scribuntur
1369 5360 1478 5416 tabulae
1493 5362 1593 5433 Moysi.
1622 5365 1662 5419 lle
1681 5365 1802 5426 eodem·

77 5448 152 5521 quit,
167 5449 219 5519 qui
232 5451 354 5521 propter
369 5462 425 5502 nos
440 5450 539 5502 minor
553 5443 668 5514 angelis
679 5445 797 5513 exstitit,
806 5461 909 5518 requa-
962 5443 1101 5500 dixerunt
1127 5443 1157 5500 iu
1185 5446 1316 5520 AEgypto
1344 5450 1425 5518 magi
1441 5467 1447 5504 :
1465 5451 1522 5506 Hic
1537 5456 1579 5506 est
1602 5453 1714 5524 digitus
1733 5456 1803 5515 Dei.

78 5538 121 5593 les
137 5550 191 5590 nos
206 5537 320 5607 angelis
340 5534 448 5592 virtute
474 5549 537 5589 sure
563 5532 771 5590 minorationis
794 5534 874 5590 iecit.
894 5560 908 5585 »
964 5534 1072 5600 (Eroti.
1089 5536 1158 5606 vni).
1172 5538 1389 5608 Pergamenum
1403 5543 1450 5592 est
1473 5543 1560 5608 terra,
1576 5540 1606 5597 id
1630 5547 1676 5600 est
1698 5544 1793 5605 eorda

81 5623 164 5682 Unde
179 5627 208 5677 et
221 5624 377 5681 moriendo
393 5622 495 5682 docent
505 5625 633 5680 mortem
647 5636 710 5682 non
729 5621 822 5678 metui
835 5639 841 5691 ;
865 5637 910 5679 re·
964 5623 1087 5680 terronis
1099 5624 1252 5683 desideriis
1264 5627 1363 5701 plena,
1389 5627 1537 5695 desiccata
1558 5648 1577 5689 a
1602 5634 1749 5707 sanguine
1762 5640 1805 5701 eg,
