3742 6082
551 188 596 243 DE
615 185 856 244 lNS'llTUTIONE
875 189 1101 252 norinorum.

53 311 182 376 ornatos,
210 311 363 366 considero
392 314 545 370 vecordem
567 317 719 383 jamnem,
736 313 789 384 ard
807 314 932 386 Aqrrcm
947 317 1118 388 figurantes,
1133 311 1296 376 'oculorum
1320 321 1396 377 inter
1421 323 1585 378 videndum
1593 326 1672 383 alte·

53 401 68 454 't
90 416 145 470 per
158 402 274 469 plateas
285 403 379 469 juata
393 405 550 471 (inpletum,
562 409 588 458 et
602 405 788 472 properium

53 489 182 544 saliente
195 489 336 557 proditur
351 491 380 543 in
408 490 543 559 obscuro,
574 492 789 560 attemperare-te

53 579 170 632 enectis
195 579 321 633 tenebris
337 585 363 633 et
380 581 517 648 caligine.
533 582 572 634 Et
588 596 652 635 ecre
679 583 789 635 nircttcr

53 667 86 723 rit
100 668 149 721 1111
162 673 272 721 ornatu
288 671 465 736 rneretmcto,
494 676 671 738 preparata
687 670 727 725 ad
742 686 789 725 ca·

53 771 81 812 as
94 757 352 826 arrirrtas,par·rula
367 765 393 813 et
410 760 607 829 armamentis
617 760 785 828 impatiens,

53 846 127 902 olens
141 847 172 900 in
185 847 270 900 dorne
286 848 444 901 aorrss'sterc
462 848 589 915 palibus
605 849 664 902 sais
682 867 688 914 ;
706 865 786 905 rrunc

53 951 126 990 canc
138 937 170 989 in
182 937 482 1005 plotersaumcyaato
491 939 617 1006 (trepidos
628 939 785 1009 insidians,

53 1025 234 1095 metricaeque
252 1025 445 1081 (deosculatur
459 1029 610 1095 joannem.
625 1035 651 1083 et
664 1031 788 1097 procaci

59 1113 331 1183 litoralitorlProo.
349 1120 405 1184 sn).
436 1115 538 1169 Statim
563 1133 629 1170 earn
655 1117 788 1188 sequitur

58 1202 106 1258 bos
122 1203 162 1258 ad
174 1204 324 1257 victimam
338 1204 454 1270 ductas,
477 1212 502 1259 et
519 1207 606 1275 attasi
619 1223 715 1275 (raritas
732 1208 788 1261 las-

53 1308 65 1347 s
81 1298 108 1347 et
124 1294 279 1361 ignorans,
292 1298 318 1347 et
334 1296 425 1347 nescit
437 1294 517 1364 ‹sirod
527 1295 566 1348 ad
579 1296 700 1349 oinrata
715 1297 787 1351 stut-

53 1381 268 1449 atara-‚donec
293 1383 452 1451 transfigat
477 1385 587 1453 sagitta
612 1386 785 1454 sceleratas,

57 1471 84 1525 si
98 1472 161 1526 eois
174 1473 294 1539 festinet
310 1471 351 1525 ael
359 1473 542 1541 lantrannuct
559 1474 650 1527 nescit
665 1475 736 1543 arcio
752 1475 788 1531 de

53 1558 204 1614 iloanima‘
213 1559 296 1613 itlius
307 1560 422 1628 opetum
433 1560 486 1613 ola
494 1561 567 1628 insa
578 1562 587 1614 i
598 1562 701 1615 domas
712 1565 785 1631 ejas,

840 421 907 460 rum
919 407 1072 470 claudunt.
1098 409 1225 465 alteram
1249 412 1395 481 aperiunt.
1412 413 1465 468 Alii
1481 415 1589 484 majori
1603 415 1672 471 ridi-

841 493 908 547 culo
927 495 1082 552 dimidiato
1096 514 1146 552 ore
1162 498 1335 570 loquuntur.
1351 503 1423 557 Sunt
1437 508 1580 573 praetcrea
1590 503 1670 559 mitte

839 583 939 652 larvea,
955 585 1035 640 mille
1060 586 1310 642 subsannationes
1333 594 1361 644 et
1380 592 1604 659 corrugationes
1620 608 1671 648 na·

839 671 928 737 rium,
943 673 1024 729 mille
1039 676 1138 744 valgia
1151 680 1180 731 et
1201 677 1401 733 contortiones
1418 678 1577 745 labiorum,
1601 698 1671 754 qum

838 762 1091 831 pulchritudinem
1103 765 1186 820 lactei
1198 771 1225 821 et
1240 767 1378 823 decorem
1393 768 1557 840 disciplinae
1570 770 1670 827 delor-

837 856 931 907 mant.
951 855 998 907 Est
1014 855 1094 908 enim
1118 855 1218 924 facies,
1239 857 1402 929 disciplima
1429 859 1594 930 speculum,
1622 861 1671 917 eui

837 943 1027 1012 tantomaJ'or
1052 943 1187 998 custodia
1203 943 1376 1000 adhibenda
1407 951 1460 1011 est,
1488 947 1670 1019 quantomi-

839 1047 895 1084 nus
909 1031 932 1086 si
951 1031 1025 1104 quid
1040 1033 1070 1087 in
1084 1049 1119 1088 ca
1146 1038 1303 1104 peceatum
1323 1033 1419 1100 luerit,
1448 1035 1536 1090 celari
1558 1040 1665 1109 potest.

838 1123 1045 1193 Temperantia
1060 1127 1104 1177 est
1131 1122 1219 1190 igitur
1247 1122 1337 1178 facies
1365 1129 1393 1178 et
1418 1125 1668 1181 mortiticandnin

839 1213 922 1278 gestu
938 1226 1004 1275 sue,
1029 1211 1069 1266 ita
1094 1217 1124 1266 nt
1153 1228 1207 1266 nee
1234 1216 1371 1285 proterve
1387 1217 1588 1284 exasperetur,
1613 1229 1669 1268 nee

838 1298 964 1353 molliter
974 1300 1164 1367 dissolvatur,
1180 1302 1231 1357 sed
1248 1319 1366 1374 semper
1376 1303 1487 1358 habeat
1497 1306 1525 1358 et
1539 1302 1668 1371 rigidam

838 1387 1038 1457 (10100110οι0,
1055 1396 1081 1444 01
1095 1390 1213 1445 (1010οι0
1228 1392 1368 1460 rigorem.
1382 1391 1435 1446 Alii
1447 1391 1590 1459 navigant
1602 1391 1669 1447 bra·

838 1475 910 1530 chiis
922 1475 1103 1538 incedentes.
1125 1485 1153 1534 et
1166 1479 1277 1552 duplici
1292 1480 1426 1553 quodam
1446 1485 1590 1547 monstro,
1606 1495 1668 1535 uno

837 1564 985 1619 eteoclem
1003 1570 1135 1638 tempore
1159 1569 1287 1639 podibus
1300 1568 1440 1623 deorsum
1457 1568 1487 1623 in
1510 1572 1587 1623 terra
1602 1584 1667 1623 am-

1619 200 1713 262 m,
1771 233 1774 239 ·

53 1653 144 1703 *crates
168 1649 313 1703 interiora
336 1650 439 1703 rnortis
468 1649 572 1720 (ibid).
603 1654 696 1705 Nemo
716 1668 787 1714 crgo
807 1653 1248 1727 311010010110000110000000]
1268 1657 1298 1711 in
1314 1673 1380 1711 aere
1396 1657 1505 1712 volant.
1523 1656 1608 1721 Quod
1624 1660 1669 1711 cst

53 1752 96 1808 eps
116 1740 198 1808 putet
221 1753 330 1809 parum
358 1737 523 1809 relinquere
540 1739 658 1810 eosqui
683 1745 787 1795 eontra
837 1759 941 1813 qmeso
966 1749 1134 1800 monstrum
1156 1746 1223 1812 hoe,
1237 1746 1320 1818 quod
1344 1745 1434 1801 simul
1452 1746 1483 1800 in
1497 1763 1527 1801 sc
1543 1744 1628 1814 lingit
1640 1747 1669 1800 01

53 1824 144 1882 linam
159 1827 198 1882 ad
215 1831 316 1899 turpes
331 1832 440 1895 motus,
457 1831 486 1882 ct
500 1828 687 1883 inonliuatas
702 1830 788 1898 gesti·
836 1831 967 1887 hominis
981 1833 1141 1900 incessum,
1155 1835 1275 1890 ctnaris
1288 1835 1456 1904 remigium,
1472 1835 1576 1890 atavis
1588 1834 1668 1889 vola-

53 1930 118 1971 mes
129 1915 266 1971 membra
282 1932 337 1971 sua
364 1917 528 1983 1011001001,
543 1917 614 1990 quia
629 1934 786 1989 nunquam
838 1922 924 1976 tum?
941 1921 1022 1976 libet
1043 1922 1072 1976 in
1096 1924 1163 1991 hoc,
1188 1923 1310 1994 poeticen
1331 1923 1407 1978 illius
1422 1922 1667 1979 subsannationis

53 2020 106 2061 ura
121 2009 183 2060 tam
199 2022 300 2061 severe
311 2005 385 2060 istos
399 2007 559 2062 exteriores
572 2008 705 2079 corporis
720 2026 787 2063 mo-

57 2094 147 2151 nebis
172 2095 411 2167 reprehenderet,
427 2095 483 2150 nisi
508 2097 606 2151 omnis
635 2097 787 2153 exterioris

53 2185 85 2240 iis
100 2185 258 2241 inhonesta
274 2186 413 2254 figuratio
425 2190 453 2239 et
465 2186 558 2241 rrrotio
578 2187 730 2256 indecens,
748 2188 786 2242 ab

53 2275 85 2330 iri
104 2275 211 2330 mentis
241 2276 430 2347 corruptione
458 2281 604 2332 manaret.
630 2279 787 2349 Propterea

53 2381 85 2420 m
100 2365 179 2420 valet
187 2365 344 2438 disciplina
355 2366 394 2421 ad
403 2367 585 2421 coercendos
603 2384 713 2439 prasos
723 2385 786 2422 mo-

53 2452 115 2520 imi,
132 2457 281 2525 quatenus
296 2454 377 2509 mala
397 2454 545 2509 desideria
561 2455 635 2509 dum
650 2471 703 2527 per
719 2474 786 2510 eus-

53 2559 67 2597 n
79 2541 243 2613 disciplima
252 2543 437 2611 stringuntur
445 2560 482 2599 nc
494 2544 573 2599 foras
587 2544 786 2611 effluant,tan-

53 2630 201 2704 liquando
229 2632 318 2688 ctiam
338 2633 460 2689 interius
477 2650 597 2703 surgere
624 2635 787 2692 removeri

52 2737 78 2777 ιο
89 2721 279 2777 desuescant.
304 2723 379 2788 Quia
392 2724 481 2797 igitur
497 2723 566 2779 vitia
590 2724 786 2793 gesticulatio·

53 2811 262 2883 ascripsimus
279 2813 353 2867 ordo
370 2813 469 2883 exigit,
484 2817 516 2867 ut
526 2830 605 2868 nunc
625 2813 693 2884 quis
707 2814 742 2869 sit
754 2815 786 2870 in

53 2905 139 2970 gestu
159 2901 269 2956 modus
295 2900 470 2972 disciplinas,
487 2900 678 2971 definiemus,
701 2902 786 2973 quod

837 2010 933 2079 elogio
944 2011 1132 2084 proclamare
1150 2029 1155 2066 :

942 2102 1083 2156 Hanrano
1099 2102 1193 2171 capiti
1207 2104 1348 2157 cervicem
1360 2103 1461 2171 pictor
1473 2106 1612 2173 can'nanr

943 2192 1075 2259 decerpere
1090 2192 1116 2244 si
1131 2192 1210 2257 uelit,
1225 2197 1251 2246 et
1278 2192 1379 2246 carras
1393 2191 1533 2247 inducere
1543 2192 1666 2260 plumas

946 2278 1082 2349 Undique
1096 2280 1214 2334 cottatis
1223 2280 1410 2348 arianensia
1424 2280 1553 2349 turpiter
1565 2285 1666 2336 atrum

943 2368 1065 2422 Desinat
1081 2368 1110 2422 in
1124 2369 1234 2436 piscem
1260 2369 1369 2423 nudier
1381 2370 1514 2436 formosa
1527 2383 1664 2436 resperas.

1157 2458 1321 2524 (11000010
1337 2459 1412 2512 Arte
1423 2463 1499 2525 poet.
1515 2473 1543 2511 v.
1562 2459 1623 2527 1-5).

836 2549 917 2601 Certe
928 2546 985 2601 tale
1001 2547 1073 2601 mihi
1087 2546 1202 2601 ridetur
1215 2547 1273 2602 hoe
1289 2551 1468 2618 portentosae
1478 2546 1666 2616 figurationis

836 2637 957 2691 schema
973 2653 979 2691 :

943 2767 1043 2780 .........
1049 2725 1142 2793 Cujus
1157 2725 1235 2779 relect
1252 2725 1452 2795 teprr'sonmia
1467 2738 1547 2780 oerore

941 2815 1110 2883 Fungentur
1122 2816 1241 2883 species,
1259 2821 1289 2869 at
1311 2829 1364 2869 nec
1377 2829 1428 2882 pes
1444 2829 1498 2869 nec
1510 2818 1601 2882 caput
1612 2812 1667 2868 uni

940 2903 1222 2972 Reddatursormre.

53 2995 144 3046 rtnssc
157 3007 210 3063 per
221 2990 339 3058 singula
355 2989 451 3046 facore
467 3006 527 3045 non
539 3007 784 3063 possnnrusma-
803 3035 823 3090 C
1365 2991 1450 3061 (loia.
1467 3007 1495 3045 v.
1508 2991 1592 3061 7-10).

53 3096 114 3138 nen
130 3080 250 3153 expedit
264 3080 377 3152 aliquid
388 3081 457 3136 inde
477 3082 515 3136 ad
531 3081 729 3137 eruditionem
744 3082 786 3137 di-
836 3081 893 3138 Sed
906 3098 943 3137 ne
959 3083 1030 3137 torte
1046 3081 1168 3137 satiram
1179 3081 1278 3153 potius
1292 3096 1386 3152 qrram
1396 3080 1564 3136 doctrinam
1577 3078 1664 3135 edere

53 3184 139 3242 {uam
154 3169 279 3225 omnino
295 3168 389 3224 silero.
421 3170 553 3224 Primum
568 3185 640 3238 ergo
660 3169 784 3239 diligen·
834 3172 1086 3244 videamurlcum
1112 3170 1243 3244 plurima
1271 3170 1369 3225 adhue
1398 3169 1665 3227 enumerandasu·

53 3258 231 3314 servandum
259 3262 313 3325 cst,
335 3263 366 3312 ut
392 3258 509 3327 singula
538 3259 676 3314 membra
695 3276 784 3316 saum
834 3261 957 3333 persint)
973 3262 1128 3317 modestia
1144 3261 1190 3316 hie
1206 3275 1327 3333 quoque
1352 3258 1485 3315 oblivisci
1498 3275 1560 3314 non
1577 3258 1665 3314 debe-

53 3351 74 3403 11
87 3347 231 3415 officium,
244 3364 342 3419 neque
356 3353 499 3420 usurpent
512 3347 654 3415 alienum,
676 3347 784 3405 deinde
834 3368 911 3407 mus.
927 3352 1019 3407 Etiam
1030 3353 1070 3408 sic
1083 3352 1218 3407 fortassis
1230 3349 1449 3421 negligentibus
1461 3347 1665 3428 etindiscipli·

53 3438 238 3510 rmquodque
254 3454 342 3492 suum
353 3454 430 3510 opus
446 3444 506 3493 tam
522 3439 660 3494 decemter
674 3455 708 3495 aa
721 3457 784 3495 mo·
833 3442 911 3496 natis
922 3446 1068 3513 qnantum
1085 3440 1142 3513 ipsi
1161 3440 1191 3495 in
1204 3440 1250 3495 his
1261 3439 1435 3494 crubescere
1448 3437 1587 3507 debcant,
1603 3454 1664 3493 me-

53 3527 180 3599 impleat‚
211 3532 360 3599 quatenus
383 3543 437 3599 per
456 3527 678 3600 indisciplinam
706 3529 785 3601 aspi·
833 3529 891 3584 lius
929 3529 1044 3585 silendo
1071 3529 1274 3584 ostendemus.
1305 3527 1383 3583 Scire
1417 3532 1516 3581 tamen
1555 3524 1666 3581 debent

53 3634 94 3672 rm
107 3617 212 3672 oeulos
225 3633 286 3672 non
297 3611 440 3673 oll'endat.
457 3622 530 3673 Nam
542 3618 714 3690 inquolibct
729 3620 783 3673 lio·
833 3636 928 3674 unum
944 3636 1009 3673 esse
1028 3618 1131 3672 vitium
1146 3617 1228 3689 quod
1254 3616 1337 3686 prius
1363 3615 1540 3670 intrinsecus
1553 3617 1664 3668 statum

53 3711 183 3773 0000100,
199 3706 567 3779 dignumrcprehensione
583 3712 635 3772 est,
652 3708 713 3762 sive
728 3708 783 3762 sei·
832 3708 941 3763 mentis
968 3707 1101 3778 dissipet,
1134 3721 1169 3760 ao
1193 3703 1387 3777 postmodum
1422 3701 1608 3757 extrinsecus
1633 3700 1664 3755 in

53 3796 260 3852 nembrainter
278 3803 487 3852 seactussuos
503 3796 699 3862 conlaudant,
722 3797 783 3852 sive
832 3797 976 3852 membris
1004 3796 1141 3850 ordinem
1168 3792 1292 3848 actionis
1322 3791 1486 3863 perturbat,
1515 3790 1590 3846 sieut
1601 3791 1663 3862 jam

53 3882 169 3954 sdjustc
198 3901 285 3954 agere
312 3885 432 3953 debent,
455 3888 533 3939 reete
557 3900 617 3939 non
633 3884 781 3956 expleant.
834 3887 1121 3958 snpinsmemorato
1144 3882 1311 3940 Salomonis
1337 3880 1506 3936 testimonio
1523 3896 1662 3954 compro-

54 3973 94 4029 110
109 3974 261 4030 actionum
272 3975 303 4029 in
315 3974 459 4029 membris
471 3974 738 4043 conservandaest‚
751 3978 784 4030 ut
831 3975 936 4031 batum
951 3979 1004 4040 cst,
1022 3973 1072 4028 ubi
1096 3972 1127 4028 in
1143 3976 1279 4045 apostata
1302 3970 1424 4025 homine
1444 3969 1526 4042 prius
1540 3969 1664 4041 quidem

53 4061 105 4117 tid
119 4067 189 4132 agat
204 4063 444 4135 unumquodque
457 4062 628 4118 membrum
648 4063 687 4117 ad
698 4063 782 4135 quod

53 4156 173 4221 restat
188 4169 285 4225 neque
314 4153 455 4225 loquatur
479 4168 599 4221 manue,
628 4168 726 4223 neque
748 4170 782 4208 os

53 4242 255 4312 1000000105
275 4243 385 4312 linguae
401 4242 534 4298 officium
550 4249 692 4298 assumat.
710 4247 783 4300 Sunt

53 4331 171 4404 {uidam
179 4333 231 4405 qui
245 4333 303 4388 nisi
314 4333 415 4387 baccis
426 4334 596 4405 patentibus
612 4334 781 4389 auscultare

55 4426 97 4490 nt,
118 4423 246 4494 etquasi
268 4438 321 4493 per
336 4439 368 4477 os
386 4440 492 4477 sensus
519 4424 558 4480 ad
585 4441 636 4479 cor
657 4423 781 4479 inlluere

53 4512 69 4577 1,
86 4510 221 4582 palatum
238 4510 277 4566 ad
289 4511 381 4565 verba
402 4511 551 4582 loquentis
565 4513 711 4583 aperiunt.
728 4513 782 4568 Alii

59 4598 159 4653 adhue
173 4599 260 4670 pejus
275 4603 319 4654 est
336 4600 355 4670 11
382 4599 410 4653 10
425 4599 543 4668 agendo
557 4599 603 4652 vel
631 4600 781 4655 audiendo

53 4703 142 4744 canes
161 4689 290 4744 sitientes
319 4689 454 4758 linguam
480 4689 672 4760 protendunt,
699 4691 781 4745 etad

53 4793 86 4832 as
98 4778 229 4833 actiones
237 4777 317 4834 velut
329 4778 441 4833 molam
451 4777 531 4832 labia
541 4778 709 4849 torquendo
725 4779 780 4832 cir-

53 4871 144 4922 10001.
159 4868 213 4922 Alii
230 4868 385 4939 loquentes
399 4866 524 4936 digitum
539 4865 712 4929 extendunt,
730 4883 780 4922 su-

53 4957 212 5028 aerigunt,
230 4961 257 5012 et
270 4957 373 5013 oeulos
398 4957 428 5011 in
442 4956 546 5011 orbem
566 4959 707 5022 rotantes,
730 4959 781 5012 aut

52 5045 101 5102 ida
114 5047 248 5118 quadam
273 5046 511 5102 consideratione
540 5044 780 5116 (1011300103,ου-

53 5135 261 5193 nintrinseeus
288 5135 517 5205 magnificentia
540 5139 665 5190 conatus
680 5139 779 5190 osten-

53 5224 101 5280 olii
116 5231 206 5299 caput
227 5227 351 5296 Jactant,
366 5241 485 5279 comam
510 5224 672 5292 excutiunt,
695 5224 781 5279 vesti-

65 5314 240 5387 adaptando
252 5318 448 5385 componunt,
459 5319 486 5367 ct
496 5312 589 5368 latera
604 5312 777 5382 cubitand0‚

53 5418 102 5476 luc
118 5405 307 5460 extendendo
321 5400 477 5457 ridiculam
493 5401 564 5455 satis
572 5401 778 5457 ostentationis

53 5507 79 5547 m
104 5493 232 5563 lingunt.
256 5493 309 5548 (1111
334 5490 421 5564 quasi
448 5489 545 5544 ambre
576 5489 780 5544 auresadau·

53 5598 94 5637 nn
119 5581 203 5637 tactae
230 5598 292 5637 non
316 5581 382 5647 sint,
411 5578 534 5634 alteram
561 5581 677 5632 tantum
703 5576 779 5633 eollo

53 5671 144 5728 avoei
158 5671 288 5729 venienti
303 5675 471 5745 opponunt.
487 5668 543 5725 Alii
558 5673 665 5742 typum
677 5667 780 5727 nescio

832 4063 940 4119 mentis
955 4062 1072 4119 asiersio
1088 4066 1176 4135 atquc
1194 4059 1325 4116 defluxio
1339 4059 1528 4132 precessisse
1544 4058 1662 4127 dicitur,

832 4170 866 4207 ac
879 4151 1076 4224 postmodum
1087 4150 1222 4206 contusio
1235 4153 1325 4221 atquc
1339 4146 1522 4220 perturbatio
1538 4145 1662 4202 actionis

832 4242 992 4297 subsecuta
1008 4244 1201 4295 memoratur.
1219 4241 1251 4292 tn
1277 4253 1312 4291 eo
1327 4236 1407 4290 enim
1432 4235 1515 4307 quod
1529 4234 1636 4290 dieitur
1652 4253 1658 4289 :

831 4332 927 4386 Homo
942 4334 1080 4398 arrestata
1096 4330 1143 4383 air
1159 4327 1277 4383 irretitis
1293 4326 1391 4395 (Prae.
1412 4324 1460 4394 u),
1476 4326 1596 4378 notatur
1610 4322 1662 4378 de-

831 4417 1053 4486 110010ωο0110,
1068 4417 1098 4471 in
1114 4432 1147 4471 eo
1172 4418 1272 4469 autem
1291 4412 1372 4485 quod
1387 4411 1503 4480 dicitur,
1520 4412 1663 4480 proditur

832 4525 881 4565 ore
894 4524 1045 4578 peruersa,
1061 4508 1129 4562 terit
1150 4506 1235 4576 pecte,
1255 4504 1363 4560 annmt
1382 4503 1496 4567 recatus,
1511 4501 1605 4571 digito
1621 4502 1661 4556 to·

831 4597 1052 4669 pretitulata),
1068 4596 1290 4651 demonstratur
1299 4590 1435 4649 confusio
1444 4589 1578 4646 aetionis.
1590 4589 1662 4646 ilino

831 4687 921 4742 etiam
937 4689 981 4740 est
992 4685 1065 4739 illud
1081 4685 1165 4756 quod
1182 4683 1289 4738 dieitur
1310 4682 1342 4736 in
1356 4680 1431 4735 libro
1447 4678 1659 4735 Ecclesiastiei:

831 4777 880 4831 Er
891 4776 954 4829 uisa
965 4779 1154 4843 copnoscrtur
1165 4773 1219 4836 air,
1228 4777 1255 4826 et
1265 4771 1302 4826 alr
1311 4784 1435 4824 occursu
1442 4768 1535 4836 societ
1542 4782 1663 4836 cognos-

831 4859 1381 4927 01100000001001110101000000001001
1396 4857 1474 4911 risus
1485 4856 1617 4913 dentium
1633 4863 1662 4914 et

830 4955 981 5023 inpressas
990 4949 1284 5006 leominisenuntiant
1296 4947 1333 5002 de
1343 4947 1396 5002 1110
1405 4946 1572 5018 11100100).
1586 4946 1661 5013 0010

829 5042 966 5099 videlieet
976 5056 1031 5113 per
1045 5038 1129 5098 illud.
1144 5038 1227 5111 quod
1242 5036 1313 5093 loris
1328 5036 1389 5092 sive
1402 5035 1478 5091 benc
1495 5036 1556 5092 sive
1579 5035 1659 5091 male

830 5134 937 5204 agitur,
967 5129 1088 5186 interior
1111 5128 1205 5185 animi
1219 5127 1348 5200 qualitas
1372 5126 1550 5182 intuentium
1564 5124 1658 5180 oculis

829 5227 965 5295 patenter
979 5219 1136 5274 indicatur.
1162 5220 1194 5272 Et
1221 5216 1331 5271 idcirco
1347 5220 1463 5288 oportet
1481 5218 1513 5268 ut
1527 5212 1566 5266 ad
1578 5211 1657 5265 hano

829 5308 1085 5383 perturbationem
1097 5306 1263 5363 sedandam
1281 5305 1417 5360 custodia
1427 5295 1591 5372 disciplinae
1603 5313 1657 5370 op-

829 5404 968 5472 ponatur,
984 5415 1051 5471 (000,
1068 5395 1307 5468 unumquodque
1321 5392 1492 5448 membrum
1517 5388 1556 5444 ad
1568 5404 1658 5442 suum

830 5490 962 5544 alliciam
974 5488 1143 5559 restringat,
1164 5491 1313 5559 quatenus
1338 5483 1412 5536 dum
1425 5479 1551 5533 alterum
1564 5493 1657 5532 mem-

830 5578 919 5633 brmn
930 5583 1078 5650 operatur,
1095 5578 1220 5633 alterum
1243 5579 1293 5630 aut
1311 5567 1580 5640 omninoquietum
1595 5584 1657 5624 ma-

830 5671 909 5734 ncat,
919 5671 971 5722 aut
985 5666 1009 5721 si
1023 5666 1097 5721 torte
1110 5666 1175 5736 ejus
1190 5661 1329 5736 operailli
1343 5657 1512 5716 necessaria
1530 5672 1595 5715 esse
1610 5674 1657 5715 eo-
