3742 6082
499 180 546 242 ott
565 182 748 245 clausmo
767 180 897 242 surum
915 211 952 228 -
969 184 1035 243 urs.
1054 185 1103 244 nr.
1325 162 1327 166 ⁴
1586 195 1660 253 ruo

57 307 97 365 ot.
114 304 191 378 cu).
210 305 430 364 insinuavimus
455 304 555 379 igitur,
585 309 771 379 charissime,
786 313 810 368 Α
828 314 960 366 notetur.
974 309 1058 368 cirea
1084 308 1177 383 pedes
1190 309 1301 384 pulvis,
1324 310 1435 369 accede
1457 311 1498 370 ad
1522 328 1662 374 manum-

57 395 223 471 ipertinent
237 395 277 452 ad
292 396 455 466 miseriam,
479 401 635 471 captemus
662 399 774 457 amodo
829 398 1160 473 ipsateexcutiet,ipsa
1183 404 1212 457 te
1227 401 1414 472 sustentabit,
1430 401 1498 476 ipsa
1514 408 1540 462 te
1564 408 1662 467 trehet

57 486 196 544 »lentiam
219 490 287 559 lpse
313 491 357 543 est
377 487 468 557 enim,
497 487 535 544 de
559 505 620 562 quo
644 489 772 546 dicitur:
828 487 869 545 ad
883 488 1021 547 osculum
1035 489 1106 548 oris.
1123 493 1157 546 ln
1182 489 1281 563 primo
1306 491 1468 565 suspirium
1493 491 1615 563 doloris,
1629 494 1662 552 in

57 581 114 633 {eos
129 576 275 631 Dominus
289 575 326 632 de
340 577 479 647 tenebris,
495 582 522 634 et
537 578 646 634 ambro
659 579 774 650 mortis,
828 577 962 634 secundo
975 577 1148 636 exercitium
1155 577 1277 652 laboris,
1288 578 1410 637 intortio
1421 580 1568 639 indicium
1578 598 1661 639 umo-

57 664 218 721 uioeorum
241 664 382 734 disrupit.
395 664 524 723 Sotiovit
550 668 682 724 cainum
708 667 774 723 iao·
827 665 955 723 riallac
970 670 1015 724 est
1027 667 1124 725 Maria
1139 667 1312 741 suspirium,
1327 668 1382 726 iste
1410 673 1456 727 eet
1479 669 1566 729 labor
1587 674 1661 731 llar-

57 754 209 811 tcaimam
225 756 400 810 esurientem
429 755 551 811 sudauit
572 755 654 812 beate
668 754 773 827 (iisd).
828 753 897 823 tha,
910 753 958 811 ille
970 754 1204 825 ioannisamor;
1219 756 1267 813 hic
1281 754 1486 832 ploratllarie,
1495 757 1538 815 ibi
1548 759 1662 818 llartha

57 841 159 899 erbum
175 857 275 911 suum,
287 846 316 898 et
326 842 446 899 sanavit
458 858 521 913 eos,
536 843 617 901 misit
633 843 774 915 Verbum,
829 843 1032 915 conqueritur,
1047 844 1107 902 illic
1121 847 1250 903 ioannes
1277 843 1413 918 quiescit.
1442 849 1476 902 ln
1500 845 1549 902 his
1567 847 1661 904 tribus

57 936 111 989 iret
123 930 288 1001 infirmum,
315 931 346 988 id
361 937 404 989 est
415 932 584 1004 jussionem
603 934 641 990 de
657 948 719 1008 qua
730 932 775 989 di·
828 937 956 1004 possunt
969 932 1106 991 denotari
1116 938 1176 991 tres
1190 933 1284 992 animi
1293 933 1429 1006 affectus,
1444 934 1582 994 videlicet
1592 935 1662 993 atie

57 1023 113 1079 Dic
126 1022 225 1091 verba
241 1021 441 1079 etsouabitur
453 1038 532 1094 puer
557 1038 639 1081 meus
653 1023 774 1093 (Metti.
829 1025 894 1079 ctus
924 1022 1130 1083 confitentium
1156 1023 1312 1098 propriam
1336 1024 1500 1096 miseriam,
1537 1024 1662 1084 affectus

57 1111 199 1168 audenda
213 1116 258 1168 est
277 1112 368 1182 igitur
395 1114 539 1185 potentia,
568 1113 777 1170 annuntianda
829 1111 983 1182 agentium
995 1113 1213 1186 paenitentiam,
1229 1113 1354 1172 affectus
1379 1114 1578 1188 querentium
1592 1129 1661 1185 gra-

57 1199 174 1258 eneticia
187 1201 383 1270 liberationis,
398 1206 430 1258 ut
445 1207 582 1277 captetur
594 1201 775 1260 benevolen-
828 1199 913 1256 tiam.
930 1200 1060 1259 effectius
1073 1217 1238 1274 cognosces
1247 1219 1302 1277 per
1318 1202 1451 1260 effectus.
1465 1202 1556 1260 llario
1581 1201 1663 1259 levat

57 1291 157 1351 rantis.
173 1295 239 1365 lpse
268 1290 349 1347 enim
364 1291 466 1348 eduxit
479 1308 545 1360 nos,
572 1292 699 1359 reduxit,
728 1290 777 1346 de·
829 1289 1051 1361 pedesnomini
1067 1290 1209 1366 lacrymis
1224 1291 1296 1363 suis,
1312 1291 1426 1365 capillis
1454 1290 1550 1362 tergit,
1574 1290 1662 1350 labiis

57 1383 73 1437 it
86 1378 203 1436 induxit
216 1380 254 1437 de
266 1395 385 1436 carcere
397 1378 438 1435 ad
460 1380 604 1452 patriam,
618 1395 673 1452 per
695 1378 776 1435 uam
829 1377 985 1435 osculatur
1000 1382 1082 1450 (Luc.
1092 1383 1155 1454 ιιι).
1167 1382 1292 1439 Videsne
1300 1381 1331 1439 in
1344 1381 1453 1439 affeetu
1467 1379 1663 1438 confessionis

58 1512 66 1539 ,
85 1469 117 1525 in
132 1468 282 1525 civitatem
294 1468 497 1525 habitationis.
514 1470 642 1526 Eductos
663 1469 700 1526 de
714 1485 778 1526 car·
830 1466 969 1525 effectum
984 1470 1226 1543 cumpunctionis
1236 1472 1250 1527 ‘t
1260 1470 1387 1528 Videsne
1398 1471 1553 1544 quomodo
1565 1470 1662 1529 crines

58 1557 152 1615 demit
164 1557 259 1630 pretio
270 1556 317 1612 sui
329 1556 494 1626 sanguinis,
510 1561 544 1614 ut
556 1557 633 1615 irem
646 1559 678 1615 in
695 1559 776 1616 viam
830 1556 996 1630 spargitad
1010 1559 1199 1629 tergendum,
1226 1575 1303 1632 quos
1318 1560 1403 1633 prius
1429 1560 1568 1618 ordinare
1592 1575 1664 1618 con-

59 1688 68 1718 ,
84 1646 235 1719 precessit
247 1646 384 1720 exemplo
397 1645 470 1703 boni
496 1647 604 1720 operis,
615 1651 776 1706 comitatus
796 1667 816 1722 p
830 1650 970 1704 sueverat
982 1647 1023 1705 ad
1035 1648 1243 1721 placendum?
1258 1652 1323 1705 Non
1335 1643 1471 1706 ¹effundit
1498 1665 1611 1723 aquam
1625 1650 1663 1706 de

57 1741 116 1803 tes,
146 1734 243 1790 iactus
271 1734 421 1808 particeps
450 1732 687 1809 tribulationum,
713 1752 777 1795 ma·
830 1736 966 1806 vasculo,
983 1737 1036 1793 sed
1050 1737 1089 1794 de
1102 1737 1201 1806 oculo,
1215 1752 1278 1794 non
1292 1751 1396 1810 panno
1415 1736 1511 1807 tergit,
1532 1737 1587 1794 sed
1610 1735 1663 1793 eri-

58 1822 91 1879 in
104 1822 777 1898 donropropriasanavitmedrcaminevirtu-
830 1825 931 1894 ne3in
944 1826 1057 1899 quibus
1074 1827 1190 1884 mundo
1214 1826 1336 1901 placuit,
1351 1826 1383 1883 in
1400 1825 1447 1883 his
1474 1828 1535 1883 lieo
1565 1825 1662 1883 servit.

57 1914 179 1971 ’ἱιιηιαὸο
193 1911 284 1985 igitur
298 1915 339 1971 ad
351 1915 447 1972 Deum
473 1916 665 1985 altissimum,
681 1918 776 1974 Deum
830 1915 898 1972 lria
909 1931 1074 1989 possumus
1097 1915 1229 1973 similiter
1244 1916 1399 1986 assignare
1413 1915 1444 1970 in
1470 1915 1593 1985 Martha,
1609 1915 1665 1972 sol·

57 2003 152 2074 teseeit
161 2003 237 2059 mibi
250 2003 345 2074 (Psoi.
360 2004 426 2076 rvr).
436 2009 501 2079 lpse
513 2005 594 2061 enim
605 2007 717 2078 eripuit
731 2022 777 2064 me
830 2004 1026 2073 licitudinem,
1038 2004 1240 2062 turbationem
1254 2009 1284 2061 et
1297 2009 1447 2077 questum.
1463 2003 1593 2061 Sollicita
1605 2008 1662 2075 est,

57 2093 121 2149 sicis
135 2094 206 2149 meis
219 2094 402 2163 fortissimis,
419 2100 447 2150 et
473 2094 511 2150 ab
526 2095 562 2150 iis
576 2096 629 2166 qui
647 2096 777 2152 admunt
830 2109 868 2150 ne
882 2094 1039 2167 quodagit
1053 2093 1217 2166 fiatpigre;
1247 2092 1394 2162 mossur,
1407 2107 1446 2149 ne
1473 2091 1527 2150 fiat
1543 2091 1662 2166 tepide;

57 2182 96 2238 ot.
123 2183 203 2254 xvir).
221 2184 295 2238 Sunt
324 2186 425 2238 autern
440 2181 530 2239 fortes
560 2182 682 2253 inimici,
708 2190 778 2242 sunt
831 2183 1024 2256 conqueritur
1036 2189 1070 2241 ut
1084 2184 1254 2255 adjuvetur,
1268 2197 1307 2240 ne
1328 2182 1383 2241 fiat
1407 2183 1492 2241 tarde
1522 2182 1604 2256 (Luc.
1621 2182 1662 2256 ιι).

57 2286 92 2344 rs,
107 2276 177 2327 sunt
190 2270 352 2329 ferissimi.
370 2275 469 2328 Fortes
491 2272 603 2329 inimici
613 2278 684 2331 sunt
707 2275 778 2333 vitia
830 2272 914 2330 Tales
925 2271 1006 2329 enim
1016 2272 1128 2329 debent
1141 2288 1206 2329 esse
1220 2271 1345 2330 affectus
1355 2271 1561 2346 pmnitentiam
1574 2287 1665 2344 agen·

72 2359 207 2418 feruores
220 2359 291 2416 vitia
307 2360 424 2430 mentis,
440 2359 593 2417 fortissimi
618 2367 687 2419 sunt
715 2363 778 2420 dia·
830 2362 918 2434 dum,
932 2366 966 2419 ut
978 2362 1003 2418 si
1016 2362 1089 2435 quid
1105 2361 1147 2418 eis
1159 2361 1360 2436 praecipiatur,
1378 2360 1501 2418 sollicite
1526 2360 1663 2434 perficia-

57 2448 68 2504 i
81 2452 193 2519 autem,
209 2448 262 2522 qui
276 2464 325 2505 me
338 2449 475 2520 oderunt,
491 2455 562 2506 sunt
580 2450 648 2507 falsi
662 2451 777 2524 batres,
830 2458 889 2510 tur,
905 2452 1076 2509 turbantur
1089 2451 1179 2508 eiam
1195 2451 1221 2508 si
1234 2451 1279 2509 eis
1303 2451 1406 2525 aliqua
1431 2450 1622 2520 occurrerint,
1632 2450 1664 2508 in

57 2539 138 2598 ilibet
147 2542 286 2615 proximi,
302 2542 354 2615 qui
367 2542 623 2600 mihidetrahunt.
638 2542 696 2600 Sed
717 2541 777 2600 ior·
830 2542 942 2616 quibus
956 2541 1122 2616 aliquando
1146 2558 1219 2599 casu
1240 2540 1288 2597 vel
1309 2540 1480 2598 infirmitate
1504 2543 1664 2614 peccantes

57 2629 118 2687 icet
132 2630 239 2704 aliquis
255 2647 262 2688 :
279 2634 343 2687 Non
356 2630 499 2704 leeripuit
510 2631 654 2689 Dominus
664 2631 704 2688 ab
719 2630 775 2686 his.
830 2630 1020 2689 offenderint.
1036 2634 1266 2703 conqueruntur
1278 2633 1311 2685 nt
1322 2628 1514 2701 adjuventur,
1531 2629 1603 2702 quia
1616 2644 1663 2685 re·

57 2735 60 2774 ;
72 2718 197 2792 quidem
210 2719 355 2776 Dominus
368 2719 533 2788 voluntate,
553 2719 622 2777 lieet
641 2721 778 2796 aliquan·
830 2721 1007 2792 ligiosorum
1021 2735 1125 2794 preces
1140 2722 1169 2775 et
1179 2717 1323 2789 suffragia
1336 2717 1393 2775 sibi
1408 2716 1563 2791 propitiari
1575 2716 1663 2775 obni-

57 2809 175 2881 jrceam
194 2825 230 2865 ex
242 2808 422 2884 precedenti
432 2825 489 2866 usu
504 2810 651 2882 peccandi
664 2814 694 2866 et
703 2809 777 2865 assi·
829 2811 897 2866 xius
911 2810 1120 2883 deprecantur.
1136 2811 1211 2866 Note
1222 2808 1330 2864 iterum
1342 2806 1373 2862 in
1387 2809 1501 2863 ioanne
1520 2804 1664 2863 affectum

58 2896 152 2971 ,licet
178 2897 342 2970 aliquando
361 2897 495 2955 detinear
519 2897 612 2955 animi
634 2897 775 2965 vanitate,
829 2900 1028 2974 querentium
1041 2898 1168 2969 gratiam
1186 2916 1193 2967 ;
1209 2897 1329 2955 attende
1340 2896 1448 2954 iterum
1461 2895 1600 2953 effectum
1627 2899 1662 2953 ut

57 2986 190 3061 iqnando
205 2986 403 3043 succumbam
417 3002 471 3060 per
501 2987 600 3045 carnis
623 2987 777 3044 infirmita·
795 3005 997 3083 ccognosoos
1030 2988 1181 3045 affectum.
1203 2986 1353 3055 carnales,
1374 2989 1407 3043 ut
1431 2985 1516 3044 aiunt
1541 2985 1664 3057 nuptias

57 3076 277 3150 utaliquando
299 3076 433 3150 decipiar
446 3093 500 3151 per
528 3078 641 3136 diaboli
666 3077 777 3134 callidi-
831 3079 962 3136 deseruit
977 3097 984 3135 ι
1001 3093 1093 3151 supra
1106 3081 1211 3151 pectus
1224 3075 1343 3133 Domini
1356 3075 1388 3131 in
1414 3089 1501 3132 coena
1527 3073 1665 3131 recubuit

62 3165 119 3224 Sed
148 3166 256 3222 iterum
282 3165 378 3222 dicet:
395 3170 460 3222 Non
490 3171 518 3224 te
545 3167 653 3240 eripuit
678 3166 777 3223 abhis
831 3168 931 3240 (doun.
958 3167 1028 3238 xrrr),
1050 3165 1192 3241 pendenti
1210 3165 1241 3222 in
1262 3179 1350 3222 cruce
1373 3178 1444 3221 cum
1465 3162 1664 3221 Mariamatre

57 3255 192 3325 oderunt,
206 3255 352 3329 quoniam
372 3255 529 3313 confortati
550 3260 620 3313 sunt
634 3272 724 3329 super
739 3260 776 3311 tc.
832 3259 898 3330 ejus
913 3273 1045 3331 presens
1061 3256 1156 3314 adluit
1169 3255 1268 3328 (doun.
1284 3253 1355 3327 m).
1385 3253 1496 3320 Quaerit
1507 3250 1597 3324 igitur
1608 3251 1664 3308 do-

57 3345 190 3420 quidem
205 3345 776 3419 perpetrentiam,vincendomalitiam.
830 3364 906 3406 num
922 3347 1023 3418 gretiae
1043 3346 1248 3420 pereffectum
1273 3343 1438 3412 munditiae,
1469 3358 1523 3416 per
1549 3340 1664 3399 exhibi-

57 3433 116 3491 nim
141 3450 195 3508 per
223 3435 398 3507 patientiam
420 3450 579 3509 perversos
598 3439 696 3508 porto,
712 3435 780 3491 licet
831 3439 944 3497 tionem
972 3437 1148 3511 praesentia,
1176 3453 1230 3510 per
1254 3434 1461 3493 assiduitatem
1479 3431 1663 3507 frequentiae.

57 3538 76 3578 u
89 3521 230 3592 afflictus,
246 3525 348 3578 tamen
374 3540 561 3597 exsuperans
588 3524 686 3580 vinco.
705 3524 779 3580 Scri-
831 3528 973 3587 Munditie
986 3527 1135 3602 siquidem
1148 3526 1231 3583 videt
1244 3529 1363 3594 ueum;
1388 3523 1548 3598 presentia
1561 3521 1664 3593 tangit,

57 3610 186 3668 istenim
201 3611 238 3667 de
252 3627 288 3668 ea
303 3629 310 3667 ι
326 3613 519 3682 inpatientia
539 3619 638 3671 vestra
648 3613 780 3683 posside
832 3617 998 3691 frequentia
1037 3615 1200 3687 cognoscit.
1227 3613 1425 3686 consequitur
1457 3612 1559 3684 itaque
1588 3608 1664 3666 visio

57 3701 142 3757 tinus
157 3706 270 3756 uestros
286 3701 370 3772 (Lice.
384 3703 456 3773 ιιι).
479 3702 610 3759 Possidet
624 3701 714 3770 igitur
725 3700 778 3773 qui
832 3706 1062 3775 beatitudinem,
1077 3709 1174 3760 tactum
1191 3702 1359 3773 sanitatem,
1376 3698 1506 3770 cognitio
1530 3696 1666 3755 consola-

57 3792 81 3846 t.
96 3789 210 3845 Audisti
231 3789 330 3859 igitur,
357 3790 543 3859 charissime,
571 3794 686 3862 quanta
711 3789 780 3846 iecit
832 3795 954 3851 tionem.
975 3795 1015 3849 De
1042 3790 1142 3865 primo
1166 3789 1293 3846 dicitur:
1308 3789 1399 3846 Beati
1423 3787 1536 3845 moade
1564 3785 1663 3854 corde,

57 3876 144 3934 nimae
169 3894 254 3934 mese.
269 3880 339 3935 Noa
366 3879 445 3935 enim
473 3881 585 3936 amauit
612 3879 778 3935 orationem
832 3885 973 3957 quonium
989 3882 1048 3953 ipsi
1073 3883 1168 3938 Deum
1191 3880 1334 3936 videbunt
1356 3878 1479 3951 (Mettis.
1494 3876 1532 3950 vt.
1552 3878 1593 3932 lte
1616 3889 1664 3933 se·

70 3973 98 4024 a
111 3969 347 4025 misericor-eam
361 3984 546 4037 scamaras,
562 3969 724 4040 secrecius
736 3973 779 4026 est
833 3975 954 4033 cuneo:
981 3975 1088 4045 recipit
1107 3972 1268 4044 amomum,
1290 3976 1320 4029 et
1355 3972 1479 4029 cessavit
1507 3968 1665 4041 saeuae

57 4063 251 4127 asprotector
265 4074 348 4115 meos
362 4058 455 4129 (Psoi.
472 4061 549 4127 nur).
562 4057 714 4115 insinuata
726 4058 779 4114 ita-
831 4066 934 4136 ptam
946 4062 1064 4136 (Matri.
1076 4061 1126 4135 rx).
1143 4065 1183 4118 lte
1202 4060 1304 4118 tertio:
1335 4057 1554 4132 Frequentabat
1575 4055 1667 4115 llaria

57 4144 144 4204 iseria
158 4151 261 4204 nostra
274 4164 329 4222 per
343 4147 600 4204 enumerationem
612 4145 779 4204 tribulatio·
834 4155 1016 4228 sepulcrum,
1031 4156 1060 4210 et
1072 4153 1216 4223 cognovit
1237 4150 1400 4207 Dominum
1421 4147 1627 4205 consolantem
1637 4148 1668 4202 et

59 4236 780 4311 aptatabenevolentiaperrecordationembene-
832 4243 983 4300 dicentem
1004 4241 1060 4297 sibi
1077 4258 1083 4295 z
1099 4241 1222 4308 Mulier,
1246 4239 1320 4310 quid
1336 4239 1443 4307 ploras
1458 4240 1473 4290 t
1486 4250 1571 4307 quem
1585 4249 1665 4305 quse-

57 4340 97 4396 m,
112 4325 296 4399 postulanda
317 4331 360 4384 est
382 4328 472 4384 venia
496 4327 534 4383 de
561 4327 781 4401 perpetratione
833 4332 1013 4402 rumicen.
1030 4329 1092 4399 rx.)
1107 4329 1267 4384 Praesentat
1288 4325 1378 4396 igitur
1388 4326 1519 4379 ioannes
1547 4321 1667 4379 mundi·

57 4428 153 4470 orum.
163 4413 298 4484 vestigiis
306 4414 396 4483 igitur
407 4415 520 4488 pedum
528 4415 684 4489 piijudicis
691 4416 782 4473 obvo·
834 4420 917 4487 bam,
930 4418 1100 4492 frequentat
1111 4414 1315 4490 praesentiam,
1329 4416 1363 4470 ut
1377 4411 1502 4484 recipiat
1527 4410 1663 4483 gratiam

57 4501 189 4560 elamabo
203 4504 233 4557 et
254 4501 369 4558 dicam:
387 4504 478 4573 Operi
498 4519 640 4562 meeum
659 4511 781 4563 tucrum
835 4507 1034 4569 confidentia
1048 4504 1106 4575 his,
1120 4504 1172 4578 qui
1186 4502 1353 4577 voluptates
1367 4503 1530 4558 evaserunt
1556 4497 1665 4571 carnis,

57 4608 67 4650 e
85 4593 241 4649 desieram
250 4591 328 4658 (lot.
338 4591 545 4664 malliecteru
559 4594 639 4650 enim
660 4595 783 4651 Domini
834 4598 929 4672 quiin
943 4600 1064 4671 pectore
1079 4592 1218 4651 Ecclesia
1227 4590 1429 4665 requiescunt,
1441 4587 1495 4662 qui
1504 4585 1666 4645 nommice

57 4681 784 4753 titmemoamoiiaqsedcioam,etaurraooope·
834 4685 968 4760 passioni
981 4683 1115 4757 quotidie
1129 4681 1229 4739 devoti
1244 4679 1398 4737 assistunt.
1415 4675 1553 4734 confidat
1575 4675 1666 4734 etiam

57 4772 117 4828 cini
126 4771 221 4841 (Psoi.
234 4771 330 4844 cxrrr).
343 4768 511 4828 Osculubor
520 4768 609 4841 igitur
621 4770 715 4842 pedes
724 4775 781 4828 lto·
834 4774 865 4829 in
874 4773 932 4840 his,
943 4771 997 4828 sed
1011 4774 1079 4827 ante
1092 4769 1166 4824 alios
1181 4766 1296 4824 munda
1303 4767 1451 4837 Juvenum
1466 4762 1601 4828 societas,
1613 4763 1667 4838 qui

57 4875 84 4918 re
98 4862 212 4918 moriar
223 4877 277 4936 per
292 4861 425 4937 culpam,
441 4860 555 4932 erigam
572 4876 621 4917 me
644 4860 683 4917 ad
697 4876 783 4917 oseu-
835 4877 905 4917 cum
915 4864 1029 4917 loanne
1048 4855 1202 4915 blanditiis
1215 4855 1332 4911 misera
1359 4851 1458 4910 cunis
1480 4853 1668 4912 renuntiare

59 4964 187 5020 anuum,
202 4955 236 5009 ut
258 4952 348 5009 bonis
362 4951 506 5026 operibus
521 4951 633 5022 vivam,
662 4949 783 5007 innixus
834 4955 905 5008 runt
921 4969 928 5019 ;
944 4948 1082 5022 quicum
1098 4947 1182 5018 justo
1211 4947 1264 5002 lot
1286 4942 1472 5002 declinantes
1484 4945 1524 5003 ab
1554 4942 1665 5018 impiis,

57 5039 783 5115 [summitatibusetmanibusreptans‚extendam
836 5039 1015 5113 sulphureas
1030 5034 1137 5093 etideo
1164 5033 1289 5090 fetentes
1314 5033 1575 5091 Gomorrhaeorum
1599 5045 1667 5088 eva·

63 5131 202 5188 osculum
212 5133 395 5189 orisumam.
408 5132 550 5190 Osculum
559 5131 619 5188 oris
629 5133 785 5188 estrecon·
836 5131 941 5186 serunt
953 5127 1095 5183 flammas
1115 5123 1200 5195 (Gen.
1220 5121 1298 5194 rix);
1313 5122 1367 5197 qui
1392 5123 1425 5181 in
1450 5124 1569 5195 pectore
1596 5120 1666 5175 iesu

66 5219 184 5291 generis
191 5220 318 5279 humani
331 5221 411 5280 iacta
418 5236 472 5296 per
479 5220 784 5278 incamationemme-
836 5216 1001 5284 dormiunt,
1017 5213 1071 5289 qui
1085 5212 1116 5270 in
1131 5211 1294 5270 ministerio
1310 5211 1468 5285 scripturae
1495 5222 1587 5265 sacre
1598 5205 1667 5263 imi·

60 5325 84 5366 s.
94 5309 140 5366 Ad
156 5309 249 5383 pedes
260 5309 351 5381 igitur
378 5310 568 5382 cognoscitur
588 5309 718 5381 miseria,
743 5309 784 5365 ad
835 5307 929 5366 tando
943 5309 1077 5363 mentem
1102 5305 1241 5378 ponunt:
1257 5301 1353 5376 quiet
1379 5299 1412 5354 in
1441 5295 1666 5391 animoltenent

57 5399 180 5457 udatur
194 5400 290 5468 venia,
305 5399 719 5473 adosgratia.lnunoitaque
739 5398 784 5454 in·
836 5396 1016 5454 memoriam
1035 5392 1196 5452 [lominica
1211 5387 1373 5466 passionis,
1386 5385 1459 5443 etin
1487 5400 1576 5442 carne
1596 5400 1664 5458 por-

57 5489 149 5562 rpius‚
159 5490 190 5546 in
205 5489 264 5547 alio
274 5490 386 5561 largus,
399 5489 428 5546 in
442 5490 526 5546 tertio
539 5494 651 5559 gratus.
674 5488 782 5560 Habes,
836 5492 1026 5545 tantcrucem
1040 5479 1293 5548 mortificationis;
1307 5476 1360 5550 qui
1371 5492 1425 5550 per
1437 5474 1539 5533 omnia
1546 5474 1666 5547 placent

57 5577 110 5634 ubi
122 5595 228 5636 servus
235 5597 266 5636 se
276 5579 396 5652 dejiciat
402 5595 457 5653 pro
480 5579 579 5654 culpa,
590 5578 643 5636 ubi
667 5594 784 5655 pauper
836 5578 962 5649 mundo,
973 5581 1002 5635 et
1013 5581 1115 5635 tamen
1129 5571 1279 5631 mundum
1293 5565 1440 5636 fugientes
1452 5563 1585 5622 serviunt
1592 5566 1662 5666 lieo.

57 5669 199 5728 tmrmus
214 5667 537 5743 eudaemonicus
553 5669 593 5731 sb
605 5668 705 5731 amico
728 5669 783 5728 ho-
836 5670 872 5726 ιιι
884 5667 942 5728 hac
954 5665 1104 5741 siqudem
1125 5663 1211 5721 aute
1225 5657 1393 5719 naverunt
1418 5653 1525 5730 crines,
1538 5667 1609 5716 caro
1621 5667 1666 5714 nr·
