3742 6082
57 183 88 239 at
429 237 431 241 ,
452 176 506 232 ΒΕ
524 175 693 233 SACRAM.
716 175 828 233 LEGIS
846 176 1075 236 NATURALIS
1093 179 1144 236 ΕΤ
1162 179 1348 236 SCRIPTAE.
1716 176 1753 233 26

58 319 103 376 per
117 300 203 356 aliud
216 297 332 354 animal
344 301 462 354 tentare
477 299 537 354 nisi
553 314 606 371 per
629 303 812 372 serpentem,
841 305 875 356 ut
890 301 916 354 A
932 307 1101 377 appetitum
1117 305 1266 362 commodi
1287 305 1326 360 ad
1354 307 1552 374 augmentum
1578 302 1610 356 in
1625 301 1750 356 felicita·

57 389 202 446 naturalis
218 389 334 444 astutia
347 387 497 460 serpentis
506 386 657 443 malitiam
670 389 809 460 proderet
817 393 878 445 ten·
930 395 971 449 tis
985 395 1159 464 retinendo;
1176 397 1248 468 qnia
1261 395 1338 450 sicut
1351 390 1659 464 augrnentumgloriee
1674 389 1749 444 fuis-

57 479 179 546 uteris,
210 482 246 532 ut
269 492 323 549 per
355 475 570 531 indumentum
603 477 685 548 quod
710 477 784 533 ioris
812 483 877 533 erat
932 488 978 538 set
991 484 1155 555 injustitia
1166 482 1372 555 perseveranti
1386 497 1447 536 non
1470 494 1559 551 posse
1582 478 1621 532 ab
1651 491 1753 531 amore

56 569 140 623 homo
152 568 349 638 cognosceret
364 567 515 636 quantum
527 565 592 635 ejus
608 565 661 637 qui
683 565 768 620 intus
795 581 876 637 rege·

54 658 142 711 hatur
160 655 332 710 versutiam
347 669 452 709 cavere
470 652 634 708 debuisset.
659 654 696 709 D.
720 654 877 719 Quomodo

55 749 190 800 tentatus
202 747 248 798 est
264 742 356 798 homo
369 739 383 794 ⁶?
395 741 435 796 M.
452 741 604 796 Exteriori
618 742 786 798 tentatione
811 746 877 798 tan·

53 837 127 886 tum.
142 832 182 887 D.
199 831 272 896 Qua
283 834 329 885 est
341 830 472 884 exterior
487 830 615 885 tentatio
626 827 688 886 iM.
700 830 809 887 Suasio
824 831 877 887 ali-

53 922 139 991 cujus
153 920 238 975 faeta
248 919 296 975 vel
311 919 399 990 signo
414 917 463 974 vel
476 918 569 974 verbo
586 921 621 973 ut
634 918 686 974 ille
708 920 757 975 cui
783 919 818 975 tit
840 920 878 975 ad

53 1024 237 1065 consensum
252 1008 367 1080 peccati
380 1005 554 1064 inclinetur.
565 1006 602 1061 D.
611 1007 738 1073 Quaeest
752 1008 879 1067 interior

54 1093 209 1152 tentatio?
246 1095 287 1151 M.
320 1096 425 1152 Motus
457 1095 564 1167 primae
593 1095 801 1152 delectationis
826 1113 880 1169 per

53 1202 143 1257 quem
159 1185 199 1240 ad
210 1183 398 1257 peccandum
414 1182 591 1255 impellitur.
608 1183 681 1238 Haec
694 1187 796 1241 autem
821 1185 878 1243 dif-

52 1273 163 1328 ficilius
179 1273 323 1341 tincitur,
339 1272 413 1344 quia
425 1271 556 1327 interius
572 1287 753 1344 oppugnans
761 1273 798 1328 de
809 1290 878 1331 nos·

53 1368 98 1417 tro
111 1368 221 1417 contra
233 1377 290 1417 nos
304 1361 475 1417 roboratur.
489 1360 653 1433 Propterea
672 1361 813 1418 diabolus
828 1380 878 1420 ve·

53 1453 137 1507 niam
152 1465 216 1505 non
227 1450 350 1518 meruit,
366 1449 439 1520 quia
448 1447 533 1503 nulla
545 1449 714 1505 tentatione
723 1452 878 1522 peccavit;

53 1541 143 1594 horno
159 1553 233 1593 vero
249 1537 303 1610 qui
317 1536 459 1593 exteriori
474 1536 645 1592 tentatione
658 1537 800 1609 pulsatus
810 1540 881 1595 ceci-

933 570 1039 627 habito
1048 571 1123 627 boni
1131 577 1292 644 tepescere,
1311 571 1354 624 ita
1367 569 1456 624 modo
1469 566 1611 623 cumulus
1624 564 1754 620 miserim

932 663 978 714 est
991 659 1029 713 ab
1045 660 1181 731 appetitu
1195 658 1268 714 honi
1279 673 1341 714 non
1355 673 1444 729 posse
1457 672 1488 712 se
1502 653 1655 727 (quamvis
1676 651 1752 708 illud

934 747 1059 819 adipisci
1075 748 1216 819 nequeat)
1232 748 1381 803 cohihere.
1398 746 1561 823 D.Utr11m
1583 742 1687 799 volens
1714 757 1753 796 eu

934 835 1039 891 nolens
1050 835 1183 891 deseruit
1196 835 1287 891 horno
1300 834 1470 907 appetitum
1483 829 1636 904 justitiari
1649 830 1692 886 M.
1724 829 1756 885 Si

934 923 1041 979 nolens
1055 923 1200 993 deserutt,
1215 922 1361 978 violentia
1374 922 1477 994 potius
1499 918 1680 992 appellanda
1710 920 1756 973 est

934 1028 1027 1083 quarn
1042 1013 1130 1084 eulpa
1141 1029 1150 1082 3
1165 1012 1191 1066 si
1204 1015 1306 1066 autern
1320 1009 1461 1065 volontas
1474 1007 1664 1081 praecessisse
1678 1006 1756 1061 ineo

934 1101 1130 1171 dicitu1·,jarn
1145 1101 1213 1173 ipsa
1227 1099 1357 1158 desertio
1374 1097 1502 1170 justitiae
1529 1096 1661 1168 primum
1689 1109 1756 1166 pec·

934 1193 1035 1244 catum
1046 1189 1141 1245 fuisse
1152 1195 1300 1259 negatur,
1317 1203 1371 1243 nec
1385 1185 1497 1259 poterit
1511 1183 1642 1240 inveniri
1674 1181 1755 1239 unde

935 1279 1005 1334 talis
1016 1277 1159 1333 voluntas
1175 1278 1201 1332 ei
1213 1275 1381 1333 advenierit
1395 1277 1430 1329 ut
1443 1272 1534 1329 vellet
1547 1273 1664 1327 bonum
1674 1271 1756 1326 dese·

935 1383 999 1423 rere
1008 1384 1015 1436 ;
1031 1368 1105 1439 quia
1119 1382 1174 1423 nee
1189 1384 1206 1420 a
1221 1365 1383 1436 semetipso
1396 1362 1472 1418 velle
1498 1359 1540 1415 ali
1551 1360 1618 1431 puid
1639 1359 1752 1431 potuit,

936 1472 1025 1512 neca
1047 1457 1110 1511 Deo
1133 1455 1300 1527 quidquam
1322 1454 1432 1525 prater
1452 1447 1753 1520 commodumetjus·

935 1549 1001 1600 tum
1023 1545 1100 1600 velle
1126 1546 1308 1617 potestatem
1331 1540 1455 1612 accepit.
1480 1538 1518 1593 D.
1548 1538 1664 1592 Tamen
1684 1551 1753 1591 curn

54 1628 105 1695 dit,
123 1630 214 1682 tanto
228 1625 353 1696 gravius
367 1624 545 1698 plectendus
557 1629 632 1694 erat,
645 1630 760 1697 quanto
773 1626 880 1684 leviori
894 1634 919 1691 Β
934 1634 1068 1689 deseruit
1095 1632 1229 1688 voluisse
1253 1627 1419 1685 credendus
1449 1630 1495 1682 est
1518 1625 1600 1698 quod
1614 1625 1686 1680 iecit
1712 1623 1754 1679 M.

53 1713 297 1788 impulsufuerat
304 1717 486 1785 prostratus.
499 1712 539 1768 Et
545 1717 647 1769 tamen
658 1715 732 1786 quia
744 1714 881 1788 aliquam
936 1723 1027 1778 Recte
1041 1721 1098 1776 hoc
1110 1718 1224 1775 diceres
1240 1718 1265 1773 si
1279 1717 1416 1773 desinere
1431 1713 1548 1786 aliquid
1559 1715 1638 1768 esset
1647 1711 1754 1766 faeere.

54 1806 83 1859 in
111 1802 262 1871 cadendo,
295 1805 331 1857 ut
358 1802 402 1856 ita
429 1801 540 1871 dicam,
571 1803 748 1859 violentiam
775 1805 881 1875 sensit,
936 1811 1122 1876 Quiaautem
1134 1808 1184 1864 ille
1195 1823 1257 1862 non
1271 1805 1348 1861 velle
1363 1804 1454 1876 ecepit
1464 1802 1639 1875 quodprius
1649 1799 1759 1867 noluit,

54 1893 166 1949 idcirco
188 1891 272 1947 hunc
287 1889 410 1947 tandem
421 1889 477 1946 Dei
486 1891 586 1962 gratia
594 1891 633 1946 ad
645 1893 766 1949 veniam
775 1894 879 1949 erexit.
937 1898 990 1954 sed
1004 1895 1217 1952 tantummodo
1232 1893 1315 1967 quod
1329 1893 1416 1964 prius
1426 1890 1535 1959 voluit,
1555 1888 1632 1944 velle
1660 1887 1760 1956 desiit,

53 1981 115 2037 Nos
130 1996 205 2036 vero
225 1983 342 2051 quanto
357 1979 528 2049 graviorem
551 1979 584 2035 in
603 1981 755 2052 peccando
784 1984 880 2038 teuta·
937 2002 998 2041 non
1013 2000 1134 2041 necesse
1147 1987 1177 2040 et
1193 1988 1226 2040 ut
1248 1984 1305 2038 hoc
1319 1986 1374 2036 aut
1399 1980 1505 2036 volens
1529 1983 1582 2033 aut
1596 1977 1704 2033 nolens
1724 1975 1763 2030 io

54 2069 147 2124 tionis
159 2067 342 2122 uiolentiam
358 2067 503 2138 patimur.
519 2070 605 2123 tanto
628 2067 734 2123 leviori
761 2069 882 2141 piaculo
937 2076 1013 2131 cisse
1028 2074 1156 2128 dicatur.
1173 2060 1277 2126 Voluit
1292 2073 1394 2124 tamen
1411 2065 1528 2137 aliquid
1539 2065 1620 2136 qnod
1633 2061 1762 2118 volendo

56 2157 91 2212 ad
106 2157 242 2227 gratiam
258 2155 404 2210 amissam
416 2170 608 2211 renovamur.
627 2155 664 2210 D.
681 2156 747 2221 Quo
776 2158 883 2214 ordine
937 2165 1011 2235 quia
1023 2178 1092 2218 cum
1107 2162 1166 2216 isto
1181 2159 1257 2215 velle
1272 2173 1334 2213 non
1347 2156 1458 2229 potuit,
1471 2153 1562 2209 desiit
1576 2153 1660 2208 istud
1683 2149 1760 2206 velle

57 2248 194 2299 tentatus
204 2248 251 2299 est
265 2240 379 2298 homo?
393 2243 433 2298 M.
444 2243 685 2313 Diabolus,quia
695 2245 884 2303 viditnrulie·
938 2251 1019 2324 quod
1028 2250 1144 2318 voluit,
1158 2264 1213 2303 nec
1223 2243 1477 2302 ideoilludvoluit
1488 2243 1562 2314 quia
1571 2240 1745 2296 velleriesiit
1753 2256 1761 2307 3

58 2350 117 2388 rem
133 2336 241 2404 UiPOte
255 2332 454 2387 infirffliffl'em
467 2335 497 2386 θῐ
517 2332 620 2387 minus
641 2334 759 2389 ratione
780 2335 882 2406 vitien-
939 2340 991 2396 sed
1005 2340 1108 2413 potius
1124 2338 1191 2393 ideo
1206 2336 1289 2391 istud
1300 2333 1376 2389 velle
1387 2331 1477 2387 desiit
1487 2328 1760 2402 quiailludvoluit.

59 2427 129 2490 tem,
143 2420 268 2476 facilius
281 2419 390 2474 fraude
404 2420 618 2475 circumveniri
634 2437 732 2492 posse,
748 2423 883 2493 primurn
938 2432 975 2486 Ι),
992 2430 1091 2495 Quare
1106 2443 1177 2497 ergo
1188 2424 1286 2495 magis
1302 2423 1413 2478 dicitur
1428 2434 1566 2494 peccasse
1581 2420 1613 2474 in
1629 2433 1664 2473 eo
1676 2416 1759 2490 quod

59 2526 124 2565 eam
151 2525 295 2580 agressus
323 2511 368 2564 est
396 2509 652 2579 interrogatione,
681 2511 786 2567 volens
823 2513 884 2567 arri·
938 2519 1022 2576 istud
1035 2516 1111 2574 velle
1124 2516 1214 2572 desiit
1229 2529 1322 2586 quam
1351 2512 1383 2567 in
1411 2527 1445 2565 eo
1471 2509 1553 2580 quod
1579 2507 1655 2563 illud
1680 2506 1758 2561 velle

59 2615 142 2654 mum
152 2599 225 2670 ‚ejus
236 2597 341 2652 elicere
354 2600 390 2652 ut
402 2612 439 2652 ex
454 2598 649 2670 responsione
674 2600 740 2671 ejus
768 2601 885 2672 collige·
938 2608 1063 2680 incoepit
1073 2605 1087 2660 i
1099 2605 1141 2661 M.
1156 2604 1234 2670 Quia
1247 2603 1272 2657 si
1288 2602 1344 2656 hoc
1357 2599 1434 2655 reite
1449 2614 1509 2653 non
1519 2597 1679 2663 desineret,
1698 2595 1763 2650 sive

29 2703 32 2708 '
59 2693 103 2742 rei
119 2686 336 2760 qualiieseam
351 2685 387 2740 (Ῑθ
402 2688 510 2741 ῢὮῐθΓΟ
525 2686 818 2760 stss0quid0bu1880i·
845 2689 881 2745 D·
937 2697 1026 2754 illiud
1042 2695 1105 2750 sive
1120 2692 1204 2747 aliud
1216 2689 1358 2757 volendo,
1378 2701 1537 2758 nunquam
1561 2699 1685 2757 peccare
1710 2698 1763 2754 po-

59 2775 158 2840 Qlfflre
173 2790 233 2830 1101]
246 2773 367 2830 horruit
380 2773 490 2829 mulier
513 2779 683 2848 serpentem
708 2776 884 2849 loquentem
938 2786 1057 2841 tuisset.
1073 2782 1110 2837 D.
1124 2778 1204 2846 Quid
1217 2783 1263 2834 est
1279 2791 1349 2847 ergo
1362 2772 1506 2846 justitia?
1519 2773 1560 2828 M.
1577 2771 1722 2827 Mensura
1732 2769 1765 2823 in

61 2862 145 2920 sibi?
162 2863 205 2918 M.
216 2861 295 2927 Quia
313 2877 383 2918 eum
398 2864 518 2919 noviter
532 2867 668 2920 creatum
684 2865 819 2922 officium
840 2864 884 2922 lo·
939 2873 1077 2946 appetitu
1094 2866 1255 2925 commodi.
1273 2866 1311 2934 ι),
1329 2863 1408 2929 Quid
1431 2866 1477 2917 est
1503 2861 1657 2933 appetitus
1676 2856 1766 2929 Justi-

61 2951 175 3024 <luendi
190 2966 208 3003 ²³
222 2951 286 3006 9⁹⁰
299 2950 444 3022 80θίΡῑθθθ
458 2950 608 3007 credebat·
622 2952 658 3009 D·
676 2952 885 3019 Qu0m0d081·
903 2970 926 3027 G
941 2963 1005 3030 tiae;
1019 2960 1060 3016 M.
1076 2960 1171 3013 Amor
1182 2955 1344 3010 Mensura.
1360 2953 1396 3007 D.
1418 2949 1497 3015 Quid
1512 2963 1583 3019 ergo
1605 2946 1704 3002 voluit
1733 2948 1769 3000 ut

60 3037 181 3094 ¹0⁰¹1t¹1⁸
196 3035 402 3093 θῦῑθῖῑΙἨῩΜ·
420 3039 597 3096 θθΰῑθᾶῑΐθῖ
615 3047 646 3096 ei
674 3044 769 3097 eritis
801 3046 889 3101 sicut
943 3051 1000 3107 hoc
1014 3047 1091 3104 velle
1103 3040 1332 3102 desineretiM.
1343 3040 1447 3095 Voluit
1459 3037 1577 3110 aliquid
1587 3040 1674 3092 extra
1683 3049 1763 3090 men-

62 3129 109 3180 ciii
122 3126 265 3180 scientes
279 3125 394 3181 bonum
408 3133 440 3182 et
450 3131 578 3185 rnatum
590 3131 678 3201 (Gen.
692 3131 739 3203 ιιι)
753 3131 810 3187 Per
825 3134 887 3191 tria
944 3154 1057 3194 suram.
1074 3135 1110 3190 D.
1125 3130 1274 3204 Nunquid
1289 3132 1319 3184 et
1337 3129 1395 3184 hoc
1414 3127 1489 3183 velle
1516 3127 1674 3198 peceatum
1704 3137 1766 3178 non

64 3212 205 3279 tentarit,
220 3225 275 3283 per
287 3211 398 3284 gulam,
404 3229 459 3286 per
468 3231 579 3272 vanam
588 3215 888 3292 gloriamperavari·
943 3225 1026 3282 fuiti
1039 3226 1080 3282 M.
1096 3224 1165 3279 Non
1180 3219 1262 3293 quod
1275 3219 1331 3275 hoc
1347 3216 1444 3272 voluit
1458 3217 1615 3287 peccatum
1627 3213 1696 3281 tuit,
1713 3211 1766 3267 sed

64 3303 146 3356 tiam.
178 3301 233 3356 Est
258 3302 359 3356 autem
384 3300 457 3373 gula
489 3303 708 3362 immoderatus
735 3311 891 3382 appetitus
944 3315 1026 3391 quod
1041 3315 1097 3369 hoc
1111 3310 1240 3367 volendo
1251 3323 1401 3363 mensurae
1416 3303 1548 3372 volendi,
1562 3302 1593 3358 id
1603 3301 1766 3374 justiaeap·

67 3390 169 3445 edendi
178 3406 187 3458 3
200 3405 282 3443 ι-ἰιιιιι
294 3389 402 3460 gloria,
426 3406 514 3447 amor
526 3396 656 3467 propriae
670 3396 789 3468 laudis,
817 3416 887 3455 ava·
942 3405 1073 3479 petitum
1087 3398 1199 3455 amisit.
1216 3397 1253 3452 D.
1274 3393 1460 3461 Quidvoluit
1471 3385 1766 3448 extramensurami

71 3480 138 3533 ritia
153 3477 374 3534 immoderatus
389 3479 531 3552 appetitis
545 3481 688 3540 habendi.
705 3485 762 3540 Per
784 3489 888 3558 gulam
943 3496 985 3552 M.
1002 3487 1240 3550 similitudinem
1255 3485 1311 3541 Dei
1337 3483 1474 3556 appetiit.
1494 3481 1634 3538 Peccavit
1662 3480 1767 3550 itaque

70 3567 205 3634 tentarit,
220 3581 289 3620 cum
303 3565 402 3621 dixit:
419 3567 590 3639 comedite,
613 3571 672 3627 Per
693 3589 806 3630 vanam
826 3577 888 3646 glo·

69 3657 153 3722 riam,
183 3670 253 3710 cum
272 3654 592 3713 dixitzliritiseieut
620 3662 680 3716 dii.
705 3662 762 3718 Per
792 3666 890 3722 avari·

70 3745 139 3800 tiam
154 3759 225 3799 eum
236 3742 332 3797 dixit:
356 3746 664 3804 scientesoonamet
689 3755 825 3809 irratam.
850 3756 887 3811 D.

942 3584 1034 3640 homo
1049 3580 1081 3636 in
1096 3578 1153 3634 hoc
1168 3575 1250 3648 quod
1264 3573 1397 3628 deseruit
1412 3570 1768 3642 appetitumjusti,etpu-

944 3669 1028 3724 nitus
1043 3664 1133 3720 estin
1148 3665 1265 3717 retento
1280 3659 1418 3730 appetitu
1447 3655 1607 3711 commodi.
1627 3655 1664 3709 D.
1686 3654 1766 3718 Quo-

943 3753 1054 3812 modo?
1062 3752 1103 3808 M.
1117 3748 1286 3821 Dupliciter
1300 3746 1427 3817 punitus
1442 3743 1532 3798 estin
1544 3742 1769 3814 appetitucom·

70 3833 180 3888 Vellem
206 3833 242 3885 ut
266 3830 365 3901 ipsam
391 3831 523 3889 radicem
546 3835 638 3892 istius
664 3842 779 3911 peceati
796 3844 889 3917 expli·
944 3842 1047 3911 modi,
1063 3841 1127 3895 sive
1141 3852 1211 3893 curn
1224 3836 1262 3891 ab
1278 3834 1326 3888 his
1341 3849 1409 3905 quae
1423 3831 1565 3887 ordinare
1580 3830 1698 3903 appetit
1712 3845 1770 3885 res·

70 3922 212 3976 careszet
226 3919 305 3974 sicut
320 3918 521 3978 demonstrati
535 3925 612 3982 mihi
627 3943 689 3999 quo
703 3930 809 3987 ordine
838 3949 890 4005 pa·
944 3932 1101 4002 tringitur,
1109 3928 1173 3982 sive
1186 3925 1259 3996 quia
1271 3923 1310 3978 ad
1323 3921 1498 3979 inordinata
1511 3918 1670 3975 commoda
1684 3933 1770 3991 eppe·

69 4013 181 4066 tratum
197 4007 249 4077 ait,
279 4006 325 4063 ita
339 4008 432 4065 etiam
445 4011 519 4083 quid
538 4014 777 4075 sitostenderes.
794 4020 836 4076 M.
855 4021 891 4079 In
945 4019 1038 4079 tenda
1050 4017 1214 4072 relaxatur.
1231 4011 1267 4067 In
1283 4010 1535 4081 alteroestpoena
1550 4008 1583 4063 in
1601 4006 1696 4063 altero
1725 4010 1771 4062 est

69 4100 165 4171 primo
180 4096 308 4153 homine
319 4096 403 4153 Deus
417 4097 479 4156 duo
492 4107 647 4174 posuerat,
676 4106 816 4164 videlieet
840 4126 891 4183 ap·
945 4124 1036 4183 poena
1051 4103 1184 4175 etculpa.
1196 4101 1234 4156 D.
1249 4099 1336 4156 Unde
1349 4098 1433 4154 venit
1447 4095 1565 4152 homini
1585 4099 1620 4151 ut
1648 4097 1772 4166 appetat

70 4188 198 4257 petitum
213 4184 301 4256 justi,
314 4189 344 4241 et
358 4187 529 4259 appetitum
552 4192 703 4249 commodi
709 4210 717 4262 ;
733 4211 840 4267 unum,
862 4199 893 4253 id
946 4184 1492 4260 inordinataiM.ApoenapeccatiD.
1502 4183 1629 4240 Modum
1637 4183 1771 4254 requiro.

71 4277 111 4328 est
120 4272 296 4344 appetitum
307 4272 394 4345 justi,
408 4276 575 4334 secundum
593 4278 802 4353 voluntatem,
820 4285 893 4342 alte·
907 4308 935 4366 D
948 4285 1082 4341 M.Deus
1092 4280 1204 4335 fecerat
1213 4277 1347 4349 primum
1356 4289 1465 4346 corpus
1475 4272 1609 4328 hominis
1622 4286 1732 4325 sanum
1743 4273 1773 4325 et

72 4376 148 4430 mm,
162 4359 196 4414 id
213 4361 436 4432 estappetitum
451 4366 612 4436 commodi,
621 4371 788 4429 secundum
796 4389 897 4430 neces·
951 4375 1114 4443 integrum.
1128 4367 1285 4436 Integrum
1298 4363 1431 4436 quidem,
1448 4362 1521 4434 quia
1537 4359 1614 4415 nihil
1622 4359 1721 4414 inerat
1735 4357 1773 4413 ad

74 4451 205 4505 sitalem.
229 4446 321 4505 illum
329 4452 432 4507 autem
439 4453 507 4511 ideo
517 4455 726 4515 voluntarium
737 4477 802 4518 esse
810 4478 896 4519 cons·
949 4460 1164 4536 perfectionem
1176 4471 1184 4523 ;
1196 4453 1400 4523 sanum,quia
1411 4451 1490 4506 nihil
1499 4451 1598 4506 inerat
1609 4447 1775 4520 adcorrup

75 4539 168 4605 tituit,
181 4539 220 4591 ut
234 4537 268 4590 in
288 4551 323 4592 eo
351 4538 442 4595 homo
473 4551 707 4618 promereretur,
735 4551 799 4606 sive
821 4551 899 4608 bene
952 4551 1077 4606 tionem.
1092 4543 1150 4600 Sed
1161 4543 1193 4598 in
1205 4544 1336 4611 utroque
1347 4539 1437 4594 talem
1451 4537 1655 4594 conditionem
1671 4550 1777 4608 posue

77 4641 145 4680 eum
158 4624 320 4680 retinendo
334 4641 404 4682 cum
429 4634 533 4700 posset
558 4633 704 4705 deserere,
730 4638 793 4693 sive
820 4640 900 4696 male
952 4642 1001 4694 rat
1012 4639 1048 4692 ut
1062 4650 1116 4690 nec
1130 4630 1292 4701 integritas
1303 4644 1357 4683 nec
1367 4628 1484 4684 sanitas
1504 4627 1569 4682 sine
1591 4622 1777 4681 adminiculo
1798 4695 1801 4702 ,

75 4711 241 4768 deserendo
254 4728 324 4768 cum
337 4719 442 4786 posset
456 4720 595 4777 retinere.
611 4723 702 4780 Hunc
721 4730 823 4782 autem
849 4743 899 4783 ne·
952 4727 1056 4799 posset
1063 4719 1245 4778 conservari.
1255 4717 1402 4788 Itaquein
1413 4714 1779 4770 rebuscreatisforinscus

75 4800 242 4856 cessarium
256 4806 625 4879 proptereaessevoluit3
650 4815 803 4883 quatenus
818 4814 850 4869 in
866 4829 901 4871 eo
954 4811 1095 4886 quaedam
1109 4804 1392 4875 ordinavitquaead
1416 4802 1655 4858 conservandam
1686 4805 1779 4872 atque

74 4893 333 4960 remuneraretur,
348 4892 411 4948 sive
426 4894 725 4967 adpoenamsiillum
741 4900 900 4972 desereret,
955 4900 1100 4958 tuendam
1115 4893 1358 4951 incolumitatem
1385 4891 1449 4946 sive
1476 4891 1684 4961 integritatem
1714 4890 1781 4961 ejus

76 4979 140 5033 sive
153 4977 193 5032 ad
207 4977 338 5049 gloriam
353 4980 379 5035 si
393 4980 481 5039 illum
493 4985 646 5043 retineret.
664 4988 702 5044 Et
716 4990 828 5045 idcirco
857 4989 902 5045 illi
954 4989 1055 5047 valere
1069 4985 1241 5058 potuissent
1255 4997 1261 5048 ;
1277 4981 1387 5036 horum
1402 4984 1505 5035 autern
1519 4978 1779 5051 providendorum

75 5067 220 5121 effectum
236 5082 338 5137 suum,
364 5068 460 5126 idest
475 5072 629 5143 justitiam
657 5077 903 5150 inseparabiliter
956 5091 1071 5143 curam,
1087 5076 1117 5129 et
1129 5071 1265 5127 officium
1280 5069 1402 5141 spiritui
1424 5069 1477 5139 qui
1491 5068 1609 5139 corpori
1638 5066 1780 5139 praeside·

76 5155 232 5225 adjunxit,
246 5156 299 5210 isti
314 5171 385 5213 vero
400 5159 540 5216 effectum
556 5178 658 5234 suum,
672 5166 703 5221 id
717 5169 763 5221 est
775 5181 905 5222 commo·
955 5166 1011 5220 bat
1023 5161 1168 5233 injunxit.
1185 5158 1231 5213 Ne
1245 5173 1316 5213 vero
1331 5157 1384 5213 illo
1399 5156 1603 5228 exsequendo,
1619 5157 1645 5210 si
1661 5171 1699 5210 ex
1718 5153 1783 5209 sola

77 5243 153 5297 dum
170 5243 373 5315 separabilem
383 5250 553 5321 proposuit,
570 5257 722 5323 quatenus
746 5254 837 5309 homo
856 5253 906 5309 vel
958 5254 1016 5309 hoc
1029 5247 1232 5323 praeceptione
1246 5262 1307 5301 non
1324 5247 1416 5301 etiam
1431 5262 1468 5300 ex
1500 5260 1603 5299 amore
1632 5242 1782 5315 impleret,

77 5331 131 5386 illo
161 5331 355 5388 scloamisso
379 5334 473 5408 hujus
497 5343 526 5394 et
549 5339 633 5397 illius
652 5343 777 5398 affectus
801 5341 904 5413 perde·
960 5339 1063 5396 servili
1079 5336 1226 5393 condione
1241 5338 1438 5407 premeretur,
1452 5333 1536 5388 dedit
1551 5333 1578 5386 ei
1591 5333 1674 5387 Deus
1697 5329 1783 5384 affec·

77 5422 124 5474 ret
138 5435 148 5488 3
163 5419 213 5475 vel
227 5419 281 5476 illo
296 5421 361 5477 solo
375 5426 494 5481 retento
508 5426 602 5501 hujus
615 5434 644 5485 et
659 5430 743 5485 illius
765 5429 904 5485 effectum
959 5433 1026 5487 tum
1043 5440 1103 5497 que
1118 5439 1228 5495 eorpus
1241 5439 1332 5478 suurn
1344 5426 1471 5492 amaret,
1488 5425 1521 5478 ut
1536 5421 1614 5475 sicut
1629 5420 1695 5489 ejus
1709 5419 1789 5472 inte·
1804 5454 1808 5478 ,

78 5509 236 5563 retineret.
251 5508 310 5564 Sed
324 5510 416 5567 homo
429 5513 486 5571 hoc
498 5516 597 5574 solum
608 5518 690 5591 quod
701 5518 802 5589 potuit
817 5517 905 5586 fecit;
962 5517 1104 5589 gritatem
1118 5516 1147 5568 et
1160 5511 1324 5567 sanitatem
1348 5511 1496 5582 diligeret,
1511 5509 1554 5563 sie
1575 5507 1668 5562 etiarn
1683 5505 1788 5562 omnia

79 5600 111 5650 et
127 5597 204 5668 quia
219 5599 390 5672 appetitum
401 5602 480 5674 justi
495 5612 604 5680 sponte
617 5605 783 5679 deriliquit,
797 5605 908 5661 ideirco
963 5620 1031 5678 quae
1044 5602 1083 5658 ad
1092 5600 1177 5658 illam
1188 5601 1428 5656 conservandam
1438 5593 1713 5653 valerentlibenter
1723 5609 1787 5667 pro

77 5684 164 5756 1⁰⁸1ss
178 5688 210 5743 θῐ
216 5685 373 5820 Jffilgff
384 5695 436 5824 gild
429 5697 621 5828 cppprlodum
632 5695 766 5773 perdidit
770 5710 780 5765 3
810 5692 909 5751 solum
962 5693 1089 5751 videret.
1105 5688 1241 5749 Rursum
1257 5687 1294 5746 rie
1306 5688 1397 5746 velia
1412 5684 1483 5742 illus
1499 5682 1673 5811 quaerencgs
1699 5683 1787 5739 labor
