3742 6082
71 146 125 206 rae
382 103 1471 202 succussusvroroanore.raas11.-nocuar1ca.
1728 140 1786 199 reo

107 271 181 329 Cae.
197 267 248 327 VI.
271 257 523 335 Quales'iuerunt
544 266 645 339 angeli
659 262 783 338 quando
796 261 895 336 primo
907 259 935 316 Α
983 259 1057 317 Gar.
1073 259 1112 317 11.
1128 261 1264 327 Qualiter
1276 263 1369 321 homo
1385 263 1424 320 ad
1434 264 1602 336 imaginem
1626 266 1657 321 et
1672 264 1786 321 simili-

74 360 149 416 facti
163 361 247 416 eunt.
958 348 1095 406 tudinem
1109 350 1165 407 Dei
1179 351 1280 408 factus
1295 353 1344 409 sit.

112 448 186 505 Cae.
200 447 267 504 VII.
284 446 371 514 Quod
384 461 447 502 non
463 444 536 500 iacti
551 445 624 499 sunt
637 441 674 496 de
686 438 815 496 materia
830 451 904 510 prae·
992 437 1066 494 Cae.
1079 439 1133 497 III.
1150 441 1195 497 De
1210 443 1362 499 creatione
1379 444 1409 498 et
1424 441 1542 513 orIgine
1557 441 1680 498 animae.

75 537 206 610 jacente,
228 537 307 593 sicut
322 549 474 606 corporea.
994 525 1067 583 Car.
1084 530 1134 586 IV.
1152 530 1306 587 Delibero
1322 531 1461 587 arbitrie.

113 626 187 683 Can.
204 625 284 682 VIII.
307 624 352 680 De
365 626 498 697 quatuor
518 618 758 693 proprietatibus
785 619 904 672 naturae
998 622 1072 678 esp,
1089 620 1124 675 V.
1141 619 1186 675 De
1198 618 1312 693 duplici
1328 635 1420 676 sensu
1433 619 1555 675 animes.

80 715 234 787 angelicae.
994 711 1068 767 Cae.
1084 708 1135 764 VI.
1149 707 1195 765 De
1208 709 1329 765 duobus
1343 708 1434 765 bonis
1446 708 1545 780 ipsius
1565 706 1714 763 hominis.

115 803 189 860 Car.
205 800 259 857 IX.
273 800 318 856 De
333 799 506 855 differentia
526 797 709 854 substantiae
724 793 904 868 spiritualis.
995 797 1137 856 cisun.
1151 797 1197 854 De
1208 798 1329 855 duobus
1343 797 1504 871 praeceptIs
1517 799 1636 853 natura
1653 799 1684 852 et
1698 794 1790 852 disci·

118 892 191 948 Cae.
205 890 244 946 X.
259 890 305 946 De
319 888 492 945 differemia
503 885 697 958 cognitionis.
960 889 1062 964 plinee.

116 981 189 1036 Gar.
206 977 260 1035 XI.
275 978 320 1035 Dc
332 977 504 1034 differentia
518 975 606 1031 liberi
621 974 752 1031 arbitrii.
996 978 1070 1034 Can.
1083 975 1167 1032 VIII.
1181 975 1226 1032 De
1236 976 1337 1032 tribus
1352 975 1517 1047 generibus
1532 989 1646 1030 rerum.

117 1069 191 1125 Cae.
207 1067 278 1124 XII.
304 1068 417 1140 Inque
438 1065 553 1122 similes
572 1064 687 1121 conditi
716 1065 800 1132 sunt,
818 1063 849 1117 et
873 1059 907 1115 In
998 1067 1072 1123 Cae.
1091 1065 1144 1122 IX.
1158 1066 1203 1121 De
1213 1065 1335 1137 gemina
1345 1064 1486 1121 custodia
1498 1064 1571 1121 vitae
1585 1061 1753 1120 Inferioris.

82 1173 144 1231 quo
159 1156 334 1213 dissimiles.
998 1156 1072 1212 Car.
1089 1155 1126 1211 X.
1143 1153 1189 1211 De
1202 1154 1302 1210 tribus
1318 1154 1452 1211 statibus
1465 1154 1610 1211 homiuis.

118 1245 193 1303 Csr.
210 1244 294 1301 XIII.
309 1243 356 1300 De
370 1242 483 1316 triplici
493 1243 643 1315 potestate
655 1239 789 1296 illorum.
1000 1244 1074 1301 Cae.
1090 1243 1143 1299 XI.
1160 1242 1205 1299 De
1218 1242 1317 1316 prtmo
1333 1245 1504 1300 statuente
1521 1245 1692 1316 peccatum.

119 1333 194 1391 Car.
211 1333 293 1390 XIV.
311 1332 356 1388 De
375 1331 488 1404 triplici
503 1330 687 1402 cognitione.
1000 1332 1073 1389 Cae.
1090 1331 1159 1388 XII.
1176 1332 1221 1388 De
1236 1331 1521 1402 scientiahominis,
1537 1335 1608 1388 ante
1621 1330 1792 1403 peccatum.

118 1422 191 1479 Cae.
208 1422 273 1478 XV.
291 1421 402 1478 Utrum
417 1419 544 1493 perfecti
559 1418 632 1475 facti
658 1419 732 1474 sunt
747 1413 848 1486 angeli
868 1427 908 1468 an
1001 1423 1074 1478 (Ἀρ,
1091 1419 1177 1476 xm,
1194 1418 1239 1477 De'
1251 1420 1425 1492 cognitione
1440 1435 1542 1476 rerum
1556 1416 1740 1475 visibilium.

85 1511 265 1584 imperfecti.
1002 1511 1075 1567 Can.
1090 1509 1170 1566 XIV.
1185 1510 1230 1566 De
1244 1524 1321 1581 cogn
1334 1510 1419 1566 tione
1433 1508 1597 1565 creatoris.

120 1600 194 1657 Cae.
210 1599 291 1654 XVI.
307 1598 394 1665 Quod
408 1598 508 1653 tribas
530 1596 630 1652 modis
644 1595 813 1669 perfectum
839 1590 952 1668 dici-B
1003 1599 1076 1656 (xpp.
1091 1598 1156 1654 xv,
1173 1598 1218 1654 De
1230 1598 1472 1669 cognitionem,

86 1693 148 1759 tur,
177 1687 345 1745 secundum
361 1691 492 1760 tempas,
521 1686 688 1744 secundum
715 1687 859 1740 naturam
879 1682 915 1737 et
1004 1687 1077 1744 ομ),
1091 1687 1171 1743 XVI,
1186 1687 1231 1742 De
1243 1686 1393 1760 qualitate
1413 1686 1502 1742 uperi
1515 1683 1636 1742 arbitrii
1657 1696 1713 1756 per
1736 1683 1798 1735 tres

88 1775 314 1833 univcrsaIIter.
970 1780 1081 1834 status.

126 1865 200 1923 Cae.
216 1865 311 1921 XVII.
329 1863 416 1930 Quod
430 1864 556 1936 perfecti
568 1862 684 1920 conditi
708 1864 781 1918 sunt
809 1875 915 1916 secun·
1007 1867 1080 1923 (Ἀρ,
1097 1865 1191 1922 xvn,
1210 1865 1256 1921 De
1267 1865 1382 1922 virtute
1396 1864 1532 1921 hominis
1546 1865 1617 1918 ante
1627 1861 1797 1933 peceatum,

89 1954 163 2011 dum
176 1953 307 2026 primam
322 1952 549 2025 perfssssfiffllem·
1007 1956 1081 2013 Cae.
1096 1954 1208 2011 XVIII.
1224 1953 1331 2020 Qualis
1353 1957 1474 2011 creatus
1498 1952 1539 2009 stt
1555 1951 1686 2023 ‚primus
1706 1947 1800 2003 homo

125 2041 199 2099 CAP.
222 2040 332 2097 XVIII.
366 2040 478 2097 Utrum
506 2039 626 2113 praeflcfi
651 2039 779 2095 filerunt
818 2037 917 2094 futuri
973 2046 1140 2103 secundum
1155 2058 1275 2116 eorpus,

37 2139 40 2143 '
92 2133 220 2187 eventus
234 2129 293 2185 sui·
1007 2136 1081 2191 Cae.
1095 2131 1177 2190 XIX.
1193 2130 1335 2196 Quandiu
1358 2130 1450 2187 homo
1472 2130 1498 2187 si
1513 2145 1576 2186 non
1597 2128 1751 2202 peccasset
1766 2122 1800 2178 in

127 2218 201 2275 CAP·
217 2216 299 2273 XIX·
315 2215 427 2283 Quales
440 2216 555 2272 ⁰⁰11di²i
570 2220 653 2285 flunt,
669 2215 743 2272 boni
765 2230 805 2270 ⁸¹¹
818 2213 892 2308 mali
908 2230 917 2283 ;
973 2225 1031 2281 hac
1044 2223 1110 2280 vita
1122 2221 1260 2278 inferiori
1274 2235 1397 2276 manere
1412 2218 1578 2276 debuisset.

88 2307 165 2381 justi
180 2322 220 2362 an
234 2305 344 2379 injusti
356 2321 366 2375 ;
381 2305 465 2363 beati
480 2322 520 2363 an
535 2306 649 2362 miseri.
1010 2312 1084 2368 Car.
1100 2310 1167 2367 XX.
1181 2310 1227 2366 De
1241 2309 1388 2367 alimento
1402 2310 1478 2382 ejus.

127 2396 202 2453 Car.
215 2395 283 2452 XX.
304 2395 349 2451 De
366 2394 463 2452 libero
478 2394 606 2453 arbitrio
622 2395 746 2451 illorum
767 2394 801 2450 In
820 2393 920 2466 primo
1010 2402 1083 2457 clep„
1097 2399 1179 2457 xxl,
1194 2400 1239 2455 De
1254 2399 1357 2456 studio
1368 2400 1444 2471 eJus.

95 2484 280 2543 conditionis
304 2483 466 2558 principio,
490 2484 614 2557 quando
638 2484 805 2541 subsistere
825 2495 920 2555 coepe·
1010 2490 1084 2547 Cre.
1101 2488 1199 2545 XXII.
1219 2487 1251 2544 Si
1267 2504 1329 2545 non
1349 2490 1504 2561 peccasset
1518 2484 1621 2552 homo,
1648 2477 1756 2552 quales
1769 2474 1802 2533 fi·

95 2577 177 2631 runt.
688 2576 694 2587 ‘
974 2580 1033 2635 Iios
1045 2578 1211 2650 genuisset.

127 2662 202 2719 Cae.
216 2661 298 2718 XXI.
314 2661 394 2729 Quid
408 2663 448 2719 sit
458 2662 590 2721 liberum
604 2663 778 2719 arbitrium.
1012 2667 1086 2725 Cap.
1103 2666 1215 2723 XXIII.
1233 2666 1345 2723 Utrum
1355 2664 1433 2737 justi
1450 2678 1491 2719 an
1513 2658 1622 2733 iuiusti
1644 2667 1804 2713 nasceren-

131 2752 205 2809 Car.
221 2751 320 2808 XXII.
340 2750 428 2818 Quod
452 2767 571 2826 semper
597 2753 728 2809 liberum
760 2749 922 2806 arbitrium
978 2760 1038 2815 tur,

97 2857 160 2899 non
179 2841 367 2915 adpraesens
382 2845 499 2914 spectat
513 2842 566 2898 sed
580 2842 619 2899 ad
639 2842 790 2911 futurum,
806 2854 861 2896 nec
884 2837 924 2894 ad
1014 2845 1088 2902 esp,
1101 2843 1211 2901 XXIV,
1228 2844 1340 2901 Utrum
1358 2846 1494 2916 paternae
1517 2837 1647 2912 Justitiae
1668 2829 1805 2890 haeredess

98 2946 188 2988 omna
202 2928 256 2987 sed
269 2928 308 2985 ad
322 2931 503 3002 contingens
514 2933 648 2987 tantum.
943 2937 1091 3019 Cessent.

134 3020 208 3075 Cae.
222 3017 334 3076 XXIII.
351 3018 396 3074 De
411 3020 569 3076 aversione
581 3019 713 3092 etlapsa
728 3017 924 3087 melorumet
1014 3025 1088 3082 Cae.
1103 3021 1197 3080 XXV.
1214 3022 1325 3079 Utrum
1340 3018 1433 3078 simul
1444 3012 1658 3087 ,transferendi
1673 3010 1807 3067 fuissent

99 3107 137 3165 de
148 3107 346 3163 conversione
357 3111 387 3163 et
399 3108 629 3164 confirmatione
642 3107 804 3174 bonorum,
981 3129 1021 3170 an
1035 3127 1089 3186 per
1099 3110 1316 3167 successiones.

136 3194 210 3252 CAP·
226 3195 335 3252 XXIV·
349 3194 507 3262 Quomodo
521 3197 555 3252 1ss
567 3196 744 3252 labentibuss
759 3194 850 3268 culpa
863 3209 929 3265 gra·
1017 3201 1091 3257 Cae.
1108 3198 1216 3256 XXVI.
1229 3198 1342 3255 Utrum
1356 3195 1482 3270 perfecti
1497 3191 1695 3249 nascerentur
1711 3186 1808 3242 statu·

100 3284 177 3341 tiam
193 3285 313 3355 avert1t,
329 3288 359 3341 et
371 3285 405 3340 in
428 3285 586 3341 stantibus
600 3284 701 3356 gratia
714 3285 860 3341 mentum
876 3282 927 3339 ad·
982 3304 1017 3346 ra
1031 3290 1061 3344 st
1075 3286 1213 3343 scientia.

100 3375 200 3447 Iuvat·
1018 3377 1092 3432 Cae.
1110 3373 1237 3430 XXVII.
1253 3373 1298 3430 De
1312 3372 1507 3429 InstItutione
1519 3367 1610 3442 primi
1623 3362 1770 3422 hominis.

139 3461 213 3519 Cae.
230 3461 324 3518 XXV.
341 3460 430 3527 Quod
442 3461 476 3518 in
491 3461 556 3519 sola
567 3460 738 3532 voluntate,
759 3464 789 3518 et
807 3460 931 3534 justItia
1019 3464 1093 3521 Cae.
1107 3461 1243 3519 XXVIII.
1257 3461 1303 3518 De
1313 3461 1520 3531 {institutione
1544 3454 1679 3514 heminis
1704 3464 1809 3508 secun·

105 3554 151 3607 est
166 3553 196 3606 et
205 3550 370 3623 injustitia.
985 3554 1059 3612 dum
1072 3552 1249 3609 inferiorem
1263 3551 1356 3609 viam

140 3639 214 3696 Gen.
230 3638 339 3696 XXVI.
354 3639 441 3706 Quod
454 3643 614 3713 peccatum
629 3654 684 3696 nec
699 3638 874 3696 substantia
886 3641 933 3696 est
1020 3644 1094 3700 Cae.
1106 3640 1217 3699 XXIX.
1231 3640 1481 3698 DeinstItutione
1493 3635 1628 3694 homiuis
1640 3626 1811 3689 secundum

106 3744 161 3786 nec
175 3729 212 3785 de
224 3729 409 3799 substantia,
425 3729 478 3785 sed
491 3729 624 3802 privatio
638 3729 722 3785 boni.
988 3733 1175 3807 superiorem
1186 3731 1294 3788 vitam.

141 3815 215 3872 Car.
232 3816 356 3873 XXVII.
373 3816 531 3881 Quomodo
553 3816 637 3873 Deus
652 3832 774 3873 omnem
791 3816 934 3874 volunta·
1023 3822 1097 3879 Car.
1113 3819 1210 3877 XXX.
1226 3819 1271 3877 De
1284 3818 1352 3877 Ioco
1366 3818 1399 3874 in
1422 3831 1484 3890 quo
1501 3813 1622 3889 posItus
1633 3812 1680 3866 est
1693 3805 1814 3881 parcus

106 3909 168 3960 tem
184 3907 214 3959 et
227 3906 411 3975 potestatem
426 3903 617 3975 angelorum,
635 3906 675 3961 ad
688 3920 751 3962 suae
763 3905 935 3963 voluntatis
988 3911 1092 3968 homo.
1556 3895 1558 3899 ’

106 3991 244 4048 ordinem
263 3993 293 4046 et
307 3990 539 4063 dispositionem
550 3992 719 4064 intorquet.
1024 4000 1099 4057 esp.
1112 3997 1224 4053 XXXI.
1240 3996 1285 4053 De
1298 3996 1383 4068 ligno
1397 3995 1481 4052 vitae.

143 4079 219 4136 Gar.
232 4077 374 4135 XXVIII.
389 4077 476 4145 Quod
492 4082 626 4151 quatuor
641 4080 742 4136 modis
756 4079 840 4138 Deus
855 4096 935 4138 coer·
1026 4088 1100 4145 Cice.
1116 4085 1242 4142 XXXII.
1256 4084 1301 4141 De
1314 4085 1399 4157 ligno
1414 4080 1549 4139 scientie
1562 4075 1637 4134 boni
1650 4077 1680 4131 et
1695 4069 1781 4129 mali.

110 4171 157 4225 cet
170 4168 361 4226 voluntatem
382 4171 413 4224 et
438 4169 622 4241 potestatem
648 4168 800 4225 malorum
815 4170 936 4241 angelo·
1027 4175 1101 4233 Cn.
1115 4173 1259 4231 XXXIII.
1275 4172 1363 4239 Quod
1384 4173 1476 4231 homo
1487 4171 1521 4226 in
1534 4165 1677 4242 paradiso
1695 4159 1818 4236 positus

111 4273 191 4314 rum·
952 4309 980 4367 D
993 4269 1049 4336 est,
1063 4280 1126 4323 non
1140 4266 1271 4321 creatus.
1798 4323 1800 4326 y

145 4346 219 4403 Gar.
235 4343 345 4402 XXIX.
365 4344 411 4402 De
433 4345 552 4402 occulta
577 4344 779 4418 dispositione
798 4346 854 4403 Dei
877 4363 941 4420 qua
1027 4355 1102 4411 css.
1118 4352 1256 4411 XXXIV.
1272 4351 1371 4418 Quare
1385 4364 1467 4407 unus
1480 4345 1616 4421 primum
1630 4340 1752 4398 creatas
1762 4334 1819 4391 est.

111 4433 211 4491 melas
223 4434 316 4490 etiam
331 4431 508 4490 voluntates
521 4433 561 4489 ad
576 4449 665 4490 suam
689 4434 879 4492 voluntatem
892 4436 939 4492 in·
1029 4443 1104 4500 Gsp.
1120 4440 1244 4498 XXXV.
1269 4440 1368 4507 Quare
1382 4438 1493 4495 mulier
1508 4434 1544 4491 de
1566 4433 1635 4490 vito
1666 4428 1760 4495 facta,
1792 4423 1823 4478 et

116 4524 249 4594 torquet.
262 4525 293 4577 et
305 4519 442 4593 disponit
452 4521 620 4578 amandum
635 4537 724 4578 suam
738 4522 939 4582 voluntatem.
994 4546 1090 4605 quare
1104 4529 1258 4587 delatore.

149 4609 223 4666 Cae.
244 4606 341 4665 XXX.
358 4607 403 4665 De
429 4608 589 4666 ordinibus
609 4610 787 4682 angelorum
811 4616 887 4686 quot
908 4613 942 4670 in
1031 4618 1105 4678 Gap.
1121 4617 1261 4675 XXXVI.
1276 4610 1554 4684 QuarddormIenti
1568 4609 1654 4667 costa
1667 4600 1824 4661 abstracta

114 4698 266 4772 principio
281 4714 300 4753 a
313 4697 377 4755 Deo
388 4698 504 4755 condlti
515 4702 598 4755 sunt.
996 4713 1051 4766 set.
1427 4692 1432 4702 ’

151 4786 225 4932 (lige.
241 4785 353 4932 XItIXI.
369 4787 480 4845 Utrum
493 4789 598 4862 plures
619 4795 834 4848 remanserunt
848 4806 943 4864 quam
1031 4795 1105 4854 Gap.
1121 4792 1274 4852 XXXVII.
1289 4791 1335 4848 De
1346 4806 1400 4848 sex
1413 4789 1514 4846 modis
1525 4782 1684 4862 operandi

117 4891 178 4933 ceci
200 4891 300 4933 erun.

153 4965 227 5022 Gar.
243 4963 372 5022 XXXII.
387 4966 433 5023 De
453 4966 585 5025 discreta
599 4969 866 5040 cognominatione
895 4986 946 5028 an·
1181 4949 1337 4994 mmm
1356 4947 1499 4990 Sfflffll
1517 4943 1630 4988 mm

119 5054 266 5125 gelorum.
1034 5060 1107 5117 Car.
1120 5061 1143 5116 I.
1157 5059 1202 5117 De
1210 5059 1300 5132 lapsu
1315 5058 1407 5132 primi
1419 5053 1565 5113 hominis.

155 5143 229 5200 Cae.
244 5141 386 5198 XXXIII.
404 5142 516 5199 Utrum
537 5159 643 5201 omnes
664 5146 793 5218 spiritus
812 5146 946 5204 caelestes
1033 5149 1107 5205 Cae.
1124 5148 1164 5203 II.
1180 5147 1279 5214 Quare
1294 5146 1437 5203 diabolus
1451 5145 1484 5200 ln
1498 5143 1598 5200 forma
1611 5135 1713 5193 aliena
1725 5131 1765 5188 ad
1781 5129 1832 5184 bo

122 5233 298 5289 mittantur.
1000 5238 1177 5296 namvenit.

157 5322 232 5379 Cae.
248 5320 387 5377 XXXIV.
400 5319 446 5377 De
455 5320 635 5376 ministeriis
647 5321 802 5392 angelicis.
1037 5326 1110 5384 Cre.
1125 5324 1181 5382 III.
1198 5325 1298 5392 Quare
1308 5325 1394 5398 prius
1407 5322 1447 5379 ad
1462 5320 1611 5378 feminam
1625 5312 1721 5372 sealt.

324 5424 480 5467 cannuca
499 5424 605 5466 SEXTAE
624 5423 744 5466 sanam.
1035 5416 1109 5473 Cae.
1126 5414 1177 5471 IV.
1194 5414 1293 5481 Quare
1303 5414 1342 5470 ab
1356 5410 1600 5483 interrogatione
1613 5413 1742 5462 exorsus
1756 5398 1814 5452 est.

158 5499 231 5557 cir.
248 5499 271 5554 Ι.
287 5498 333 5555 De
346 5499 498 5556 creatione
513 5497 648 5555 homiuis
662 5501 692 5555 et
705 5501 789 5555 statu
799 5497 865 5570 ejus
878 5502 949 5557 aute
1037 5504 1111 5562 Gar.
1127 5503 1164 5562 V.
1181 5502 1269 5570 Quod
1289 5517 1351 5559 non
1369 5501 1426 5559 soli
1440 5501 1506 5558 viro
1516 5496 1704 5573 praeceptum
1725 5487 1833 5546 datum

121 5590 290 5660 peccatum,
306 5590 338 5644 et
352 5601 446 5661 quare
458 5587 542 5646 Deus
555 5585 712 5645 hommem
726 5600 765 5643 ex
780 5600 905 5660 corpore
919 5590 950 5646 et
1003 5591 1054 5650 sit.
1666 5584 1669 5589 ’

75 5727 76 5730 ,
123 5673 323 5734 aamercort.
1029 5677 1114 5773 'Gra
1130 5676 1182 5736 VI.
1197 5675 1244 5736 De
1258 5674 1350 5735 modo
1363 5674 1555 5735 tentaberis.
