3742 6082
120 202 173 258 807
488 195 642 252 annonis
661 197 707 251 DE
725 195 754 251 S.
774 191 923 249 VlGTOBE
942 189 1019 247 OPP.
1037 190 1127 247 PARS
1147 194 1181 248 ll.
1203 222 1237 233 —
1256 189 1467 247 ennuntiat.
1740 204 1743 208 ·
1786 187 1834 241 888

118 337 182 382 non
198 320 347 380 audieras.
360 319 571 389 Forsitanergo
582 318 678 391 dicas,
692 318 878 390 desponsata
887 317 951 371 erat
969 314 1248 377 maledictionem
1275 314 1374 388 potins
1402 329 1495 385 qnam
1520 309 1762 367 benedictionem
1791 301 1836 367 eli*

116 412 183 486 jam
198 413 269 469 tunc
283 407 514 481 Muriaioseph3
542 407 595 463 sed
623 407 723 466 adhuc
752 405 863 477 conjnx
888 419 950 461 non
1006 419 1075 476 gere
1092 405 1377 478 :qualedicendnm
1393 407 1436 459 est
1449 406 1553 467 votum
1569 400 1836 470 lecisseintegrita·

119 504 193 571 arat,
208 497 422 576 qtdanecdum
434 512 503 554 eam
517 496 547 554 in
573 513 661 557 suam
687 499 852 570 acceperat.
876 497 951 551 Nam
1006 493 1042 551 tis
1055 499 1083 551 et
1096 495 1231 552 nubere?
1245 495 1380 551 Libenter
1393 492 1518 565 accipio,
1532 490 1615 564 quod
1628 506 1666 546 ex
1681 494 1734 546 tna
1742 491 1836 563 perri-

46 571 49 583 ’
121 589 147 648 si
186 604 254 647 eam
294 589 404 645 extunc
440 585 472 642 in
508 602 597 642 snam
635 589 802 659 acceparat,
840 599 893 640 cnr
925 582 951 639 ei
1006 584 1089 641 cacia
1102 585 1168 642 laus
1183 585 1306 655 virginis
1319 582 1498 639 cumulatur.
1512 580 1558 639 Sic
1573 580 1635 637 vult
1649 578 1836 636 manifestari

119 681 226 754 postea
239 676 435 735 dictumest:
450 676 572 746 insepti,
587 675 635 744 fili
646 675 757 745 David,
770 674 835 730 noli
849 674 952 730 ttinere
1004 673 1171 744 veritas,sie
1186 674 1248 730 vult
1263 672 1410 730 contutari
1421 671 1571 744 iniquitas.
1580 669 1742 726 Videamus
1755 685 1836 739 ergo,

121 769 256 838 acesim
272 765 403 824 Mariana
418 767 573 838 comageni
586 769 672 823 tunm
689 763 849 836 (nullan.
875 765 951 819 Non·
1005 763 1095 836 quale
1108 764 1154 832 sit,
1171 764 1201 820 in
1215 779 1276 836 qno
1292 761 1458 819 notandam
1471 766 1558 833 putes
1574 758 1733 830 virginem,
1760 759 1838 817 Scili-

87 893 88 897 =
121 857 195 914 dnm
209 871 281 928 ergo
296 855 408 928 conjnx
422 858 494 924 erat,
509 853 634 928 qnando
649 853 688 911 ad
703 869 772 911 eam
784 852 893 910 missus
909 854 953 907 est
1006 858 1061 919 cet,
1077 853 1130 922 ais,
1146 853 1263 927 quiain
1278 852 1433 926 preposito
1449 849 1637 920 virginitatis,
1656 847 1839 905 maledictio-

121 945 258 1018 angalus,
275 945 328 1003 sed
343 948 461 1002 tantum
475 944 657 1018 desponsata
679 948 762 1013 erat3
791 941 951 999 etidcirco
1006 958 1044 998 ne
1058 941 1215 998 sterilitatis
1230 942 1361 998 incurrit.
1380 944 1579 1009 Quantaergo
1599 941 1645 993 est
1666 938 1838 995 maledictio

120 1036 186 1094 deri
199 1035 306 1111 potuit,
323 1038 429 1092 utnon
443 1034 604 1092 mutaverit
616 1033 805 1107 propesitum
829 1031 951 1102 virgini·
1007 1032 1188 1088 sterlitatis?
1202 1035 1295 1088 Tanta
1308 1032 1419 1104 ntique,
1436 1034 1549 1103 quanta
1564 1033 1592 1083 et
1606 1028 1779 1084 benedictio
1799 1028 1837 1083 le·

120 1124 201 1194 tatis,
217 1124 341 1198 qnando
353 1124 536 1198 desponsata
548 1127 602 1194 est,
613 1121 817 1191 etmutaverit,
828 1120 951 1194 qnando
1006 1121 1174 1178 eunditatis.
1198 1125 1230 1178 Et
1244 1122 1310 1195 ipsa
1325 1122 1424 1193 itaque
1449 1119 1618 1175 benedictio
1645 1118 1836 1175 fecunditatis

121 1213 234 1285 canitur
248 1212 328 1270 iacta
339 1217 393 1270 est.
409 1216 470 1271 lloc
482 1212 617 1271 fortassis
630 1211 729 1269 adhuc
740 1228 795 1284 pro
806 1214 889 1283 parte
901 1214 953 1267 tua
1006 1216 1121 1284 quanta
1135 1213 1203 1268 est?
1219 1212 1335 1267 Primos
1350 1210 1415 1266 illos
1431 1210 1523 1265 nostri
1547 1207 1663 1279 generis
1687 1212 1836 1280 parentes,

122 1316 269 1376 oppones.
301 1302 358 1361 Sed
387 1303 466 1360 absit
491 1318 509 1360 a
532 1302 630 1369 nobis,
652 1306 685 1359 nt
699 1301 858 1358 credamus
873 1316 951 1367 cam,
1007 1317 1077 1358 cum
1090 1301 1277 1357 benediceret
1292 1304 1379 1369 llens,
1397 1299 1437 1355 ait
1453 1317 1459 1353 :
1478 1298 1601 1355 Crescite
1617 1302 1644 1353 ct
1659 1296 1837 1370 multiplica·

121 1394 287 1466 postquam
301 1409 333 1449 se
343 1392 454 1450 coelesti
468 1397 558 1466 partu
570 1391 796 1456 fecundandam
806 1389 951 1455 audierat,
1006 1389 1090 1460 mini,
1106 1394 1134 1446 ct
1144 1390 1253 1463 replete
1269 1395 1389 1445 terram.
1398 1392 1473 1458 Ergo
1484 1387 1724 1443 benedictionem
1741 1385 1838 1442 leonn-

120 1481 271 1540 ullatenus
286 1482 326 1538 ad
340 1482 460 1540 carnale
475 1482 691 1539 commercium
706 1495 864 1538 assensum
878 1495 953 1552 prae-
1007 1480 1106 1535 ditatis
1119 1479 1200 1536 dedit
1210 1479 1265 1535 illis
1282 1499 1288 1536 ε
1304 1479 1426 1536 Multum
1442 1493 1513 1547 ergo
1528 1476 1610 1532 dedit
1625 1476 1692 1546 illis,
1716 1477 1837 1549 quando

121 1569 233 1640 baisse,
248 1587 318 1644 quoe
331 1575 359 1628 et
372 1571 551 1644 priusquam
571 1569 661 1627 divini
684 1584 830 1627 arcanum
852 1584 953 1625 saera·
1007 1569 1245 1627 benedictionem
1268 1569 1457 1626 fecunditatis
1484 1567 1565 1624 dedit
1604 1566 1672 1636 illis,
1714 1567 1837 1639 qnando

121 1659 215 1716 menti
243 1659 336 1732 (qnod
354 1660 385 1716 in
400 1677 432 1717 se
454 1659 669 1732 complendum
693 1659 764 1730 crat)
790 1658 952 1725 didicisset,
969 1685 989 1739 B
1007 1659 1080 1717 dixit
1098 1677 1104 1717 :
1122 1659 1248 1717 Crescite
1277 1665 1305 1715 et
1331 1657 1581 1730 multiplicamini,
1605 1662 1633 1712 et
1657 1657 1769 1728 replete
1789 1662 1838 1712 ter·

121 1750 227 1805 votnm
249 1746 427 1818 virginitatis
450 1748 665 1805 conservandae
689 1752 751 1805 tam
776 1747 954 1804 inviolatum
1007 1765 1082 1805 ram.
1096 1753 1203 1805 bonne
1219 1753 1247 1804 et
1261 1749 1367 1804 aribus
1380 1747 1446 1802 omli
1459 1748 1517 1802 troc
1532 1746 1614 1812 dixit,
1628 1750 1656 1802 et
1668 1744 1773 1801 bestiis
1797 1751 1838 1800 at·

82 1913 86 1921 ,
122 1837 227 1908 tenuit,
249 1840 283 1894 nt
308 1855 378 1895 cum
404 1854 436 1895 se
450 1838 584 1895 futuram
606 1838 767 1910 conjugem
783 1837 952 1911 sponderet,
1006 1856 1066 1913 quc
1081 1839 1221 1910 jumentis
1237 1843 1320 1894 terrae
1336 1839 1391 1893 hoe
1404 1836 1478 1893 elisit
1493 1855 1500 1892 ε
1518 1835 1643 1892 Crescite
1660 1839 1689 1890 et
1700 1835 1839 1908 multipli-

121 1925 196 1984 illud
210 1931 312 1985 tamen
324 1927 432 1984 eadem
445 1928 715 2001 nihilominusque
735 1933 875 2002 coeperat,
902 1928 955 1984 de·
1008 1928 1127 1996 camini,
1142 1932 1171 1983 et
1183 1927 1291 2000 replete
1307 1927 1439 1982 terram?
1455 1929 1575 1981 Peracta
1590 1940 1723 1996 namque
1733 1923 1838 1995 quinta

120 2015 252 2084 votione,
269 2016 375 2073 eadem
390 2017 762 2089 perseverantiamfinem
784 2034 880 2091 usque
905 2034 955 2074 eu·
1007 2017 1157 2074 nascentis
1186 2016 1285 2073 saeculi
1310 2017 1367 2081 die,
1396 2032 1465 2071 crini
1487 2013 1678 2086 produxisset
1696 2013 1736 2069 ab
1753 2013 1838 2085 aquis

45 2162 50 2170 ,
122 2104 314 2163 stadiendnm
325 2108 516 2179 proponeret.
530 2109 720 2180 Desponsata
734 2123 807 2179 ergo
832 2111 905 2175 eret,
927 2111 956 2164 et
1008 2111 1086 2164 Dens
1101 2106 1230 2180 piscium
1245 2112 1273 2163 et
1285 2105 1447 2162 volatilium
1463 2121 1568 2175 genus,
1594 2103 1752 2175 subjunxit
1768 2104 1840 2159 Scri-

120 2194 232 2266 conjux
246 2199 320 2268 erat,
334 2199 364 2252 et
376 2211 448 2253 vera
462 2196 548 2268 virgo
563 2200 637 2265 erat,
651 2201 680 2253 et
692 2197 869 2268 virginitatis
883 2213 953 2271 pro·
1007 2201 1096 2270 ptura
1120 2202 1149 2253 et
1176 2196 1249 2253 dixit
1265 2214 1272 2252 ε
1293 2197 1398 2252 Videas
1423 2198 1500 2251 Dens
1521 2195 1600 2266 qnod
1621 2200 1694 2250 esset
1718 2195 1837 2262 tonent,

119 2284 253 2360 positum
266 2300 329 2342 non
344 2284 514 2359 reliquerat.
540 2286 724 2344 confitemur
746 2287 848 2360 itaque
866 2287 956 2356 virgi·
1007 2288 1051 2342 eit
1060 2302 1072 2342 .·
1083 2287 1211 2343 Crescite
1225 2292 1252 2341 et
1272 2286 1528 2354 remuneremini,
1558 2290 1584 2341 et
1607 2285 1720 2353 reptete
1745 2299 1837 2356 anans

7 2450 11 2460 ³
120 2373 435 2448 nemdesponsatam;
450 2374 782 2446 eonfitemmeirginem
793 2377 954 2448 conjugem
1007 2378 1100 2433 inuris
1123 2393 1135 2433 .·
1161 2391 1287 2448 nnesqite
1316 2376 1557 2444 multiplicentur
1600 2389 1692 2443 super·
1726 2380 1838 2429 tenum

119 2462 231 2527 ianam
245 2481 253 2535 ;
268 2467 375 2538 postea
392 2469 522 2523 matrem
534 2480 659 2538 qnoque
671 2469 700 2521 et
714 2465 861 2535 virginem
874 2482 954 2522 senr-
1009 2464 1090 2539 (Gen.
1107 2471 1138 2534 ι).
1155 2469 1283 2521 Rursum
1298 2483 1367 2520 enm
1380 2464 1519 2520 educeret
1543 2467 1601 2519 Noc
1626 2463 1663 2518 de
1684 2479 1756 2519 arca
1771 2479 1837 2519 cunr

119 2567 175 2627 per
188 2553 364 2626 virginitatis
379 2555 570 2629 propositum
583 2554 761 2611 inviolatum
784 2556 956 2612 tenuissent
1008 2555 1149 2612 omnibus
1161 2554 1365 2612 animantibus
1377 2560 1462 2610 terrie
1477 2554 1507 2609 in
1523 2569 1629 2623 genere
1643 2570 1700 2608 sno
1722 2553 1755 2608 in
1779 2554 1840 2608 uni·

121 2641 263 2700 ambiatis
273 2642 367 2700 decus
376 2648 558 2718 perpetuum
572 2659 716 2714 regnasse
730 2661 801 2701 cnm
811 2644 955 2718 pudicitia
1007 2661 1110 2702 versos
1126 2661 1187 2700 suae
1201 2644 1417 2702 benedictionis
1429 2642 1720 2700 mnnnsditlundens
1730 2643 1838 2699 iterum

121 2731 259 2804 conjugis
274 2734 430 2790 ethonore
445 2733 587 2807 parentis.
609 2736 723 2790 intuere
737 2750 829 2803 nunc,
852 2739 881 2790 et
892 2734 956 2789 dili-
1009 2735 1049 2792 ait
1065 2752 1072 2790 :
1088 2735 1217 2792 Crescite
1231 2740 1258 2791 et
1266 2735 1520 2804 multiplicamini
1528 2734 1611 2804 (Gen.
1628 2734 1690 2799 rin)
1705 2736 1734 2788 et
1747 2732 1840 2805 reple-

120 2823 224 2893 genter
236 2820 396 2881 considera
409 2821 557 2893 virginem
570 2821 673 2893 istam,
682 2821 891 2893 virgunculam
902 2839 955 2879 no-
1008 2828 1036 2881 te
1050 2828 1170 2880 terram.
1188 2825 1359 2882 Secundum
1374 2823 1455 2878 illam
1471 2823 1572 2895 utique
1588 2821 1839 2884 misericordiam,

123 2915 217 2969 stram
231 2910 423 2983 singulariter
436 2916 561 2982 castam,
578 2912 756 2970 excellenter
775 2914 953 2987 speciosam,
1008 2930 1070 2987 qua
1085 2915 1182 2972 salvat
1196 2916 1328 2972 tortines
1349 2921 1374 2971 et
1384 2917 1523 2983 ,iernentn
1539 2914 1632 2985 (Pani.
1643 2915 1757 2985 ιω),
1773 2928 1841 2984 ape·

120 3000 212 3059 unice
225 3001 386 3059 mundam.
404 3002 461 3060 Sed
475 3018 533 3074 ego
545 3002 617 3060 novi
632 3002 753 3059 oculum
771 3007 867 3076 tuum,
882 3003 956 3076 qrria
969 3046 990 3104 C
1009 3004 1046 3061 rit
1059 3021 1181 3062 manrnn
1197 3021 1283 3061 suam
1313 3010 1340 3059 et
1363 3003 1466 3076 implet
1485 3019 1570 3059 omne
1586 3003 1704 3057 errirnnt
1726 3002 1841 3057 benedi-

119 3087 222 3164 lippns
239 3094 293 3161 est,
309 3096 338 3148 et
351 3096 467 3166 quante
485 3092 657 3164 diligentius
673 3092 846 3164 intenditur,
872 3097 955 3150 tanto
1010 3096 1107 3152 etiorte
1121 3095 1214 3165 (Psnl.
1232 3094 1334 3165 σιω).
1357 3093 1447 3162 igitur
1461 3091 1627 3148 benedictio
1649 3090 1839 3146 fecunditatis

120 3179 253 3254 iniquius
269 3181 500 3255 contemplatur.
516 3182 706 3256 Lex,inq.uit,
722 3183 819 3239 dixit:
837 3205 851 3234 α
872 3183 956 3240 itale-
1008 3200 1071 3241 non
1097 3183 1196 3239 solnm
1228 3182 1411 3245 hominibus,
1440 3182 1491 3237 sed
1518 3179 1661 3252 jumentis
1688 3179 1761 3236 datu
1787 3184 1838 3235 est.

121 3267 200 3326 dieta
212 3268 250 3326 sit
263 3269 383 3338 sterilis,
399 3287 469 3344 quat
484 3285 547 3328 non
561 3270 657 3344 parit;
674 3275 703 3327 et
716 3287 784 3344 quse
796 3287 858 3329 non
872 3271 957 3327 relin·
1010 3273 1086 3340 Quid
1100 3289 1173 3343 ergo
1191 3271 1263 3328 mali
1289 3271 1357 3327 fecit
1385 3272 1497 3328 llaria?
1526 3250 1773 3337 tt'aledictionem
1801 3270 1840 3324 in·

120 3357 187 3433 quit
195 3374 300 3417 semen
320 3360 352 3416 in
366 3359 456 3417 lsrael
478 3360 576 3432 (Dent.
601 3377 652 3427 vn,
672 3365 726 3429 133
752 3361 850 3418 Enati.
873 3378 956 3431 xxrn,
1010 3362 1083 3436 quit,
1099 3361 1257 3417 sterilitatis
1270 3361 1465 3433 elegitpotins
1484 3377 1577 3433 qnam
1598 3359 1838 3415 benedictionem

119 3447 175 3522 ii).
191 3471 207 3500 »
228 3449 286 3506 Sed
300 3449 365 3506 haec
378 3448 496 3522 peperit
510 3451 538 3504 et
552 3447 659 3507 sterilis
671 3465 734 3505 non
749 3449 813 3518 luit,
830 3467 897 3522 quoe
910 3467 957 3507 se·
1011 3449 1207 3507 fecunditatis.
1238 3449 1382 3505 intendite
1408 3450 1589 3522 equitatem.
1613 3446 1708 3503 index
1742 3449 1839 3502 noster

119 3553 192 3597 men
203 3538 424 3598 benedictionis
436 3537 556 3612 reliquit
568 3538 599 3596 in
620 3538 719 3608 lsrael,
733 3539 764 3596 in
776 3555 838 3613 quo
851 3555 958 3597 sccun—
1011 3539 1158 3612 virginem
1184 3539 1328 3610 damnat,
1370 3557 1405 3596 eo
1429 3539 1511 3613 quod
1548 3537 1691 3611 spreverit
1720 3535 1838 3593 benedi-

45 3704 52 3713 ‚
120 3625 195 3686 dum
211 3627 479 3702 repromissionem
494 3643 600 3684 omnes
615 3631 718 3699 gentes
737 3628 959 3686 benedicuntur
1013 3631 1142 3687 ctionem
1166 3631 1395 3701 jumentornm3
1433 3634 1461 3685 et
1486 3628 1686 3697 virginitatem
1718 3626 1837 3696 eligens,

121 3717 416 3787 eumlsrsel‚omnes
426 3718 480 3792 qni
488 3718 703 3776 benedicentur
713 3719 745 3775 in
756 3719 883 3777 Domino
899 3722 959 3776 Deo
1012 3719 1252 3777 benedictionem
1276 3719 1424 3792 acceperit
1451 3718 1637 3788 angelornm.
1669 3718 1838 3788 inflamme-

121 3806 222 3865 lsreel.
237 3810 449 3866 Verumtamen
474 3808 506 3864 in
533 3808 683 3883 Sapientia
707 3808 880 3866 andivimus
896 3808 959 3865 ieli-
1014 3815 1074 3866 tarn
1091 3815 1143 3877 est,
1159 3809 1255 3882 inquit
1267 3808 1433 3875 Psalmiste,
1450 3824 1502 3864 cer
1515 3823 1622 3876 inerint,
1644 3812 1671 3863 et
1688 3822 1770 3863 renes
1786 3805 1839 3861 inti

122 3909 189 3952 cem
205 3894 336 3951 sterilem
351 3901 380 3953 et
401 3896 670 3969 incoinquinatam,
698 3915 766 3971 quae
785 3915 848 3955 nou
874 3885 961 3956 novit
1014 3900 1188 3955 commutati
1200 3905 1270 3954 sarri
1284 3903 1330 3970 ;et
1344 3914 1396 3968 ego
1411 3898 1451 3953 nti
1465 3897 1594 3952 niln'lrnn
1610 3897 1752 3952 redactas
1766 3911 1836 3956 stent,

122 3981 266 4040 ternmin
281 3982 561 4056 delietc,qnoniam
576 3986 707 4042 tendum
726 3987 850 4044 babebit
873 3988 961 4051 inre,
1014 3995 1041 4044 et
1060 3989 1179 4046 nesciet.
1209 3991 1247 4045 tlt
1257 3992 1427 4060 J'nnrentum
1442 3989 1543 4057 senties
1564 4002 1627 4041 snm
1653 3986 1737 4054 opud
1752 3992 1790 4054 te,
1814 3989 1837 4038 et

124 4074 229 4146 spectu
243 4070 415 4129 animarum
430 4077 604 4131 sanctarum
619 4075 701 4145 (sap.
717 4077 768 4149 ιιι).
783 4080 912 4134 Rursum
929 4078 959 4133 in
1014 4092 1066 4147 ego
1095 4092 1210 4146 semper
1236 4084 1341 4133 tecam.
1375 4077 1507 4131 l’enaisti
1532 4090 1650 4131 manant
1683 4072 1835 4127 <terimam

126 4161 276 4238 propheta
298 4162 443 4220 Dominus
469 4163 658 4221 confinentiae
689 4181 813 4238 merces,
845 4171 959 4239 quanta
1013 4181 1132 4235 inanem
1162 4169 1232 4223 etin
1247 4168 1401 4223 eotrtntnte
1416 4164 1630 4221 trendednnisti
1644 4178 1699 4228 ene,
1724 4167 1752 4217 et
1775 4176 1835 4216 eran

27 4268 32 4277 ·
126 4253 210 4329 apud
224 4253 325 4328 ipsum
338 4254 469 4328 reposita
482 4254 530 4326 sit,
545 4253 684 4325 ostendit,
700 4256 803 4312 dicens
819 4256 959 4314 :Nondi-
1013 4257 1112 4326 gloria
1126 4257 1282 4326 serenitati
1296 4272 1350 4313 ine.
1366 4256 1444 4323 Ouid
1462 4258 1538 4311 enim
1563 4254 1638 4310 milri
1655 4258 1696 4308 est
1713 4253 1743 4307 in
1758 4252 1833 4312 crete,

127 4350 177 4402 ent
190 4345 365 4402 eunuchus:
380 4347 458 4404 Ecce
468 4361 520 4418 ego
537 4347 652 4417 lignum
668 4345 883 4415 arietantium
893 4347 956 4405 baec
974 4395 998 4457 D
1014 4352 1040 4402 et
1056 4362 1073 4402 o
1090 4351 1118 4401 te
1132 4346 1205 4417 qaid
1231 4346 1314 4401 volni
1340 4362 1429 4415 snper
1457 4348 1596 4401 terrem?
1624 4343 1719 4411 (Pani.
1745 4344 1833 4397 ιιιιιιῖ.

125 4433 200 4489 dicit
210 4435 355 4490 Dominus
370 4434 514 4491 eunuchis
526 4449 539 4491 r
550 4434 608 4502 Qui
621 4435 818 4492 custodierint
831 4437 957 4495 sabbate
1013 4436 1105 4505 igitur
1114 4435 1271 4508 Propheta,
1284 4436 1405 4492 invento
1420 4452 1456 4492 eo
1471 4435 1553 4508 quod
1569 4434 1624 4489 sibi
1653 4433 1684 4488 in
1709 4434 1784 4488 certo
1797 4446 1832 4486 rr·

126 4535 202 4587 men,
222 4526 250 4577 et
264 4523 406 4593 elegerint
427 4538 493 4594 quas
515 4525 606 4592 enini,
635 4530 662 4581 et
683 4527 834 4583 tenuerint
857 4528 957 4596 sedne
1012 4525 1144 4598 positum
1159 4530 1214 4593 est,
1228 4525 1375 4599 quidquid
1391 4526 1421 4582 in
1437 4531 1514 4582 terra
1529 4525 1673 4580 haetenus
1700 4521 1831 4591 diligebat

127 4624 235 4681 meum,
248 4610 324 4668 dabo
338 4612 379 4668 eis
394 4613 426 4668 in
441 4612 527 4669 domo
541 4628 617 4685 rnen,
634 4615 707 4672 etin
722 4618 816 4672 murts
830 4619 900 4674 meis
917 4618 958 4673 to·
1011 4613 1041 4668 in
1057 4613 1121 4684 ejus
1134 4615 1356 4686 comparatione
1370 4614 1495 4670 libenter
1507 4612 1634 4686 despicit
1647 4630 1653 4679 ;
1670 4617 1699 4669 et
1712 4622 1830 4683 superea

128 4713 197 4758 cnm
210 4705 238 4757 et
250 4715 357 4759 nomen
371 4702 477 4759 metius
492 4704 595 4774 sfiliis
616 4710 645 4761 et
669 4718 689 4762 n
708 4706 829 4774 filiabus
850 4723 957 4763 nomen
1008 4703 1073 4773 jam
1088 4702 1232 4776 spirituali
1247 4719 1349 4759 amore
1362 4705 1499 4760 ambiens
1514 4709 1575 4760 tant
1591 4703 1643 4758 diu
1664 4718 1695 4757 sc
1718 4716 1771 4774 per
1791 4697 1830 4753 de·

127 4790 340 4859 sempiternum
354 4791 435 4864 quod
448 4808 508 4848 non
521 4793 632 4862 peribit
645 4794 716 4867 (len.
735 4796 801 4867 uvi).
828 4794 899 4861 Quis
914 4799 959 4850 est
1010 4791 1198 4848 lactationem
1214 4792 1365 4849 carnalem
1385 4795 1556 4863 jumentum
1572 4792 1663 4847 inisse
1683 4787 1828 4847 erubescit·

129 4891 202 4948 ergo
229 4877 283 4935 iste
309 4878 339 4935 in
360 4879 541 4938 continentia
565 4881 747 4942 sterilitatem
762 4882 955 4952 maledicens,
1012 4882 1233 4938 inflammatum
1248 4888 1292 4939 est
1306 4884 1396 4954 errirn,
1422 4885 1471 4952 ait,
1501 4899 1687 4949 cormeum,
1715 4885 1829 4937 etrenes

129 4966 318 5025 confinentiae
332 4969 492 5042 puritatem
506 4987 569 5029 non
583 4971 700 5042 videns,
713 4978 742 5030 et
753 4974 883 5031 fructum
896 4989 957 5031 non
1012 4970 1070 5026 mei
1083 4971 1258 5026 commutati
1271 4977 1348 5027 sunt.
1367 4976 1425 5027 ttoe
1440 4976 1493 5039 est,
1509 4984 1563 5044 per
1578 4970 1676 5026 earnis
1696 4984 1797 5026 semen
1807 4966 1829 5022 ir

120 5054 318 5129 intelligens?
331 5061 368 5115 at
376 5062 477 5117 tamen
492 5060 664 5132 audiamus,
680 5068 755 5136 quot
767 5068 861 5136 paret.
1011 5066 1090 5118 terra
1104 5061 1293 5134 multiplicari
1306 5079 1358 5118 cnr
1372 5067 1524 5136 reppetam,
1541 5077 1608 5115 cum
1627 5059 1701 5114 mihi
1719 5060 1750 5116 in
1764 5056 1830 5114 ooele

165 5145 264 5216 tinia,
280 5147 331 5219 ait,
345 5148 587 5208 maledictionem
605 5167 667 5209 non
682 5151 794 5223 effugit,
817 5169 885 5225 quae
905 5168 959 5227 per
1012 5152 1214 5209 haereditatem
1243 5153 1411 5209 conservari
1438 5149 1630 5221 agnoscam?
1664 5151 1745 5206 Deus
1777 5161 1830 5205 ror·

129 5234 306 5308 virginitatis
321 5238 508 5313 propositum
522 5241 705 5299 sterilitatem
728 5241 860 5299 incurrit.
892 5246 960 5297 nm·
1013 5244 1058 5298 dis
1086 5244 1152 5310 mei,
1176 5248 1201 5298 et
1230 5258 1302 5311 pars
1326 5259 1390 5299 nien
1415 5244 1494 5299 Deris
1519 5243 1708 5297 lanternam
1736 5236 1830 5309 (ital.

128 5325 209 5400 plius
221 5330 333 5385 autem.
349 5328 445 5392 Quare
458 5330 571 5386 nubere
589 5330 693 5398 voluit,
713 5332 875 5402 postpuam
889 5348 959 5387 con·
1013 5333 1081 5389 Haec
1106 5332 1224 5388 catilla
1252 5333 1367 5406 optima
1395 5350 1465 5406 pars
1499 5349 1592 5406 quarn
1622 5333 1711 5400 elegit
1732 5328 1830 5388 Μανία,

129 5413 680 5475 tinentiamvoveratillne'sunt.Aut
701 5417 959 5489 proptermaledi-
1013 5439 1077 5493 nette
1106 5439 1164 5477 non
1195 5424 1352 5492 auferetur
1372 5424 1410 5478 nn
1435 5439 1469 5478 en
1495 5423 1629 5490 (tuest
1656 5422 1691 5475 nt
1711 5419 1784 5491 qnia
1808 5428 1831 5469 st

132 5502 262 5563 ctionem
274 5504 433 5563 sterilitatis
448 5506 648 5577 virginitatem
671 5520 732 5561 non
754 5514 957 5580 proponeret;
1014 5513 1044 5565 in
1061 5512 1245 5567 leonoreesse
1262 5513 1492 5579 intellectione
1512 5517 1553 5566 est
1564 5512 1742 5580 comparata
1753 5502 1831 5564 muts

49 5620 52 5627 ·
132 5596 185 5649 ant
209 5599 332 5668 propter
352 5600 456 5652 votum
476 5595 622 5651 castitatis
643 5595 727 5667 virgo
760 5613 959 5670 permansura
1013 5601 1231 5671 insipientibus,
1259 5618 1313 5657 nee
1337 5602 1441 5658 senilis
1475 5602 1553 5657 facta
1577 5605 1617 5656 est
1650 5599 1714 5655 illis
1748 5593 1831 5668 <Part

132 5693 192 5756 nen
220 5682 356 5742 nuberet.
383 5687 467 5740 Nune
490 5700 561 5742 vere
583 5685 609 5742 si
622 5685 760 5759 iniquum
772 5687 839 5760 J‘nre
851 5689 959 5747 dieitur·
1013 5694 1122 5759 narni).
1139 5690 1235 5747 Voluit
1248 5707 1318 5761 crgo
1338 5689 1452 5763 aliquid
1474 5707 1566 5765 snpra
1581 5689 1787 5747 conditionem
1796 5687 1833 5759 ju·
