3742 6082
76 125 129 182 611
379 121 556 180 HUGONIS
574 121 628 178 DE
646 121 676 178 S.
696 115 867 177 VICTORE
885 115 970 174 OPP.
991 116 1092 175 PARS
1110 118 1149 175 11.
1163 149 1199 161 -·
1216 117 1462 177 bonuarios.
1729 114 1787 174 612

78 247 159 303 dicat
181 251 211 303 et
223 245 405 303 condemnat
428 245 552 317 injuste,
566 245 591 299 si
607 243 765 316 judicatur
785 245 816 297 et
828 256 897 298 con·
913 239 941 296 A
955 242 1140 313 omnimoda,
1154 242 1207 298 sed
1221 243 1314 299 etiam
1329 242 1451 298 infinita
1466 242 1692 314 praeparantur.
1709 239 1785 306 Quae

78 335 241 392 damnatur
252 336 345 407 juste;
356 335 389 389 in
402 333 507 390 eadem
517 348 661 389 mensura
674 332 790 403 recipit,
802 345 906 402 quam·
960 329 1100 386 videlicet
1113 331 1179 402 ejus
1192 346 1284 402 poena
1298 333 1371 387 tune
1386 330 1509 385 initium
1521 329 1641 402 accipit,
1651 343 1721 385 cum
1729 327 1789 383 dis·

78 424 195 480 visnon
207 423 264 479 hoc
277 423 330 495 qui
339 421 456 478 dediti
459 421 559 476 udicio
571 420 650 475 enim
661 419 743 486 fecit,
753 422 782 473 et
790 418 905 489 judicio
920 456 927 467 .
961 418 1069 473 trict-us
1084 419 1122 474 ad
1137 422 1307 474 extremum
1320 418 1415 489 judex
1428 418 1522 474 venit.

79 512 205 585 patitur.
222 511 369 576 Quamvis
391 509 617 564 damnationem
633 508 738 562 fecerit
752 505 835 578 quod
847 507 904 562 ini·
1197 508 1270 564 Car.
1287 507 1355 563 XII.
1370 511 1413 562 De
1425 509 1545 563 eodem.

80 616 175 672 quum
189 603 245 669 est,
257 600 375 672 patitur
384 598 612 653 damnationem
622 596 702 669 quod
715 597 834 668 justum
847 598 902 651 est.
996 595 1022 650 Α
1035 600 1133 651 morte
1152 599 1255 652 autem
1268 596 1368 652 carnis
1382 595 1481 651 abeno
1496 593 1628 664 diabole,
1641 593 1724 650 unde
1742 594 1789 649 ni·

79 688 142 745 Nec
155 689 320 761 quisquam
336 687 442 742 existit
463 687 516 758 qui
531 685 676 742 concedat
697 689 761 740 tam
776 683 835 740 cito
852 699 904 739 no·
959 685 1057 739 mium
1068 684 1218 756 superbus
1229 684 1442 754 incedit‚mor·s
1452 682 1578 739 alterius
1587 683 1709 754 generis
1718 698 1792 755 prae·

80 778 216 834 censium
229 775 363 831 finienda
372 791 438 831 esse
448 777 611 844 tormenta,
618 789 710 846 quam
721 773 781 829 cito
789 772 905 829 factum
959 777 1101 843 paratur;
1117 773 1149 826 in
1164 776 1279 828 aterno
1292 772 1363 844 igne
1385 770 1503 828 tartari.
1518 773 1584 838 Quo
1605 787 1668 828 non
1689 768 1791 843 solum

80 869 126 921 est
141 864 349 934 homicidium,
364 864 414 920 vel
435 863 620 919 adulterium
636 861 685 917 vei
701 861 904 932 sacrilegium,
959 875 1029 916 cum
1044 861 1242 930 terrenis‚sed
1254 861 1346 917 etiam
1360 877 1429 917 cum
1445 861 1535 917 aeriis
1548 859 1729 934 corporibus
1743 876 1791 916 ex·

80 969 134 1009 nec
153 953 310 1026 quodlibet
335 953 419 1008 aliud
441 951 551 1020 scelus,
566 966 628 1008 non
644 950 789 1022 temporis
807 949 904 1020 longi·
960 949 1089 1006 cruciari
1100 951 1227 1022 spiritus
1240 951 1370 1022 possint.

80 1040 196 1111 tudine,
212 1042 265 1097 sed
276 1041 451 1113 iniquitatis
466 1044 496 1095 et
510 1040 677 1112 impletatis
692 1037 905 1109 magnitudine
959 1037 1033 1095 Car.
1049 1039 1131 1095 lllll.
1142 1041 1567 1108 Quocipostdumuotiouem
1577 1040 1788 1108 reproborum

79 1130 277 1186 metiendum.
1018 1129 1127 1182 coacti
1136 1130 1270 1195 plenius
1290 1133 1486 1197 copuoscunt
1499 1130 1647 1199 oratiam
1660 1128 1729 1183 Dei.

324 1215 397 1272 Car.
415 1215 467 1271 IX.
484 1218 527 1270 De
540 1218 659 1271 eodem.
995 1215 1788 1288 Remanentibusigiturangelisetbominibusrepro·

115 1303 258 1359 Christus
272 1304 316 1358 ait
332 1321 337 1358 :
354 1306 395 1359 ln
406 1318 471 1373 qua
484 1318 641 1359 mensura
653 1305 758 1358 utensi
767 1302 904 1372 fueritis
959 1303 1054 1360 bisin
1077 1308 1191 1360 aeterna
1211 1320 1314 1377 poena,
1330 1308 1403 1360 tunc
1424 1305 1522 1361 sancti
1548 1304 1644 1361 soient
1668 1303 1791 1376 plenius

80 1393 273 1448 remetietur
294 1393 379 1446 vobis
397 1392 507 1462 (Marc.
524 1406 570 1459 1v;
594 1392 710 1446 Matio.
726 1391 792 1459 vni,
808 1390 840 1445 id
859 1395 906 1446 est
960 1392 1121 1465 quidboni
1136 1393 1300 1449 contulerit
1315 1393 1358 1448 eis
1373 1393 1482 1463 gratia.

81 1479 163 1552 quod
177 1480 294 1549 feceris,
307 1481 443 1551 patieris.
459 1481 529 1537 Non
544 1485 579 1536 ut
594 1481 621 1535 si
633 1484 775 1552 stuprum
789 1481 904 1549 feeerit,
986 1482 1059 1538 Car.
1074 1481 1153 1538 XIV.
1172 1482 1270 1549 Quod,
1287 1483 1458 1536 damnatis
1473 1483 1584 1550 mutia,
1599 1481 1710 1535 cuncti
1724 1480 1761 1533 in

81 1573 223 1638 stuprum
238 1568 384 1639 patiatur,
400 1569 452 1624 sed
467 1569 549 1641 quod
566 1572 688 1641 peccato
702 1568 762 1624 isto
776 1568 850 1624 facit
863 1568 904 1624 le·
920 1579 946 1637 B
1136 1572 1241 1624 vitam
1257 1576 1415 1626 oeternum
1433 1571 1617 1625 intrabunt.

81 1656 123 1726 gi,
137 1655 193 1710 hoc
208 1656 235 1710 ei
249 1655 299 1711 lex
313 1656 416 1725 faciat,
431 1657 463 1713 id
483 1661 529 1712 est
544 1657 617 1729 quia
637 1656 735 1727 legem
752 1657 825 1712 talia
840 1672 909 1728 pro·
1001 1657 1086 1713 Sicut
1109 1659 1189 1714 enim
1212 1659 1317 1730 impiis
1334 1658 1413 1714 dicet
1429 1675 1435 1713 :
1450 1660 1499 1714 lte
1515 1660 1551 1712 iu
1577 1660 1686 1727 ipuem
1701 1661 1793 1712 oeter·

80 1743 237 1798 bibentem
249 1743 285 1798 de
300 1760 356 1800 sua
367 1745 433 1800 vita
448 1744 587 1814 abstulit3
602 1745 721 1800 auferat
731 1761 801 1800 eum
817 1745 913 1805 etiam
966 1763 1047 1801 uum
1065 1747 1190 1816 (Mutila.
1207 1747 1294 1816 xxv),
1310 1747 1354 1802 sic
1364 1747 1458 1819 justis
1474 1763 1480 1802 :
1499 1746 1792 1813 Venite‚benedicti

80 1832 149 1903 ipsa
160 1830 210 1886 lex
222 1831 259 1886 da
271 1832 431 1888 bominum
446 1834 512 1888 vita
527 1848 620 1905 quam
639 1833 726 1903 regit.
738 1833 821 1889 Idem
836 1850 842 1887 ε
855 1836 915 1890 Νο.
966 1837 1079 1891 Patris
1089 1837 1163 1903 mei,
1170 1838 1342 1903 possidete,
1355 1839 1410 1891 otc.
1425 1835 1544 1907 (icio).
1558 1835 1597 1890 Et
1608 1835 1688 1891 siout
1703 1835 1795 1890 ibunt

83 1921 140 1974 tite
148 1920 306 1987 judicare
315 1925 345 1975 et
356 1922 678 1988 nonjudicubimini.
691 1923 731 1976 In
744 1937 807 1991 quo
819 1925 908 1978 enim
966 1924 1012 1980 illi
1025 1925 1058 1980 in
1072 1924 1314 1980 combustionem
1331 1927 1487 1993 aeternam,
1504 1923 1548 1979 sic
1557 1923 1635 1994 justi
1650 1922 1683 1977 in
1695 1921 1793 1977 vitam

77 2009 205 2076 iudicio
226 2009 484 2077 iudicaveritis,
507 2010 749 2076 judicabimini
785 2010 910 2080 (Mutila.
967 2016 1122 2068 aternam.
1139 2011 1218 2078 Quid
1230 2017 1278 2068 est
1292 2018 1404 2068 autem
1427 2014 1496 2067 uita
1519 2017 1654 2079 merua,
1672 2009 1793 2065 sinaut

80 2096 148 2165 vn).
160 2095 309 2168 Nunquid
321 2097 347 2151 si
355 2095 463 2167 iniquo
471 2096 586 2169 judicio
597 2097 794 2168 judicabunt,
804 2099 913 2171 iniquo
968 2105 1161 2172 coacescunt
1184 2105 1224 2167 te,
1239 2101 1353 2173 inquit,
1375 2116 1480 2155 uuum
1505 2115 1618 2156 oerum
1633 2101 1748 2167 Deum,
1762 2101 1794 2154 et

77 2182 314 2257 judicabuntur?
329 2184 428 2240 Absitl
442 2184 536 2241 Nulla
543 2185 656 2257 quippe
667 2186 818 2258 iniquitas
829 2187 913 2260 apud
968 2206 1062 2262 quem
1070 2190 1192 2245 misisti
1200 2191 1312 2245 Iesum
1328 2187 1618 2256 Christumflloan.
1631 2185 1723 2257 xvir.)
1735 2184 1794 2242 Sed

80 2273 191 2342 Deum,
212 2271 264 2328 sed
280 2273 325 2328 ita
339 2273 455 2328 dictum
471 2277 517 2330 est
533 2290 539 2328 ι
556 2274 591 2329 Iu
607 2273 690 2345 quod
700 2274 815 2346 judicio
832 2276 912 2348 judi-
965 2279 1075 2352 jamin
1091 2278 1145 2334 illa
1158 2279 1295 2335 claritate
1319 2278 1356 2334 de
1378 2293 1440 2350 qua
1461 2278 1535 2335 dicit
1556 2277 1641 2333 Patri
1657 2293 1664 2332 :
1687 2277 1791 2344 Qum

81 2361 233 2430 asseritis,
249 2361 281 2416 in
298 2376 332 2416 eo
353 2361 580 2432 judicabimini,
597 2364 747 2434 tanquam
763 2364 790 2419 si
804 2362 915 2420 dicere·
968 2370 1413 2439 babuiupudtcpriusquam
1423 2363 1794 2438 mundusfieretiibid.),·

81 2455 132 2508 tur
149 2467 154 2504 :
172 2449 208 2505 In
224 2464 286 2522 qua
300 2448 459 2505 voluntate
482 2448 694 2506 benefeceritis
709 2450 743 2506 in
758 2451 826 2523 ipsa
844 2451 917 2508 libe·
968 2462 1042 2514 tuno
1058 2456 1157 2512 tradet
1178 2471 1316 2526 reanum
1336 2457 1406 2526 lieo,
1429 2461 1461 2513 et
1483 2456 1580 2512 Patri
1595 2455 1628 2526 (I
1640 2455 1708 2510 Gor.
1726 2451 1791 2521 xv).

80 2536 203 2605 camini,
220 2535 267 2592 vel
279 2535 312 2591 iu
326 2551 388 2607 qua
399 2535 559 2592 voluntate
571 2537 786 2593 malefeceritis
798 2539 831 2593 iu
844 2539 912 2611 ipsa
968 2551 1003 2603 ut
1016 2547 1110 2602 intret
1122 2560 1229 2601 servus
1247 2546 1347 2601 bonus
1363 2547 1399 2599 in
1413 2543 1576 2616 quodiam
1589 2543 1724 2599 Domini
1739 2544 1794 2598 sui

84 2624 264 2697 puniemini.
292 2624 338 2679 Ex
363 2624 567 2695 qualitatibus
580 2625 693 2698 quippe
716 2625 913 2683 voluntatum
968 2635 1092 2702 (Masta.
1106 2632 1193 2704 xxv).

85 2728 150 2768 non
174 2728 211 2768 ex
230 2716 403 2785 temporum
425 2713 534 2786 spatiis
556 2713 620 2769 sive
645 2716 724 2769 recte
750 2714 832 2770 facta
850 2715 915 2772 sive
982 2723 1057 2780 Cup.
1073 2722 1138 2779 XV.
1153 2725 1313 2784 Quomodo
1325 2724 1410 2790 justi
1425 2727 1505 2778 tunc
1518 2735 1607 2777 nuuc
1621 2735 1686 2777 aon
1700 2734 1783 2777 com·

83 2805 206 2874 peccata
218 2803 393 2858 metientur.
408 2801 554 2874 Alioquin
570 2802 671 2874 majus
685 2808 844 2876 peccatum
860 2804 913 2861 ba·
1226 2813 1402 2880 potientur
1417 2812 1528 2866 maiis.

84 2888 174 2945 betur
187 2891 327 2947 arborem
337 2891 475 2964 dejicere,
486 2907 579 2963 quam
595 2892 750 2948 homiuem
766 2893 909 2952 occidere.
930 2927 954 2983 C
1005 2903 1044 2957 Et
1056 2901 1110 2957 ubi
1122 2902 1169 2956 est
1182 2900 1266 2972 quod
1279 2899 1377 2955 saneti
1393 2898 1503 2955 suntsi
1515 2913 1571 2971 pro
1582 2897 1717 2955 inimicis
1730 2897 1796 2953 suis

84 2977 165 3034 Illud
184 2980 265 3035 0⁰5¹ss
287 2979 322 3035 fii
344 2980 436 3052 101¹ssss
459 2995 555 3049 mora,
571 2980 685 3037 issffidffl
708 2979 829 3052 multis;
853 2982 910 3039 hoo
966 3006 1043 3067 quos
1056 2994 1129 3046 tunc
1144 2988 1249 3046 ardere
1267 2989 1427 3058 videbunt,
1443 3003 1504 3044 uon
1529 2987 1663 3044 orabunt
1678 2987 1793 3060 quibus

85 3069 243 3137 unciola,
272 3069 455 3125 breviflsslmO
477 3073 621 3141 temim
647 3069 683 3124 1¹²
710 3069 769 3125 1¹³⁰
797 3071 911 3142 quippe
966 3078 1200 3153 utiquediotum
1223 3082 1269 3133 est
1285 3094 1291 3133 :
1309 3080 1373 3132 Pro
1395 3077 1529 3133 inimicis
1544 3076 1655 3133 vestris
1679 3074 1796 3133 orote?

86 3157 238 3211 sententia
261 3156 300 3210 ad
323 3157 380 3213 hoc
404 3157 503 3213 solum
526 3156 630 3212 eadem
645 3172 789 3213 mensura
804 3162 860 3227 est,
877 3162 912 3215 ut
966 3170 1092 3243 (Matris,
1108 3183 1143 3236 v3
1166 3168 1240 3222 Luc,
1258 3165 1313 3237 vr),
1330 3165 1426 3222 Orant
1450 3181 1506 3238 pro
1527 3165 1661 3221 inimicis
1674 3165 1739 3220 suis
1760 3179 1796 3221 eo

86 3244 169 3314 quod
183 3244 337 3315 praestitit,
354 3245 380 3299 θί
396 3260 457 3300 1¹0ss
477 3247 633 3315 paestetur·
656 3245 757 3318 Atque
771 3245 815 3302 iia
828 3246 912 3318 <1¹10d
965 3262 1101 3330 tempore
1112 3271 1173 3328 quo
1183 3260 1313 3327 possunt
1325 3255 1364 3310 ad
1376 3255 1565 3310 fructuosam
1578 3253 1793 3327 poenitentiam

86 3330 320 3402 illm]udicatur
340 3335 398 3386 0?st
413 3335 561 3386 aeoelmlm
586 3333 727 3403 (ΙῑΙῑῑΠΝῘ8
740 3333 913 3406 qUOdjudi·
965 3360 1071 3402 eorum
1086 3344 1177 3401 corda
1191 3348 1365 3399 convertere
1388 3345 1481 3415 atque
1502 3344 1569 3415 ipsa
1594 3343 1794 3400 conversione

87 3419 201 3475 caverit
215 3423 363 3474 aeternum
378 3434 444 3474 esse
459 3419 640 3492 nequiverit.
653 3420 688 3476 In
699 3419 804 3477 eadem
816 3421 913 3492 igitur
966 3434 1093 3490 salvare,
1111 3433 1191 3498 Quid
1205 3432 1286 3487 enim
1312 3431 1396 3488 aliud
1418 3447 1474 3505 pro
1496 3431 1629 3487 inimicis
1639 3431 1794 3487 orandum

87 3522 232 3563 mensura
246 3507 388 3579 quamvis
404 3523 466 3563 n0n
481 3510 666 3564 aelemOrssm
681 3509 912 3566 malefflssmfflm
967 3527 1023 3591 est,
1047 3522 1108 3578 uisi
1127 3521 1184 3577 boo
1196 3520 1280 3594 quod
1302 3521 1346 3576 ait
1366 3520 1553 3592 Apostolus:
1577 3522 1613 3575 Ut
1635 3522 1689 3576 det
1707 3523 1796 3577 Deus

88 3599 202 3652 aeterna
219 3595 369 3668 supplicia
389 3596 598 3667 remetientur,
615 3602 650 3654 ut
673 3598 746 3671 <luia
766 3603 912 3656 oetssrssflm
967 3610 1276 3680 itlispoemtentium
1286 3613 1330 3665 ud
1342 3609 1794 3679 oopuoecendumveritatem,

87 3684 187 3741 voluit
213 3684 324 3741 habere
348 3685 465 3758 peccati
492 3686 725 3758 perfruitionem
741 3729 749 3757 ‚
776 3688 914 3745 inveniat
967 3705 999 3754 et
1011 3699 1207 3768 resipiscant
1222 3713 1244 3753 a
1259 3699 1382 3753 diaboti
1403 3695 1527 3768 laqueis
1541 3711 1636 3765 aquo
1650 3697 1797 3765 captiae.

88 3778 234 3830 aeternam
246 3774 389 3831 vindiciae
404 3774 609 3830 severitatem·
969 3793 1094 3844 uantur
1108 3789 1152 3843 ud
1166 3789 1272 3856 ipsius
1286 3788 1489 3843 voluntatem
1504 3785 1552 3857 (ΙΙ
1563 3786 1646 3840 Tem.
1660 3785 1710 3855 11).

341 3863 415 3920 cip.
432 3863 469 3919 X.
489 3865 530 3919 De
544 3867 665 3921 eodem.
920 3871 925 3883 ‘
1292 3877 1336 3930 De
1349 3878 1469 3932 eodem.

124 3950 205 4005 Scire
223 3950 314 4006 veiim
330 3951 482 4021 quomodo
494 3951 614 4024 justum
630 3953 915 4026 su,utou1paquae
1005 3964 1127 4021 Placeat
1140 3962 1223 4035 quod
1237 3962 1323 4019 diois.
1339 3964 1379 4018 nt
1402 3963 1555 4035 quomodo
1578 3961 1710 4036 proibis
1724 3965 1801 4018 tuno

90 4054 159 4093 cum
174 4039 233 4093 fine
244 4042 420 4110 perpetrato
435 4041 490 4109 est,
503 4039 568 4095 sine
589 4041 649 4096 fine
674 4042 832 4114 puniatur.
847 4043 916 4098 Gre·
970 4052 1117 4120 0rahitur,
1135 4051 1188 4123 qui
1200 4051 1264 4122 jam
1281 4050 1458 4107 nullatenus
1472 4054 1604 4124 possunt
1618 4050 1656 4107 ad
1669 4050 1800 4122 Justitiae

91 4126 195 4197 80fi¹¹⁸
211 4143 217 4181 ἕ
233 4126 298 4182 HOC
312 4130 392 4182 ῐθθῑθ
416 4126 576 4196 (ficeretur,
597 4128 623 4183 Si
646 4128 805 4185 &Strictim
820 4130 916 4202 judex
969 4156 1061 4213 opera
1085 4141 1125 4195 ab
1150 4140 1315 4211 iniquitate
1336 4141 1528 4197 commutari.
1558 4139 1672 4196 Eadem
1694 4139 1802 4211 itaque

92 4230 153 4270 non
171 4215 262 4271 corda
283 4215 442 4271 hominum
466 4215 518 4271 sed
539 4216 620 4272 facta
641 4220 792 4289 pensaret.
812 4218 914 4292 lniqui
970 4243 1063 4284 causa
1086 4231 1132 4284 ost
1154 4243 1207 4283 our
1230 4242 1292 4283 non
1315 4231 1427 4298 oretur,
1450 4232 1524 4284 tuno
1546 4243 1602 4301 pro
1623 4227 1802 4301 hominibus

91 4304 172 4360 enim
191 4303 259 4360 ideo
274 4319 342 4359 cum
367 4304 424 4359 fide
450 4304 654 4377 deliquerunt,
669 4305 742 4376 quia
761 4322 829 4362 cum
855 4307 915 4365 fine
971 4317 1041 4388 igne
1056 4320 1168 4372 aeterno
1183 4316 1348 4385 damnatis,
1363 4333 1432 4389 quae
1447 4332 1529 4372 nunc
1543 4316 1635 4371 etiam
1648 4331 1741 4371 causa
1755 4319 1802 4371 est

92 4394 244 4449 vixerunt.
256 4392 659 4465 Namvoluissentutiquesi
672 4395 917 4465 potuissentsine
971 4410 1007 4461 ut
1022 4420 1082 4460 non
1098 4408 1201 4460 oretur
1214 4420 1269 4476 pro
1287 4404 1420 4473 diabolo,
1437 4404 1615 4477 angelisque
1626 4404 1702 4475 ejus,
1714 4406 1801 4459 aeter-

94 4483 154 4536 fine
169 4483 282 4549 Vivere,
304 4486 338 4537 Ut
352 4483 526 4553 Ρθῑῑῑῑῦὃθῦῑ
551 4483 689 4538 ΒῙΠΘῙῘΠΘ
713 4499 845 4555 peccare·
869 4487 920 4543 08·
971 4511 1011 4552 no
1034 4493 1182 4566 supplicio
1205 4494 1368 4566 deputatis.
1390 4493 1464 4560 Quae
1487 4493 1682 4549 nuncetiam
1706 4507 1803 4548 causa

94 4569 225 4625 tendunt
238 4569 319 4624 enim
334 4570 408 4639 ‘luia
423 4570 454 4624 ΠΙ
476 4575 598 4641 99003ῑο
613 4586 731 4643 Semper
744 4573 856 4629 Nives&
868 4592 917 4632 cu·
972 4589 1065 4640 estut
1080 4599 1141 4640 non
1164 4588 1252 4639 orent
1276 4585 1374 4640 sancti
1388 4583 1528 4639 homiues
1552 4599 1608 4655 pro
1619 4581 1801 4638 hominibus

93 4656 704 4730 Pissnttqllimlss‘iuamdffiissumlemare
715 4661 787 4718 dum
797 4664 916 4720 Vivunt-
971 4673 1147 4729 infidelibus
1161 4673 1325 4745 impiisque
1340 4672 1503 4741 defunctis,
1520 4671 1580 4727 nisi
1593 4671 1667 4743 quia
1681 4671 1725 4726 eis
1740 4670 1801 4726 uti·

93 4746 141 4801 Ad
154 4760 296 4816 magnam
311 4761 383 4816 ergo
392 4746 545 4819 justitiam
551 4747 718 4820 judicantis
728 4753 870 4824 pertinet,
884 4756 919 4808 ut
939 4782 951 4799 ·
972 4777 1031 4835 que
1046 4777 1123 4832 quos
1137 4764 1250 4817 aeterno
1275 4761 1424 4833 supplicio
1447 4760 1610 4832 deputatos
1627 4760 1692 4831 jam
1708 4773 1802 4815 nove·

94 4850 253 4905 nunquam
268 4838 391 4891 careant
406 4836 565 4909 suppliciQ
580 4840 634 4911 qui
655 4839 688 4895 in
710 4840 767 4895 hac
786 4842 850 4896 vita
865 4858 917 4898 110·
971 4854 1044 4905 runt
1058 4854 1128 4905 ante
1143 4848 1230 4905 illurn
1240 4849 1352 4922 judicis
1359 4850 1436 4921 justi
1445 4852 1640 4921 conspectum
1652 4846 1803 4903 orationis

92 4925 217 4981 luerunt
232 4939 332 4979 carere
346 4928 479 4996 peccatu.
972 4954 1035 4994 suaa
1050 4939 1193 4994 meritum
1207 4939 1320 4994 cassari
1336 4935 1516 5009 refugiunt?
1541 4936 1693 5001 Quoniam
1718 4951 1803 4992 nunc

93 5012 166 5069 Csr.
184 5013 236 5068 Xl.
251 5013 411 5079 Quomodo
424 5015 573 5069 diabolus
587 5031 676 5072 nunc
690 5022 872 5090 cruciatur,
887 5027 919 5076 et
971 5042 1093 5098 quoque
1107 5026 1246 5082 viventes
1259 5026 1336 5098 justi
1351 5031 1381 5081 et
1403 5026 1534 5081 mortuis
1548 5029 1577 5080 et
1604 5024 1760 5080 damnatis
1772 5027 1804 5079 et

217 5104 374 5171 quomodo
389 5103 425 5157 iu
448 5101 564 5172 futuro
579 5107 790 5163 crisciubitur.
970 5115 1095 5186 injustis
1110 5114 1235 5170 minime
1248 5114 1488 5186 compatiuntur,
1498 5112 1622 5186 quando
1634 5112 1734 5168 adhuc
1747 5111 1802 5167 eli·

128 5187 284 5261 Antiquus
298 5190 396 5246 nostis
411 5192 556 5263 nequitias
575 5209 638 5250 suae
662 5196 792 5252 vinculis
812 5198 917 5254 astrio·
971 5203 1045 5275 quid
1065 5204 1230 5275 judicabile
1243 5203 1279 5259 de
1304 5219 1359 5258 sua
1382 5219 1475 5258 causa
1490 5218 1555 5258 sese
1576 5202 1693 5274 perpati
1706 5201 1803 5257 etiam

93 5282 154 5348 tus,
170 5277 254 5333 aliud
268 5282 314 5333 est
336 5278 418 5351 quod
431 5295 512 5334 nune
533 5283 659 5353 patitur,
676 5283 759 5339 aliud
781 5285 863 5357 quod
885 5287 917 5342 in
970 5290 1030 5362 ipsi
1044 5296 1202 5348 noverunt.
1218 5292 1277 5358 Qui
1300 5295 1388 5347 tanto
1402 5291 1572 5347 districtius
1584 5295 1658 5346 tunc
1677 5290 1802 5362 iniquo·

92 5366 152 5422 tine
167 5367 309 5439 patietur.
326 5366 405 5432 Quia
426 5368 507 5423 enim
532 5384 551 5424 a
573 5368 650 5425 lucis
672 5371 788 5426 intimae
812 5372 917 5430 ordine
970 5394 1038 5433 rum
1055 5383 1206 5435 tormenta
1220 5380 1403 5453 despiciunt,
1418 5383 1536 5452 quanto
1551 5379 1590 5434 ab
1612 5379 1696 5433 omni
1722 5379 1802 5435 vitio

94 5454 201 5510 cecidit
225 5470 306 5510 nunc
331 5456 549 5528 semeptipsum
573 5457 757 5514 intrinsecus
783 5460 917 5518 horroris
970 5468 1174 5539 corruptionis
1189 5469 1273 5524 exuti
1295 5469 1355 5541 ipsi
1375 5469 1440 5540 jam
1461 5468 1591 5540 justitiae
1606 5466 1741 5522 vicinius
1754 5470 1801 5523 at·

94 5542 222 5613 caligine
237 5544 393 5600 confundi,
410 5543 468 5599 Sed
481 5549 551 5616 post
576 5545 633 5599 bac
655 5547 861 5605 amaritudine
875 5551 917 5607 in·
970 5570 1029 5628 que
1044 5557 1158 5612 arctius
1171 5557 1375 5613 inhaerebunt.
1391 5557 1440 5613 Sic
1453 5559 1566 5631 quippe
1586 5571 1691 5612 eorum
1714 5571 1798 5611 men·

94 5629 245 5702 volvetur,
260 5633 492 5705 quiasuperbiae
502 5633 567 5705 ejus
578 5633 728 5707 supplicia
739 5653 800 5695 non
816 5640 916 5699 solum
969 5647 1015 5700 tes
1028 5660 1083 5718 per
1093 5645 1152 5702 troc
1167 5645 1248 5719 quod
1259 5645 1432 5718 justissimo
1450 5646 1603 5705 iubaerent
1626 5644 1735 5718 judici,
1751 5646 1801 5703 vis
