3742 6082
102 178 156 238 175
404 180 581 240 HUGONIS
599 183 653 241 DE
670 183 701 241 S.
721 182 894 243 VICTORE
912 179 997 241 OPP.
1016 176 1117 239 PARS
1135 177 1174 237 11.
1194 208 1230 221 -
1255 178 1500 238 DOGMATICA.
1758 185 1814 244 176

137 303 212 361 Car.
227 302 463 387 VI.·Quomodo
487 323 593 365 omnes
621 311 703 365 artes
730 308 930 366 subserviunt
945 309 973 364 A
1022 306 1096 362 Cur.
1118 303 1229 360 XXIX.
1254 301 1342 368 Quod
1365 304 1398 360 in
1412 304 1555 379 operibus
1578 310 1816 368 restaurationis

107 391 220 450 divmae
235 395 402 467 sapientiae.
986 395 1120 452 maxime
1134 395 1275 448 versatur
1289 393 1441 450 tractatIo.

143 481 217 541 Ger.
234 483 300 540 VII.
317 484 362 541 De
374 501 501 541 numero
515 484 663 541 librorum
677 484 757 542 sacri
771 485 895 559 eloquii.
1023 482 1096 540 Cur.
1112 481 1207 538 XXX.
1222 481 1360 548 Quatuor
1374 497 1439 538 esse
1453 498 1506 555 per
1522 499 1592 556 quae
1600 499 1701 543 sermo
1710 488 1816 546 subse·

988 589 1085 647 quens
1102 571 1244 628 decurrit.

281 643 440 700 TABULA
463 643 621 701 PRIORIS
640 644 758 704 LIBRI.

1169 733 1325 774 curmusi
1344 732 1494 773 succuum
1513 733 1634 788 aruris,

317 802 473 844 CAPITULA
492 804 598 846 PMMAE
619 806 729 847 PARTIS
1024 843 1098 899 Cur.
1115 841 1138 897 I.
1156 841 1201 896 De
1214 856 1308 896 causa
1322 841 1484 897 creationis
1498 841 1633 897 hominis
1649 842 1731 900 etde
1746 859 1815 899 cau-

143 926 216 983 Cun.
232 926 255 982 I.
287 927 390 985 Unum
417 948 483 988 esse
511 934 696 1007 principmm
722 950 741 989 a
768 949 829 1006 quo
854 934 935 989 facta
989 932 1032 988 sls
1046 931 1296 1005 primordialibus
1310 947 1412 987 rerum
1427 932 1575 988 omnium.

109 1018 182 1070 sunt
196 1018 300 1073 omnia
315 1017 351 1074 de
366 1021 474 1078 nihilo.
1024 1020 1098 1078 Gur.
1116 1020 1154 1076 II.
1170 1020 1216 1076 De
1231 1021 1332 1077 causis
1344 1021 1595 1093 primordialibus
1615 1025 1645 1078 et
1660 1021 1697 1078 de
1711 1022 1821 1080 effecti·

144 1101 217 1159 Cnr.
235 1104 273 1161 Il.
291 1105 403 1164 Utrum
417 1111 504 1182 prius
527 1111 657 1167 materia
677 1110 760 1168 facta
774 1115 820 1167 est
841 1125 935 1183 quam
988 1111 1048 1167 bus
1060 1125 1177 1166 earum.

109 1191 217 1249 forma.
926 1206 929 1211 '
1024 1199 1097 1256 Gar.
1114 1199 1168 1255 III.
1184 1198 1229 1255 De
1242 1199 1436 1271 generatione
1447 1214 1611 1255 causarum
1633 1200 1817 1272 primordia·

143 1281 218 1340 Cae.
239 1283 294 1340 III.
311 1286 402 1343 Ratio
427 1303 521 1359 quare
536 1288 634 1344 voluii
645 1288 729 1344 Deus
752 1303 806 1361 per
820 1290 934 1360 tempo·
987 1287 1075 1345 lium.

109 1386 178 1427 rum
193 1372 357 1430 intervalla
371 1391 463 1448 opera
479 1392 536 1432 sua
557 1377 596 1432 ad
615 1378 848 1450 completionem
868 1392 935 1450 per·
1024 1377 1098 1434 Cur.
1114 1376 1165 1434 1v.
1188 1376 1262 1443 Quae
1277 1377 1316 1433 sIt
1335 1377 1435 1449 prima
1455 1391 1549 1433 causa
1575 1377 1760 1434 conditionis
1775 1394 1820 1433 ra·

109 1459 217 1517 ducere
232 1467 262 1517 et
276 1463 363 1535 prius
378 1479 443 1521 esse
458 1466 557 1522 Iacere
573 1482 666 1539 quarn
682 1465 844 1540 pulchrum
857 1480 932 1522 esse.
990 1466 1161 1524 tionalium.

144 1548 218 1606 Cur.
235 1551 285 1607 IV.
304 1551 416 1610 Utrum
430 1554 532 1626 potuit
545 1554 712 1627 ailquaudo
724 1570 791 1611 esse
806 1554 937 1611 materia
1026 1556 1100 1614 cip.
1119 1557 1154 1612 V.
1178 1556 1265 1622 Quod
1280 1555 1392 1612 divinae
1406 1554 1563 1612 voluntati
1584 1558 1614 1612 et
1627 1555 1753 1612 bonitas
1768 1555 1819 1612 od·

109 1637 176 1694 sine
190 1639 299 1697 forma.
954 1661 980 1718 Β
994 1646 1055 1702 fail
1070 1650 1100 1703 et
1113 1649 1259 1719 potestas.

143 1727 217 1786 Car.
234 1729 270 1785 V.
287 1730 385 1787 Simul
400 1736 501 1788 creata
516 1733 612 1789 fuisse
627 1733 741 1803 omnia,
767 1733 870 1804 idest,
892 1733 936 1791 vi·
1028 1734 1101 1792 Cur.
1118 1734 1169 1792 VI.
1186 1735 1232 1791 De
1255 1734 1355 1791 tribus
1379 1734 1521 1807 perfectis
1535 1737 1565 1790 et
1593 1733 1823 1806 perficientibus

108 1817 210 1873 sibilia
225 1822 254 1874 et
267 1820 446 1877 Invisibilia.
993 1825 1106 1881 omnia.

142 1906 216 1963 Cur.
232 1907 282 1964 Vl.
300 1909 345 1965 De
359 1910 661 1983 primainIormItate
684 1927 786 1967 rerum
799 1913 937 1968 omnium
1028 1913 1101 1969 Cur.
1118 1912 1183 1969 VII.
1210 1911 1298 1979 Quod
1323 1913 1387 1968 haec
1416 1912 1476 1968 tria
1498 1910 1535 1967 dc
1562 1910 1626 1967 Deo
1651 1911 1820 1968 secundum

108 1996 208 2068 qualis
223 1997 301 2054 fuit:
318 2002 348 2054 et
363 2000 501 2072 quandiu
516 2001 651 2056 mundus
672 2001 705 2057 in
729 2000 784 2058 illa
798 2017 937 2075 perman·
992 2002 1199 2059 substantiam
1214 2001 1367 2058 dicuntur.

104 2085 154 2141 sii.
1028 2091 1101 2148 Cur.
1132 2091 1216 2148 VIII.
1245 2090 1345 2155 Quare
1370 2090 1434 2146 haec
1470 2089 1530 2147 tria
1554 2104 1624 2145 cum
1651 2089 1819 2145 secundum

144 2173 218 2231 Cur.
231 2175 298 2232 VII.
315 2176 360 2234 De
374 2178 570 2236 disIInctione
584 2179 787 2237 formaIIonis.
993 2181 1199 2239 substantiam
1218 2180 1370 2250 dIcantur,
1394 2179 1483 2252 quasi
1498 2178 1622 2251 propria
1639 2178 1673 2234 In
1696 2178 1820 2251 quibus

143 2262 217 2321 Gur.
234 2264 315 2322 VIII.
328 2266 374 2323 De
387 2268 534 2339 mysterio
543 2267 623 2324 lucis
638 2284 734 2342 quaro
746 2269 847 2342 prima
857 2270 939 2327 lacta
992 2271 1063 2327 darn
1074 2270 1150 2326 locis
1164 2269 1302 2343 personis
1314 2268 1465 2324 attributa
1481 2267 1692 2324 inveniuntur.

110 2356 166 2409 est·
1027 2360 1101 2417 Cur.
1116 2358 1169 2416 IX.
1187 2358 1274 2425 Quod
1289 2357 1441 2431 sapientia
1453 2356 1510 2412 Dei
1524 2372 1594 2412 cum
1609 2371 1672 2412 una
1687 2356 1728 2412 sIt
1742 2355 1774 2411 In
1787 2370 1818 2411 se

53 2471 58 2477 ·
143 2442 217 2500 Gar.
234 2443 287 2500 IX.
305 2444 411 2511 Qualis
425 2443 530 2501 eadem
544 2446 626 2503 facta
639 2451 685 2503 est
699 2446 763 2517 lux,
779 2450 809 2504 et
824 2447 888 2504 ubi.
993 2449 1160 2507 secundum
1175 2463 1232 2505 nos
1244 2447 1365 2504 diversa
1379 2446 1505 2502 nomIna
1519 2446 1655 2502 sortItur.

145 2532 218 2589 Cur.
235 2533 273 2589 X.
288 2533 376 2601 Quod
399 2535 493 2592 simul
516 2536 598 2592 facta
611 2539 657 2593 est
684 2536 739 2592 lux
752 2536 885 2594 visibilis
908 2540 939 2594 et
1027 2539 1102 2610 Gur,
1118 2539 1156 2595 X.
1172 2537 1260 2604 Quod
1274 2536 1419 2593 voluntas
1433 2535 1489 2592 Dei
1504 2539 1618 2591 aterna
1630 2533 1691 2591 fuit
1705 2533 1742 2590 de
1755 2548 1821 2607 ope·

109 2621 275 2679 invisibilis
291 2627 321 2680 et
334 2624 451 2696 pariter
465 2625 565 2682 divisa
580 2641 598 2681 a
612 2626 756 2683 tenebris.
991 2644 1024 2685 re
1038 2626 1208 2700 temporali,

145 2710 219 2768 Cur.
236 2711 288 2768 XI.
316 2711 404 2778 Quod
425 2712 480 2769 lux
504 2717 567 2771 tres
590 2715 655 2771 dies
675 2714 883 2786 illuminavb3
909 2721 938 2772 et
1028 2717 1101 2774 cip.
1120 2716 1171 2772 XI.
1186 2715 1273 2781 Quod
1286 2715 1347 2772 tria
1360 2715 1394 2770 in
1408 2714 1472 2769 Deo
1487 2711 1783 2769 coaeternafuerunt.

112 2815 207 2871 quare
222 2805 293 2857 ante
308 2799 401 2857 solem
417 2802 499 2859 facta
512 2807 567 2860 est.
1028 2807 1101 2863 Gur.
1119 2805 1186 2861 XII.
1203 2805 1290 2871 Quod
1312 2805 1372 2860 tria
1384 2801 1521 2861 visibilia
1535 2801 1653 2871 mundi,
1668 2803 1728 2858 tria
1742 2801 1819 2858 invi·

145 2888 218 2945 Car.
236 2888 304 2945 XII.
321 2890 553 2948 Sacramentum
573 2893 748 2949 divmarum
763 2909 900 2966 operum.
993 2895 1096 2952 sibilia
1109 2895 1167 2951 Dei
1178 2894 1399 2949 demonstrant.

147 2976 220 3035 Cur.
237 2978 320 3035 XIII.
342 2979 442 3046 Quare
457 2981 536 3037 dixit
546 2981 722 3055 Scriptura:
742 2985 831 3039 Vidit
854 2986 979 3050 Deusc
1028 2985 1101 3042 Gur.
1123 2983 1206 3039 XHI.
1232 2981 1319 3047 Quod
1341 2980 1509 3037 similitudo
1536 2981 1592 3037 Dei
1619 2980 1653 3035 iu
1677 2978 1820 3036 rationali

113 3069 227 3123 lucem·
995 3075 1134 3130 creatura
1153 3071 1314 3146 perfectior
1328 3074 1375 3126 est
1388 3086 1482 3143 quam
1499 3074 1584 3125 extra
1599 3085 1675 3125 eam.

146 3155 220 3213 Cur.
235 3156 314 3214 XIV.
329 3159 402 3225 Quae
416 3159 457 3215 sit
475 3159 594 3216 cautela
607 3160 682 3216 boni
703 3161 802 3234 operis
824 3160 874 3218 hic
896 3161 935 3216 si-
1029 3163 1103 3220 Cur.
1120 3162 1200 3218 XIV.
1224 3161 1270 3217 De
1284 3160 1411 3217 scientia
1425 3164 1456 3215 et
1483 3159 1675 3232 praescientia
1698 3157 1765 3225 Dei,
1790 3159 1820 3213 et

109 3245 263 3316 gnificat&
993 3252 1076 3323 quod
1086 3267 1124 3306 ex
1139 3267 1174 3306 ea
1188 3251 1222 3306 iu
1235 3250 1327 3306 rebus
1338 3248 1503 3304 necessitas
1515 3247 1674 3319 provenite
1686 3246 1817 3302 videtur.

145 3334 220 3393 Cur.
236 3337 301 3393 XV.
317 3336 396 3403 Quid
408 3323 582 3392 factumest
596 3336 633 3391 de
644 3335 711 3392 luce
725 3336 778 3392 illa
788 3338 937 3410 primaria
1028 3341 1102 3398 Cur.
1120 3340 1183 3396 XV.
1200 3338 1357 3405 Quomodo
1377 3338 1481 3394 omnia
1507 3338 1539 3393 in
1563 3336 1628 3393 Deo
1642 3336 1681 3391 ab
1705 3338 1818 3392 aeterno

109 3429 180 3499 post
195 3429 329 3482 creatum
345 3426 457 3481 solem:
472 3427 502 3481 et
522 3440 561 3480 an
585 3423 622 3480 de
635 3425 703 3497 Ipsa
726 3425 772 3481 sol
793 3427 935 3483 substan·
992 3436 1078 3484 erant
1090 3429 1272 3500 priusquam
1295 3427 1329 3482 in
1344 3426 1515 3500 semeIIpsis
1539 3425 1764 3493 subsisterent;
1789 3426 1818 3478 et

110 3516 226 3574 tialiter
239 3517 339 3572 factus
355 3519 410 3573 est.
991 3533 1096 3574 eorum
1110 3516 1172 3573 illic
1186 3532 1248 3572 non
1259 3515 1462 3589 praescientia,
1478 3516 1531 3571 sod
1543 3514 1672 3571 scientia
1686 3516 1761 3569 erat.

147 3606 220 3663 Cur.
237 3606 317 3663 XVI.
334 3605 446 3663 Utrum
466 3606 549 3663 Deus
566 3621 620 3679 per
634 3620 688 3662 ser
708 3606 773 3662 dies
797 3605 862 3663 siue
888 3607 934 3663 in·
1027 3606 1101 3664 Gur.
1118 3606 1197 3662 XVI.
1214 3605 1246 3661 Si
1259 3620 1307 3660 res
1322 3605 1436 3661 futurae
1451 3620 1512 3661 non
1527 3604 1669 3673 luissent,
1695 3602 1815 3674 sapien·

111 3695 238 3752 tervallo
253 3700 396 3769 operatus
412 3699 467 3766 est,
485 3696 548 3752 sive
561 3695 621 3752 alio
637 3695 773 3768 quolibet
789 3697 889 3754 modo.
992 3697 1036 3753 tia
1054 3695 1111 3753 Dei
1124 3695 1251 3752 scientia
1268 3697 1358 3764 esset,
1375 3693 1428 3749 sed
1446 3692 1638 3766 praescientia
1660 3706 1722 3747 non
1738 3689 1816 3746 dIce·

145 3783 219 3840 Cur.
238 3786 331 3841 XVII.
348 3787 393 3842 De
408 3801 496 3860 opere
511 3786 651 3843 secundae
663 3785 724 3842 diei
737 3786 860 3860 quando
874 3787 935 3844 fac·
992 3789 1085 3842 retur.

110 3875 177 3926 tum
192 3875 238 3927 est
251 3873 489 3930 firmamentum.
1027 3875 1100 3932 Cur.
1117 3874 1213 3934 XVII.
1233 3872 1390 3939 Quomodo
1409 3874 1575 3943 utrumque
1598 3872 1747 3926 aeternum
1771 3870 1817 3923 est

143 3959 217 4014 CXr.
233 3960 347 4016 XVIII.
366 3962 410 4017 De
427 3978 489 4035 qua
504 3964 633 4019 materia
646 3963 763 4020 factum
778 3965 819 4020 sit
835 3967 935 4023 firma·
990 3963 1166 4037 praescItum
1180 3977 1245 4017 esse
1261 3965 1290 4016 et
1304 3962 1445 4017 futurum
1459 3974 1534 4014 esse.

110 4050 248 4104 mentum
262 4064 271 4117 ;
285 4052 315 4104 et
327 4050 417 4122 quale
431 4050 548 4106 iactum
563 4052 612 4108 sil.
1026 4051 1100 4109 Cae.
1114 4049 1224 4107 XVIII.
1241 4049 1398 4115 Quomodo
1409 4048 1436 4104 si
1450 4063 1552 4103 rerum
1575 4049 1703 4102 eventus
1717 4049 1818 4102 muta-

146 4139 219 4196 Cur.
235 4139 317 4196 XIX.
338 4139 568 4198 Sacramentum
589 4143 843 4215 supradictorum.
990 4143 1098 4197 rentur
1110 4139 1303 4213 praescientia
1317 4142 1420 4194 tamen
1435 4152 1498 4193 non
1511 4138 1694 4191 mutaretur.

145 4228 218 4285 Cur.
236 4229 302 4286 XX.
319 4230 419 4297 Quare
433 4246 495 4287 non
510 4230 622 4287 dicilur
634 4232 717 4288 Deus
731 4232 845 4289 vidisse
857 4249 935 4308 opus
1025 4229 1099 4286 Cur.
1120 4228 1201 4285 XIX.
1218 4228 1263 4284 De
1285 4225 1479 4299 providentia
1505 4224 1581 4294 Dei3
1609 4226 1639 4280 et
1661 4221 1744 4296 quod
1769 4222 1821 4278 du-

110 4319 250 4377 secundae
265 4319 325 4375 diei
340 4319 422 4393 quod
433 4321 549 4377 bonum
565 4324 654 4378 esset.
724 4357 730 4365 «
948 4350 977 4406 D
990 4320 1060 4394 plex
1072 4323 1118 4375 est
1131 4318 1325 4391 providentia
1339 4317 1396 4373 Dei
1410 4317 1443 4371 in
1457 4315 1521 4371 suis
1537 4317 1567 4370 et
1578 4313 1699 4370 alienis.

145 4408 219 4466 Cur.
237 4409 318 4465 XXI.
332 4409 489 4475 Quomodo
504 4414 694 4481 congregatas
715 4413 787 4466 sunt
802 4427 890 4485 aquae
904 4414 936 4469 In
1026 4409 1100 4465 Cur.
1117 4407 1183 4463 XX.
1200 4406 1246 4462 De
1260 4406 1460 4479 disposItIone
1474 4404 1590 4461 divina.

110 4513 207 4554 unum
221 4497 334 4568 locum,
349 4502 385 4555 ut
399 4499 485 4554 arida
500 4503 669 4572 appareret.
1026 4497 1099 4554 Gna.
1114 4496 1197 4552 XXI.
1214 4496 1258 4551 De
1271 4493 1542 4568 praedestinatIone
1556 4492 1671 4548 divina.

141 4586 214 4642 Cur.
232 4586 328 4642 XXII.
345 4586 501 4652 Quomodo
521 4592 603 4642 terra
615 4589 755 4658 germina
775 4589 928 4659 produxIt.
1027 4586 1101 4642 Cur.
1116 4586 1212 4642 XXII.
1229 4585 1274 4641 De
1287 4587 1440 4658 potestate
1454 4583 1521 4653 Del,
1537 4585 1567 4639 et
1589 4580 1672 4656 quod
1696 4577 1824 4651 duplici-

145 4675 219 4732 Car.
235 4676 347 4733 XXIII.
364 4676 463 4743 Quare
486 4676 547 4733 illae
563 4693 652 4749 aquae
679 4693 747 4750 qum
764 4693 855 4750 super
882 4695 936 4735 oae-
992 4678 1038 4731 ter
1052 4675 1261 4732 consideratur
1273 4678 1409 4747 potestas
1421 4674 1454 4728 in
1466 4674 1532 4729 Deo
1545 4686 1630 4742 esse3
1646 4674 1676 4727 et
1688 4673 1822 4740 utroque

109 4763 175 4820 lum
191 4769 264 4821 sunt
278 4781 340 4822 non
356 4770 429 4823 sunt
451 4770 640 4838 congregata
660 4767 693 4821 in
714 4782 811 4822 unum
825 4767 935 4824 locum.
992 4765 1082 4822 modo
1097 4766 1196 4823 Deum
1210 4765 1450 4837 omnipotentem
1463 4778 1538 4818 esse.

147 4852 220 4910 Gna.
237 4854 347 4911 XXIV.
364 4856 451 4921 Quod
464 4857 515 4913 his
530 4856 630 4913 tribus
653 4855 762 4912 diebus
790 4856 871 4913 lacta
892 4861 938 4914 est

111 4957 215 4998 rerum
230 4942 401 5015 dispositio.

145 5030 219 5088 Cur.
236 5031 329 5087 XXV.
345 5032 411 5097 Quo
425 5033 514 5089 modo
538 5035 638 5090 tribus
653 5035 761 5090 diebus
785 5034 937 5107 sequenti·
1028 5033 1102 5089 Cur.
1123 5033 1147 5087 Ι.
1173 5032 1311 5098 QuaIIter
1331 5032 1370 5086 ab
1390 5031 1479 5087 initio
1510 5030 1593 5087 Deus
1619 5029 1744 5101 agnItus
1765 5033 1822 5099 est,

111 5120 170 5178 bus
183 5122 310 5177 ornatus
326 5124 371 5176 cst
383 5121 527 5176 mundus.
994 5126 1024 5180 et
1037 5122 1119 5194 quod
1133 5137 1215 5178 unus
1227 5125 1257 5176 et
1270 5121 1353 5193 quod
1376 5123 1486 5178 trinus.

146 5211 220 5268 Gur.
236 5209 343 5265 XXVI.
365 5210 413 5265 An
435 5209 471 5265 de
493 5210 569 5282 ipsis
591 5211 749 5267 elementis
770 5213 852 5268 lacta
875 5213 938 5269 sint
1028 5212 1104 5269 Cur.
1119 5212 1158 5270 II.
1175 5211 1276 5278 Quare
1291 5211 1375 5267 Deus
1390 5226 1446 5268 nec
1465 5214 1551 5268 totus
1565 5210 1646 5280 scirI,
1662 5224 1718 5265 nec
1740 5212 1825 5265 totus

110 5316 180 5375 quae
194 5300 389 5356 adornatum
404 5297 527 5354 illorum
541 5299 623 5355 facta
638 5303 720 5355 sunt.
993 5302 1129 5374 ignorari
1144 5305 1254 5374 potest.

145 5392 219 5449 Cur.
235 5389 359 5447 XXVII.
376 5389 607 5445 Sacramentum
623 5404 717 5461 quare
732 5405 804 5445 aves
825 5393 855 5445 et
876 5392 937 5464 pls·
1029 5391 1101 5448 Cup.
1118 5391 1176 5448 III.
1191 5391 1310 5459 Quibus
1331 5391 1430 5449 modis
1445 5390 1578 5463 cognitio
1593 5389 1651 5446 Dei
1674 5387 1714 5445 ad
1726 5387 1823 5445 homi·

112 5497 160 5537 ces
174 5481 211 5537 de
222 5496 285 5537 una
299 5480 428 5535 materia
442 5479 515 5535 facti
530 5481 602 5534 sunt
613 5494 621 5547 3
634 5482 664 5534 et
677 5478 711 5534 in
723 5494 786 5534 una
800 5479 869 5535 sede
881 5480 938 5536 dis·
993 5497 1064 5538 nem
1079 5481 1173 5537 venit.

111 5571 204 5640 poelti
219 5586 280 5626 non
295 5573 377 5625 sunt.
1026 5572 1099 5629 Cur.
1114 5571 1165 5628 IV.
1182 5571 1269 5638 Quod
1281 5570 1365 5626 Deus
1381 5571 1482 5626 trinus
1497 5573 1527 5625 et
1539 5585 1622 5625 unus
1631 5585 1641 5639 3
1657 5571 1687 5624 et
1703 5566 1823 5648 quidin

147 5655 220 5712 Gna.
242 5658 380 5716 XXVIII.
408 5658 507 5725 Quare
530 5672 622 5732 opera
645 5655 830 5715 conditionis
851 5661 937 5732 prius
990 5661 1238 5734 unitateetquid
1252 5661 1285 5715 in
1298 5660 1458 5718 Trinitato.

112 5753 406 5822 commemorantum
422 5748 531 5810 deinde
546 5763 639 5823 opera
651 5747 895 5813 resonatione.
1026 5749 1100 5810 Gur.
1117 5750 1154 5812 V.
1170 5746 1341 5824 Explicatio
1351 5749 1579 5823 propositarum
1588 5746 1820 5808 discretIonum.

1197 4920 1352 4963 cIPITULu
1364 4920 1489 4962 TERTIAE
1502 4919 1623 4962 PARTIS.
