3742 6082
98 189 156 245 141
563 186 708 244 SUMMA
726 185 1054 269 SENTENTIARUM.
1080 218 1115 231 -
1133 190 1273 249 TRACT.
1294 191 1347 248 vt.
1755 190 1810 251 isa

98 324 160 364 suo
168 310 381 380 commutavit,
391 311 435 365 ita
448 310 661 368 indubitanter
671 313 822 369 credimus
832 313 925 368 verba
942 308 969 366 A
984 312 1036 368 sed
1051 312 1150 369 solum
1165 318 1391 370 sacramentum
1401 316 1431 370 et
1445 329 1507 369 non
1522 327 1586 369 rem
1597 313 1706 386 ipsam.
1718 311 1758 368 Et
1771 317 1807 370 ut

96 396 156 453 illa
169 413 188 452 a
203 398 359 454 sacerdote
379 413 413 454 eo
428 400 534 455 ordine
560 405 589 457 et
613 418 648 458 ea
663 403 834 459 intentione
849 403 930 459 dicta
984 401 1100 471 dicunt,
1111 403 1283 475 appellatur
1297 418 1406 475 corpus
1419 402 1533 458 Christi
1545 402 1624 457 sicut
1634 401 1749 457 dictum
1760 404 1806 457 est

94 501 212 560 panem
226 491 257 543 et
271 489 379 544 vinum
389 489 421 544 in
434 505 540 545 verum
554 506 663 563 corpus
676 492 790 548 Christi
799 498 828 549 et
837 493 869 548 in
880 507 931 550 ve-
983 490 1016 546 in
1030 491 1191 563 Apostolo:
1210 495 1310 550 Petra
1321 498 1432 548 autem
1446 497 1520 547 erat
1529 492 1677 547 Christus
1689 490 1723 562 (Ι.
1736 490 1804 546 Cor.

94 592 171 632 rum
196 578 378 648 sanguinem
394 584 592 636 commutare.
609 582 681 638 Haec
697 587 799 638 autem
818 583 875 639 tria
890 582 930 638 ad
982 579 1027 650 x),
1040 596 1102 636 non
1117 596 1158 649 re,
1175 581 1228 637 sed
1241 581 1472 655 significatione.
1484 579 1543 636 Sed
1556 581 1624 653 ipsa
1631 578 1752 634 Veritas
1762 593 1806 634 sa·

91 665 185 721 istud
198 671 424 723 sacramentum
440 670 610 725 neccssaria
630 674 712 726 sunt.
730 671 820 740 Ordo,
837 672 927 742 actio,
982 668 1023 722 tis
1038 669 1171 725 ostendit
1185 669 1260 742 quid
1275 670 1394 725 anobis
1413 668 1597 725 credendum
1610 668 1660 736 sit,
1676 667 1780 722 dicens
1796 682 1803 722 :

89 754 242 810 intentio.
259 754 350 824 Ordo,
362 760 397 812 ut
411 757 451 811 sit
463 757 614 827 sacerd0s;
626 760 715 829 actio,
727 759 929 816 utverhailla
981 759 1134 827 Accipite,
1151 758 1207 814 hoc
1228 764 1277 813 est
1295 773 1409 828 corpus
1429 772 1538 813 meum
1560 756 1686 828 (Matri.
1703 753 1803 827 xxvr).

88 844 254 916 proferat;
271 844 411 915 intentio,
428 847 463 900 ut
477 846 613 918 proterat
628 847 666 902 ad
679 847 773 904 istud.
789 848 929 915 Quando·
982 845 1057 900 Item
1072 844 1253 902 Ambrosius
1271 848 1305 902 in
1320 846 1398 902 libro
1413 847 1458 902 De
1471 845 1688 901 sacramentis:
1709 845 1804 903 Aute-

89 949 160 1006 que
175 935 257 989 enim
281 934 394 1006 aliquis
419 935 559 991 sacerdos
581 937 697 1009 profert
712 939 805 994 verba
820 939 873 995 illa
893 943 928 996 ut
982 949 1075 1006 quam
1102 940 1293 991 consecretur
1313 937 1403 1008 panis
1417 939 1463 991 est
1474 951 1483 1003 ;
1506 934 1561 990 ubi
1589 936 1691 991 autem
1709 932 1804 989 verba

31 1052 38 1085 ,ι
92 1023 199 1080 alium
228 1024 333 1079 doceat
360 1024 512 1096 quomodo
533 1026 591 1081 hoc
618 1026 757 1083 tacturus
781 1028 821 1083 sit
835 1044 844 1098 ;
875 1029 928 1086 sed
981 1024 1096 1080 Christi
1125 1024 1305 1081 accesserint
1328 1039 1438 1095 corpus
1461 1022 1576 1078 Christi
1600 1026 1655 1092 est,
1678 1024 1708 1077 et
1732 1024 1803 1076 ante

92 1130 165 1169 non
188 1113 303 1169 hahent
322 1118 395 1169 tunc
413 1114 497 1170 illarn
518 1115 691 1185 efficaciam,
713 1117 785 1187 quia
805 1133 867 1172 non
888 1116 927 1172 ad
980 1113 1074 1168 verba
1089 1113 1203 1169 Christi
1218 1112 1297 1169 calix
1317 1117 1364 1169 est
1378 1113 1443 1168 vini
1458 1115 1487 1167 et
1502 1126 1589 1183 aquae
1600 1128 1609 1181 3
1632 1111 1686 1166 ubi
1701 1113 1803 1166 autem

90 1202 159 1258 hoc
173 1202 326 1258 dicuntur.
339 1201 485 1268 Quamvis
495 1206 597 1259 autem
612 1205 786 1260 substantia
796 1205 885 1277 panis
893 1206 926 1262 in
979 1202 1073 1258 verba
1087 1203 1203 1259 Christi
1226 1207 1351 1276 operata
1374 1201 1498 1271 fuerint,
1516 1201 1642 1272 sanguis
1664 1200 1800 1256 efficitur.

89 1305 211 1363 corpus
231 1289 345 1346 Christi
372 1295 579 1362 convertatur,
600 1308 662 1348 non
684 1296 786 1348 tamen
816 1309 926 1367 corpus
979 1290 1082 1346 Idem:
1107 1290 1212 1348 Sermo
1225 1292 1339 1348 Christi
1351 1292 1405 1363 qui
1420 1292 1520 1364 potuit
1535 1306 1572 1345 ex
1587 1289 1683 1345 nihilo
1704 1288 1802 1344 iacere

89 1379 214 1436 Christi
239 1383 457 1450 augmentatur
476 1381 556 1435 inde.
573 1381 689 1453 Siquis
713 1386 831 1453 quaerat
850 1397 924 1455 quo·
980 1379 1062 1451 quod
1078 1396 1139 1436 non
1154 1385 1229 1450 erat,
1246 1396 1307 1436 non
1329 1383 1429 1454 potest
1444 1395 1479 1434 ea
1493 1395 1562 1451 quae
1585 1381 1669 1446 sunt,
1681 1380 1801 1432 mutare

88 1467 188 1524 modo
211 1469 276 1524 lieri
297 1470 395 1542 possit
417 1474 452 1525 ut
470 1470 646 1526 substantia
664 1471 754 1542 panis
775 1471 807 1526 in
832 1471 924 1528 aliam
978 1469 1011 1523 in
1025 1468 1057 1523 id
1072 1469 1152 1541 quod
1167 1485 1228 1525 non
1244 1468 1355 1526 erant?
1367 1470 1443 1525 Item
1457 1467 1608 1524 Eusebius
1620 1465 1798 1521 Emisenos:

88 1556 304 1613 substantiam
318 1561 464 1628 transeat,
479 1558 620 1615 videlicet
634 1560 666 1615 in
680 1575 788 1632 corpus
798 1561 882 1632 quod
892 1561 924 1617 in
978 1556 1147 1614 Invisibilis
1157 1559 1296 1615 sacerdos
1306 1559 1442 1615 visibiles
1452 1561 1608 1614 creaturas
1620 1556 1652 1611 in
1663 1555 1803 1610 substan·

88 1645 234 1718 sepulcro
246 1647 356 1718 jacuit,
372 1647 455 1719 quod
473 1647 504 1703 in
520 1648 628 1703 coelum
643 1648 680 1703 ad
696 1648 851 1704 dexteram
868 1650 922 1705 Pa·
938 1653 964 1710 Β
978 1647 1053 1703 tiam
1069 1648 1203 1720 corporis
1217 1651 1248 1704 et
1266 1648 1427 1719 sanguinis
1442 1646 1490 1702 sui
1504 1646 1597 1704 verbo
1613 1660 1668 1701 suo
1686 1647 1801 1701 secreta
1836 1666 1845 1683 ι

87 1735 150 1790 tris
163 1736 310 1806 ascendit,
324 1739 354 1791 et
369 1736 521 1809 quomodo
538 1752 598 1792 non
614 1741 830 1807 augmentetur
844 1738 922 1795 illud
975 1740 1127 1808 potestate
1142 1741 1319 1793 commutat.
1345 1737 1509 1807 Gregorius
1533 1735 1566 1791 in
1580 1733 1702 1804 Dialogi
1721 1732 1800 1788 libro

87 1823 122 1878 in
137 1823 222 1896 quod
237 1825 359 1894 transit,
376 1825 441 1897 ejus
456 1824 608 1881 voluntati
624 1829 656 1880 et
667 1827 813 1898 potentiae
828 1827 920 1882 ascri·
976 1828 1102 1896 quarto:
1119 1826 1174 1882 Est
1184 1826 1307 1899 quidem
1318 1826 1411 1881 etiam
1420 1825 1453 1880 in
1463 1823 1674 1897 peccatoribus
1689 1825 1718 1877 et
1726 1821 1801 1878 indi·

86 1912 185 1967 batur
201 1913 255 1984 qui
270 1912 350 1969 idem
368 1929 478 1987 corpus
492 1914 529 1970 de
543 1915 663 1986 virgine
677 1919 706 1971 et
722 1916 787 1970 sine
801 1916 860 1971 viri
876 1933 919 1972 se·
975 1931 1035 1986 gne
1046 1916 1239 1971 sumentibus
1253 1931 1326 1971 vera
1339 1914 1455 1970 Christi
1467 1928 1547 1982 caro,
1561 1926 1714 1983 verusque
1728 1925 1797 1965 san·

88 2001 174 2056 mine
194 2002 316 2073 prodire
333 2003 414 2059 fecit.
431 2004 634 2060 Ambrosius:
664 2003 779 2061 Praeter
802 2009 921 2062 naturae
974 2005 1043 2075 guis
1055 2004 1170 2060 Christi
1178 2019 1187 2074 ;
1204 2004 1256 2059 sed
1271 2003 1404 2060 essentia
1418 2018 1481 2057 non
1496 2001 1612 2057 salubri
1627 1999 1795 2055 efficientia.

91 2090 233 2146 ordinem
246 2091 333 2163 uirgo
344 2093 501 2163 generavit
510 2110 520 2163 3
536 2097 565 2149 et
579 2093 637 2149 hoc
650 2094 733 2166 quod
743 2094 920 2151 conficimus
974 2094 1006 2150 Si
1021 2094 1114 2150 etiam
1134 2096 1257 2149 nonest
1276 2093 1336 2147 alia
1351 2091 1527 2161 auctoritas,
1547 2089 1696 2145 sufficeret
1716 2086 1799 2160 quod

89 2194 203 2251 corpus
217 2194 256 2234 ex
268 2181 388 2252 uirgine
397 2185 451 2237 est.
468 2181 572 2238 ldem:
590 2181 669 2248 Quid
683 2183 732 2239 hic
746 2183 921 2255 quaerisne·
975 2182 1157 2240 universalis
1179 2184 1236 2239 hoc
1250 2187 1332 2239 tenet
1346 2181 1490 2251 Ecclesia,
1504 2181 1553 2237 cui
1575 2192 1693 2251 semper
1712 2176 1797 2232 adest

88 2270 167 2323 turae
182 2267 322 2324 ordinem
337 2269 370 2324 in
385 2269 499 2326 Christi
512 2287 647 2343 corpore,
656 2265 724 2328 cum
739 2275 851 2344 praeter·
866 2288 918 2328 na·
973 2273 1114 2330 Christus
1127 2278 1162 2329 ut
1175 2273 1235 2328 ait:
1269 2273 1433 2328 Vobiscum
1448 2286 1522 2326 sum
1539 2269 1701 2339 usquead
1724 2262 1796 2322 edu·

87 2359 189 2411 turam
213 2357 255 2412 sit
278 2359 344 2430 ipse
366 2358 490 2415 Domini
512 2364 621 2432 partus
644 2377 681 2416 ex
703 2361 845 2433 virgine?
868 2363 917 2434 Et,
973 2364 1230 2419 summationem
1254 2363 1368 2418 surculi
1392 2360 1519 2432 (Mettis.
1535 2355 1710 2429 xxvr11).ln
1724 2355 1797 2410 Vita

89 2446 234 2517 quamvis
243 2462 306 2503 non
315 2449 356 2503 sit
365 2453 435 2520 post
444 2451 701 2506 consecrationem
712 2452 919 2523 pariamque
974 2455 1066 2510 etium
1082 2454 1180 2510 sancti
1196 2451 1302 2509 Basilii
1313 2451 1425 2523 legitur
1435 2449 1518 2522 quod
1527 2464 1562 2504 eo
1572 2449 1681 2519 agente
1693 2445 1798 2501 divina

88 2535 197 2590 vinum
213 2536 297 2608 quod
310 2538 397 2609 prius
412 2542 476 2593 erat
493 2539 582 2611 panis
598 2543 627 2594 et
643 2540 751 2595 vinum
769 2556 778 2610 ;
804 2541 917 2612 species
971 2543 1118 2614 mysteria
1129 2542 1278 2598 Hebraeus
1288 2539 1454 2614 quidamse
1464 2535 1797 2594 Christianiscommis-

88 2626 192 2678 tamen
216 2630 363 2704 remanet,
386 2642 477 2699 sapor
498 2628 590 2684 etiam
617 2632 762 2684 remanet.
789 2628 917 2686 Videtur
973 2633 1046 2701 cuit,
1085 2631 1226 2696 muneris
1264 2630 1445 2704 mysterium
1484 2626 1642 2700 explorare
1677 2623 1797 2693 volens,

88 2727 224 2786 namque
239 2715 339 2786 panis,
355 2715 477 2771 videtur
490 2717 608 2772 vinum.
620 2717 722 2773 Habet
732 2718 824 2775 etiam
837 2734 918 2774 eum·
971 2721 1108 2794 viditque
1121 2722 1273 2777 infantem
1287 2721 1320 2776 in
1336 2734 1446 2775 manus
1465 2716 1589 2785 Basilii,
1617 2718 1645 2771 et
1660 2728 1793 2770 commu·

89 2801 156 2857 dem
166 2818 308 2876 saporem
318 2820 408 2877 quem
417 2805 769 2877 prius,cumtameunon
778 2808 818 2863 sit
827 2808 916 2880 panis
971 2810 1146 2867 nicentihus
1161 2810 1241 2881 aliis,
1251 2809 1336 2865 venit
1346 2809 1421 2882 ipse,
1434 2807 1567 2877 dataque
1581 2807 1627 2860 est
1636 2803 1681 2858 illi
1692 2802 1794 2857 hostia

88 2891 258 2948 materialis
272 2908 371 2965 neque
382 2893 488 2950 vinum
504 2895 680 2965 materiale;
696 2896 748 2951 sed
759 2911 831 2952 vera
846 2911 916 2953 caro
970 2915 1039 2956 vere
1054 2916 1124 2956 caro
1138 2900 1228 2955 facta.
1245 2898 1333 2955 Unde
1345 2895 1469 2952 credens
1484 2891 1675 2949 admirabile
1689 2890 1792 2946 Chris-

88 2980 214 3051 Christi,
227 2996 319 3037 verus
334 2984 459 3054 sanguis
474 2983 597 3040 Christi.
613 2985 699 3050 Quod
711 2985 746 3040 m
762 2986 861 3041 tribus
876 2987 912 3043 de
927 3005 951 3064 ρ
970 2992 1124 3047 tianorum
1137 2987 1318 3059 mysterium
1333 2987 1366 3040 in
1382 2984 1514 3040 crastino
1528 2981 1702 3052 baptizatus
1716 2982 1763 3034 est
1774 2994 1793 3033 a

89 3070 191 3126 causis
205 3074 241 3126 ut
256 3071 369 3127 scilicet
391 3072 466 3128 tides
484 3074 707 3145 comprobetur,
723 3075 796 3147 quia
811 3076 846 3131 de
865 3077 914 3132 his
968 3079 1092 3136 Basilio.
1109 3077 1191 3133 Illud
1206 3075 1288 3149 quod
1303 3090 1354 3131 eos
1368 3075 1401 3129 ln
1416 3073 1504 3128 illum
1517 3085 1647 3127 errorem
1661 3069 1790 3138 inducit,

88 3174 155 3230 quae
177 3175 242 3215 non
266 3160 411 3215 videntur
431 3165 477 3217 est
502 3162 600 3231 fides;
627 3179 665 3218 ne
681 3164 773 3218 etiam
795 3160 914 3221 sumere
967 3170 1000 3224 in
1015 3168 1156 3241 pluribus
1171 3166 1245 3222 locis
1260 3164 1360 3220 sancti
1370 3166 1528 3236 exponunt
1543 3158 1695 3233 quomodo
1707 3156 1793 3214 intel·

88 3247 320 3318 abhorreamus,
337 3253 367 3304 et
381 3265 418 3305 ne
434 3250 472 3305 ab
486 3251 662 3307 infidelibus
675 3251 872 3308 irrideremur
886 3255 913 3310 si
966 3256 1123 3330 ligandum
1136 3257 1193 3312 sit:
1209 3255 1279 3311 Non
1293 3254 1350 3309 hoc
1364 3267 1475 3325 corpus
1489 3249 1573 3323 quod
1586 3248 1696 3304 videtis
1710 3260 1793 3301 man·

87 3352 139 3391 nos
155 3337 340 3408 sanguinem
352 3354 471 3394 sumere
481 3340 628 3396 uiderent.
639 3340 792 3405 Quaeritur
806 3343 839 3397 in
851 3358 913 3415 quo
967 3346 1107 3401 ducaturi
1122 3345 1195 3401 estis
1207 3360 1215 3413 3
1231 3343 1263 3398 id
1277 3346 1394 3398 estnon
1405 3341 1438 3395 in
1450 3340 1508 3395 hac
1522 3337 1620 3411 specie
1634 3336 1789 3392 cernentes
1833 3340 1837 3349 ’

87 3425 124 3480 sit
136 3425 192 3481 illa
208 3427 324 3498 species
342 3432 371 3484 et
387 3444 477 3500 sapor
491 3429 550 3484 ille.
566 3429 636 3485 Non
652 3431 732 3486 enirn
748 3447 913 3503 possumus
967 3435 1180 3507 sicutputatis,
1189 3430 1282 3488 sedin
1293 3427 1564 3486 sacrament0.Alii
1573 3425 1682 3482 volunt
1692 3424 1790 3479 dicere

86 3513 280 3587 dicerequod
295 3517 403 3572 sintin
422 3517 596 3573 substantia
613 3519 703 3590 panis
718 3524 748 3575 et
764 3520 912 3577 virricum
966 3524 1048 3596 quod
1063 3539 1169 3579 verum
1185 3536 1294 3593 corpus
1308 3519 1423 3575 Christi
1436 3518 1477 3572 sit
1489 3518 1522 3572 in
1536 3515 1626 3570 altari
1640 3530 1649 3584 ;
1672 3512 1725 3568 scd
1738 3526 1788 3566 ne·
1817 3580 1826 3601 ¹

86 3619 144 3658 uon
165 3605 207 3659 sit
229 3605 274 3659 ibi
299 3605 473 3662 substantia
496 3608 585 3679 panis
600 3611 630 3663 et
645 3608 719 3678 vini,
736 3608 789 3664 sed
803 3625 911 3666 verum
966 3617 1040 3685 gant
1048 3628 1159 3685 panem
1170 3612 1202 3666 in
1212 3613 1314 3682 ipsum
1326 3606 1517 3664 commutari.
1529 3604 1644 3660 Dicunt
1657 3615 1790 3672 namque

87 3707 199 3765 corpus
231 3692 357 3764 Christi,
375 3710 430 3750 nec
452 3695 600 3751 audemus
624 3696 722 3753 dicere
751 3697 832 3769 quod
851 3698 913 3755 sint
964 3702 1054 3774 panis
1085 3699 1290 3756 substantiam
1317 3694 1481 3751 adnihilari
1506 3696 1535 3747 et
1557 3706 1618 3746 non
1644 3690 1677 3745 in
1704 3689 1788 3746 uliud

85 3782 202 3853 corpori
218 3781 343 3838 Christi.
358 3783 428 3839 Non
450 3785 531 3840 enirn
553 3784 645 3841 habet
666 3801 776 3858 corpus
795 3786 910 3843 christi
965 3791 1114 3857 transire;
1145 3794 1175 3844 et
1203 3803 1238 3843 ea
1260 3786 1435 3843 substantia
1461 3779 1632 3837 adnihilata
1656 3779 1713 3834 sub
1736 3778 1790 3834 illa

85 3870 250 3925 rotundam
275 3871 509 3942 figuraminse,
530 3872 719 3946 sedqualem
743 3875 910 3947 injudicio
965 3881 1063 3953 specie
1091 3882 1277 3947 remanente,
1305 3891 1414 3948 corpus
1450 3871 1565 3929 Christi
1602 3883 1676 3926 esse.
1704 3867 1786 3935 Quos

85 3959 179 4015 visuri
189 3974 308 4014 sumus.
316 3960 373 4015 Sed
385 3962 434 4016 cui
444 3977 544 4017 creare
553 3962 590 4017 de
598 3963 694 4018 nihilo
705 3964 909 4021 etformatum
964 3966 1147 4040 supradictas
1160 3966 1357 4022 auctoritates
1369 3962 1539 4019 confutant.

86 4051 112 4102 et
122 4047 259 4103 formam
275 4048 334 4103 luit
342 4049 569 4120 facile,mutare
578 4051 745 4107 formatum
757 4055 787 4108 et
796 4069 912 4109 conser-
964 4055 1038 4113 Car.
1051 4055 1103 4112 Vl.
1118 4058 1224 4118 Quare
1244 4055 1280 4109 iu
1295 4054 1423 4109 duabus
1442 4055 1598 4107 sumatur
1612 4047 1784 4117 speciebus.

85 4150 151 4192 rare
164 4137 300 4192 formam
316 4153 377 4193 uon
393 4140 450 4194 erit
463 4139 583 4196 difficile
591 4157 600 4210 3
616 4143 645 4196 et
658 4144 693 4196 ut
705 4147 815 4212 praeter
827 4144 911 4199 subs·
998 4146 1088 4202 Nunc
1103 4144 1264 4200 dicendum
1277 4142 1400 4199 videtur
1413 4140 1496 4213 quod
1517 4138 1588 4194 licet
1611 4138 1643 4192 iu
1664 4135 1787 4191 duabus

86 4226 908 4303 tantiamsubsistatefficereltsqueadmysteriiritum,
964 4238 1105 4291 sumatur
1124 4233 1282 4306 speciebus
1290 4249 1299 4303 3
1326 4236 1427 4287 tamen
1453 4229 1487 4284 in
1512 4231 1642 4298 utraque
1669 4225 1787 4293 integer

87 4313 120 4369 ad
132 4318 249 4385 gustus
262 4316 453 4388 suffragium,
464 4322 622 4373 remanent
637 4318 697 4373 ista
709 4319 909 4376 subsistentia
922 4347 951 4405 D
963 4324 1105 4379 Christus
1115 4323 1258 4378 sumitur.
1267 4321 1337 4377 Non
1350 4319 1431 4374 enim
1442 4332 1552 4390 corpus
1560 4316 1625 4371 sine
1637 4312 1787 4383 sanguine

86 4402 909 4483 adcorpusDominiquodammodoobtegendumquod
963 4415 1011 4472 vel
1026 4412 1152 4484 sanguis
1167 4413 1232 4467 sine
1246 4423 1369 4482 corpore
1381 4421 1447 4463 esse
1459 4408 1579 4479 potest,
1603 4402 1655 4459 sed
1669 4400 1737 4457 ideo
1754 4400 1786 4454 in

85 4490 113 4546 in
128 4493 230 4548 forma
245 4497 275 4547 et
290 4492 322 4547 in
333 4497 446 4549 natura
458 4510 514 4549 sua
528 4495 585 4550 sub
598 4494 660 4551 illis
675 4512 743 4552 vere
759 4500 905 4570 persistit.
963 4503 1083 4559 duabus
1108 4502 1266 4575 speciebus
1280 4498 1414 4554 sumitur
1432 4500 1467 4552 ut
1486 4493 1673 4565 significetur
1692 4489 1787 4561 hujus

86 4578 153 4637 Cer.
168 4582 205 4636 V.
222 4584 267 4637 De
296 4597 406 4639 errore
436 4587 656 4653 quorumdam
682 4589 770 4641 circa
797 4601 907 4644 sacra·
963 4592 1147 4648 sacramenti
1169 4591 1291 4647 effectus
1312 4585 1435 4659 duplex.
1456 4585 1545 4640 Valet
1566 4582 1657 4652 euim,
1680 4582 1716 4635 ut
1741 4577 1785 4633 eit

297 4677 444 4726 meatum
462 4673 690 4729 Eucharistiae.
961 4681 1153 4749 Ambrosius,
1174 4679 1212 4734 ad
1232 4679 1393 4734 tuitionem
1417 4674 1552 4746 corporis
1567 4671 1740 4737 stenima,
1756 4671 1786 4722 et

116 4755 231 4828 Contra
241 4757 402 4829 praefatam
417 4761 575 4816 veritatem
587 4765 617 4816 et
627 4760 699 4816 olim
711 4766 741 4817 et
751 4779 833 4820 nunc
845 4766 909 4837 qui·
962 4768 1045 4842 quod
1060 4770 1192 4825 sumitur
1205 4769 1238 4822 in
1252 4782 1331 4839 pane
1353 4765 1436 4821 valet
1451 4763 1489 4818 ad
1503 4767 1679 4831 utrumque,
1696 4762 1725 4813 et
1745 4756 1784 4812 si·

84 4844 152 4901 dam
160 4846 262 4902 dicere
276 4852 548 4920 praesumpserunt.
561 4848 681 4922 thuia
695 4850 806 4908 clarius
816 4854 851 4909 fit
861 4854 909 4910 ln·
962 4859 1075 4914 militer
1089 4857 1171 4929 quod
1184 4857 1218 4912 in
1230 4857 1302 4911 vino
1316 4853 1459 4922 sumitur,
1475 4852 1549 4924 quia
1563 4853 1592 4905 et
1608 4849 1640 4904 in
1655 4861 1733 4920 pane
1744 4849 1788 4901 to·

81 4948 147 4989 men
165 4936 396 5000 comparatione
410 4938 616 5008 tenebrarum,
633 4939 755 4997 illorum
775 4958 906 4999 errorem
963 4950 1028 5002 tum
1048 4949 1077 5001 et
1096 4946 1260 5015 intcgmm,
1274 4947 1304 4998 et
1326 4943 1359 4998 in
1373 4941 1446 4996 vino
1468 4939 1608 4995 similiter
1633 4940 1732 4992 totum
1755 4936 1786 4988 et

79 5038 140 5079 non
154 5023 280 5081 silentio
292 5027 448 5098 praeterire
461 5027 550 5082 nobis
561 5029 663 5083 visum
674 5035 730 5085 est.
742 5031 907 5089 Occasione
961 5036 1125 5105 integrum,
1154 5037 1184 5089 et
1210 5034 1243 5088 in
1269 5033 1340 5088 vino
1367 5029 1507 5086 similiter
1532 5031 1632 5084 totum
1656 5029 1686 5081 et
1706 5025 1782 5080 inte·

77 5111 200 5168 illorum
213 5114 379 5171 verborum
401 5131 470 5186 quae
485 5116 627 5173 Christus
641 5118 738 5174 dixit:
760 5123 833 5176 Noa
848 5125 905 5179 troc
959 5140 1047 5196 grum
1075 5123 1216 5178 sumitur.
1242 5121 1300 5177 Sed
1328 5120 1353 5176 si
1378 5121 1411 5176 in
1440 5134 1519 5192 pane
1547 5120 1667 5173 tantum
1682 5125 1782 5169 sume·

77 5214 193 5271 corpus
209 5202 249 5274 (2)
266 5206 352 5273 quod
378 5206 496 5260 videtis
514 5209 754 5263 manducaturi
768 5212 856 5277 estis,
874 5217 905 5266 et
958 5212 1321 5282 retur,alterumtantum
1332 5205 1688 5282 significaretur,scilicet
1700 5199 1781 5273 quod

76 5290 214 5347 bibituri
266 5295 365 5348 ittum
417 5297 614 5365 sanquinem
663 5313 758 5367 quem
790 5299 905 5368 fusuri
959 5300 999 5355 ad
1012 5300 1174 5356 tuitionem
1189 5301 1324 5373 corporis
1336 5300 1416 5355 valet
1425 5302 1480 5368 ,et
1494 5298 1606 5353 iterum
1617 5292 1685 5348 siin
1698 5289 1781 5357 virro,

75 5384 155 5434 sunt
176 5383 237 5450 qui
258 5398 309 5437 me
335 5385 555 5456 crucifipeut;
579 5389 635 5441 sed
658 5395 904 5444 sacramentum
959 5393 1081 5445 tautum
1095 5390 1357 5460 sumeretur-(licet
1367 5390 1423 5444 hoc
1438 5387 1585 5444 sufficeret
1598 5382 1636 5436 ad
1647 5377 1781 5449 corporis

75 5469 213 5536 aliquod
228 5470 315 5525 vobis
330 5476 579 5540 commendaui;
604 5473 729 5544 quidam
745 5477 813 5530 ausi
833 5481 905 5533 sunt
960 5483 990 5535 et
1005 5480 1115 5535 animes
1131 5478 1304 5548 tuitionem)
1319 5482 1420 5533 tamen
1441 5477 1497 5531 hoc
1515 5472 1613 5528 solum
1629 5465 1780 5537 signitica-

73 5553 215 5612 ‹licerein
230 5557 321 5614 altari
335 5575 397 5616 non
406 5576 470 5617 esse
478 5563 637 5618 veritatem
646 5564 904 5635 corporisChristi
959 5572 1043 5623 retur
1059 5568 1141 5641 quod
1155 5583 1209 5641 pro
1225 5567 1322 5623 salute
1338 5568 1447 5622 animae
1463 5563 1645 5618 sumeretur.
1663 5556 1699 5612 In
1716 5569 1783 5610 san-

111 5711 151 5788 (2)
168 5715 216 5772 De
228 5732 345 5776 consec.
367 5719 439 5794 dist)
458 5721 487 5791 2,
502 5737 528 5777 c.
542 5724 616 5777 Noa
630 5722 687 5779 hoc
706 5738 831 5795 cerpus.
