3742 6082
61 251 111 310 313
557 249 610 304 DE
628 246 915 306 SACRAMENTIS.
942 248 1052 307 LIBRI
1070 250 1084 307 Ι
1102 249 1202 308 PARS
1217 250 1298 307 VIII.
1707 249 1761 310 311

52 378 193 433 dicuntur
204 373 257 447 qui
279 371 448 428 secundum
474 373 750 445 concupiscentiam
769 375 801 428 in
820 390 881 446 qua
895 374 921 430 A
936 377 967 429 to
983 379 1178 431 cessaverunt
1192 392 1201 445 ;
1219 380 1248 431 et
1263 375 1323 430 alia
1334 391 1390 447 pro
1404 375 1466 431 illis
1481 376 1520 431 ad
1533 375 1668 431 eamdem
1680 379 1760 433 sani·

52 467 111 522 nati
127 467 203 521 sunt
219 462 389 518 ambulant.
406 462 554 517 Homines
569 463 689 533 scriptas
704 462 781 532 legis
805 466 878 518 sunt
932 466 1027 518 tatem
1041 463 1254 536 perficiendam
1269 467 1489 520 successerunt.
1503 464 1541 519 Et
1557 480 1679 520 rursum
1692 469 1762 538 post

51 553 136 625 iiqui
152 552 357 608 exterioribus
372 551 530 623 praeceptis
546 551 584 605 ad
605 551 682 605 bene
710 551 878 606 vivendum
932 551 1057 607 illaalia
1073 554 1161 625 quasi
1184 553 1350 608 nouissime
1376 553 1521 623 adjuncta
1545 557 1629 623 sunt,
1649 554 1762 626 quibus

50 642 269 698 informantur.
286 640 434 695 Homines
444 639 550 710 gratiae
564 642 637 694 sunt
652 639 674 694 ii
688 639 741 710 qui
755 655 807 711 per
821 640 880 694 ins·
935 640 995 694 alia
1011 641 1170 696 succedere
1180 657 1241 696 non
1257 641 1438 697 debuerunt.
1454 640 1509 697 Vel
1524 645 1558 697 ut
1566 642 1765 699 medicamen·

50 731 234 804 pirationem
247 729 379 800 Spiritus
396 728 494 783 sancti
509 727 605 782 afilati
622 731 651 782 et
664 727 880 783 illuminantur
936 735 967 785 11
982 730 1116 801 perlecta
1130 746 1198 801 quae
1220 730 1360 785 morbum
1381 730 1483 802 ipsum
1502 735 1719 786 consumerent
1730 735 1759 787 et

50 823 83 876 ut
96 820 216 876 bonum
232 817 315 890 quod
332 817 505 872 faciendum
520 819 566 871 est
580 820 758 887 agnoscant,
786 820 815 872 et
837 817 881 872 in·

51 910 251 965 flammantur
264 912 299 962 ut
313 906 457 978 diligunt,
468 910 498 961 et
512 906 750 966 corroborantur
771 909 805 960 ut
818 921 881 978 per·

50 998 164 1053 finiant.
188 997 228 1052 Et
249 999 284 1051 ut
306 995 385 1050 idem
409 995 613 1050 manifestiori
634 994 830 1050 distinctione
844 993 881 1048 si-

51 1102 180 1157 gnemus
195 1103 201 1138 :
218 1084 358 1139 homines
374 1083 523 1138 naturalis
537 1083 614 1152 legis
630 1086 703 1137 sunt
713 1085 883 1154 apertema·

50 1174 234 1244 unamines
245 1172 364 1243 scripta
376 1171 453 1241 legis
468 1171 536 1226 ficte
559 1170 644 1240 boni,
657 1170 798 1226 homines
813 1185 881 1240 gra-

50 1263 98 1320 tiae
113 1278 187 1318 vere
199 1261 283 1318 boni.
298 1261 381 1316 Ficte
395 1260 478 1329 boni,
491 1257 564 1314 sunt
576 1259 666 1328 tecti;
679 1262 784 1332 aperte
796 1258 880 1328 mali,

933 819 1099 890 perfectam
1125 818 1289 873 sanitatem
1310 817 1397 890 plene
1411 823 1630 875 restaurarent.
1648 821 1686 876 Et
1697 821 1764 877 haec

935 907 1040 962 omnia
1061 906 1230 962 factasunt
1246 907 1413 962 secundum
1426 907 1577 982 Judicium
1593 913 1623 965 ct
1641 908 1762 981 dispen-

935 997 1085 1051 sationem
1096 994 1274 1066 medioi,qui
1287 996 1428 1051 morbum
1443 997 1545 1069 ipsum
1561 998 1762 1072 vidit,etqua·

933 1084 976 1140 lia
990 1086 1017 1140 ei
1029 1085 1162 1141 remedia
1176 1085 1307 1156 singulis
1326 1087 1515 1159 temporibus
1528 1087 1702 1144 adhibenda
1716 1105 1761 1145 es·

936 1177 1002 1229 sent
1013 1174 1148 1244 agnovit.
1160 1174 1360 1230 -Porrounum
1370 1179 1595 1232 sacramentum
1605 1177 1697 1233 etiam
1708 1193 1761 1234 an·

936 1265 966 1318 te
977 1265 1135 1334 peccatum
1148 1262 1282 1318 hominis
1304 1263 1483 1320 institutum
1500 1265 1671 1321 invenitur.
1686 1266 1762 1321 Con·

51 1351 251 1421 suntdetecti3
262 1350 316 1422 qui
326 1349 453 1422 perGog
465 1348 612 1419 etMagog
624 1347 789 1419 significati
797 1350 881 1416 sunt,
934 1350 1055 1422 jugium
1071 1352 1300 1423 namqueprius
1312 1352 1405 1408 etiam
1416 1369 1508 1424 quam
1521 1353 1613 1410 bomo
1627 1358 1765 1426 peccaret

51 1439 132 1514 quod
147 1440 372 1512 interpretatur
388 1442 490 1492 tectus
506 1442 535 1493 et
548 1439 703 1493 detectus.
721 1435 760 1492 Et
774 1435 806 1490 in
819 1450 883 1507 per·
938 1440 1090 1496 sancitum
1104 1440 1216 1511 legitur·
1230 1440 1284 1496 ubi
1299 1443 1376 1496 teste
1389 1441 1561 1514 Scriptura:
1578 1443 1690 1500 Mulier
1704 1442 1765 1499 iac·

52 1530 241 1586 secutionem
255 1526 372 1600 populi,
384 1525 440 1581 Dei
452 1526 575 1581 venturi
588 1524 883 1597 praedicantur,quia
938 1531 971 1582 11
984 1528 1015 1583 in
1032 1527 1220 1600 adjutorium
1240 1529 1307 1584 viro
1322 1529 1349 1584 ei
1365 1531 1481 1586 sociata
1494 1535 1682 1588 memoratur
1697 1532 1766 1600 (Ge-

52 1618 114 1675 haec
129 1618 192 1674 duo
207 1632 319 1689 genera
332 1615 493 1672 bominum
504 1614 802 1686 semperverehonos
823 1628 887 1685 per.
940 1633 1006 1672 nea.
1021 1617 1067 1688 11).
1083 1617 1180 1689 Cujus
1194 1620 1298 1672 tamen
1312 1617 1518 1676 iustitutionis
1531 1635 1624 1676 causa
1637 1624 1711 1675 tunc
1728 1619 1767 1674 ad

54 1710 238 1780 sequuntur.
253 1705 289 1760 In
300 1705 399 1778 primo
414 1719 522 1774 genere
536 1703 732 1758 continentur
744 1703 857 1774 pagani
873 1717 881 1770 3
898 1714 924 1771 Β
940 1706 1107 1761 remedium
1121 1722 1182 1762 non
1195 1706 1265 1775 fuit,
1272 1705 1325 1761 sed
1338 1706 1377 1762 ad
1383 1708 1532 1778 officium3
1549 1711 1623 1780 quia
1637 1709 1764 1779 morbus

53 1797 84 1851 in
99 1794 236 1852 secundo
251 1792 471 1864 genere‚Judaei
480 1808 489 1861 3
504 1792 537 1847 in
555 1791 642 1847 tertio
657 1805 776 1861 genere,
785 1790 884 1846 (111111-
935 1796 968 1850 in
982 1796 1105 1851 homine
1119 1810 1180 1851 non
1194 1795 1317 1866 fuitqui
1332 1800 1504 1866 sanaretur,
1517 1797 1569 1852 sed
1584 1798 1685 1854 virtus
1696 1813 1765 1870 quae

53 1884 139 1940 tiani.
154 1882 570 1953 Istatriagenerahominnm
581 1881 883 1950 abluitionunquam
937 1888 1102 1939 exercetur.
1125 1884 1252 1955 Propter
1275 1884 1357 1956 quod
1369 1900 1406 1939 ex
1420 1885 1630 1941 tribuscausis
1643 1886 1764 1942 institu-

54 1973 115 2029 ullo
128 1977 267 2045 tempore
279 1971 452 2027 defuerunt.
465 1971 600 2042 Tempus
616 1972 720 2025 tamen
733 1967 884 2024 naturalis
937 1972 1031 2026 tionis
1052 1974 1311 2026 sacramentorum
1337 1972 1414 2027 duas
1435 1976 1556 2028 tantum
1576 1974 1626 2029 hic
1647 1973 1764 2028 inveni·

53 2063 128 2135 legis
138 2062 179 2118 ad
190 2064 292 2134 aperte
306 2060 406 2115 malos
420 2057 693 2131 pertinet‚quiailli
708 2061 781 2112 tunc
795 2060 885 2112 111111-
937 2076 1007 2115 mus
1018 2075 1026 2129 ;
1038 2059 1240 2115 eruditi0ncm
1256 2060 1371 2115 scilicet
1385 2064 1415 2116 et
1428 2062 1687 2118 exercitationem.
1701 2061 1766 2116 Hu-

55 2168 137 2208 mero
149 2151 254 2224 plures
264 2154 294 2206 et
304 2153 388 2205 statu
399 2147 626 2205 excellentiores
643 2147 778 2203 fuerunt.
796 2146 883 2202 Tem·
938 2148 1069 2205 miliatio
1084 2149 1166 2204 enim
1181 2148 1225 2203 ibi
1241 2149 1412 2204 necessaria
1427 2165 1488 2205 non
1509 2150 1570 2206 fuit
1584 2150 1638 2207 ubi
1662 2165 1765 2223 super·

55 2258 111 2314 pus
127 2241 248 2313 scriptae
261 2240 348 2311 legis,
358 2238 397 2293 ad
411 2237 479 2293 ficte
489 2237 596 2305 bonos,
606 2236 680 2308 quia
693 2239 766 2291 tunc
785 2235 883 2291 homi·
938 2238 991 2294 bia
1005 2237 1090 2293 nulla
1104 2238 1165 2292 suit
1180 2254 1188 2305 3
1205 2237 1257 2292 sed
1270 2238 1348 2293 ratio
1361 2255 1430 2310 quae
1446 2240 1618 2296 erudiretur
1643 2240 1681 2295 sd
1702 2254 1766 2294 ma·

57 2345 108 2384 nes
122 2329 156 2383 in
168 2328 279 2383 timore
286 2327 452 2383 servientes
466 2323 743 2397 opusmundabant
752 2340 813 2380 non
825 2323 886 2377 ani·
936 2327 1034 2398 jarem
1051 2326 1255 2398 cognitionem
1267 2328 1299 2381 et
1308 2327 1481 2399 virtusquae
1490 2332 1720 2402 promoveretur
1729 2327 1769 2383 ad

57 2433 151 2474 mum.
169 2417 304 2490 Tempus
318 2416 424 2487 gratiae
439 2414 479 2470 ad
492 2430 562 2471 vere
577 2413 823 2486 bonospertinet,
832 2411 886 2484 qui
939 2417 1086 2488 majorem
1099 2415 1326 2487 perlectionem.
1343 2415 1504 2473 Invenitur
1527 2418 1633 2491 itaque
1646 2418 1705 2475 hoc
1717 2432 1765 2472 sa·

57 2506 147 2562 modo
161 2506 228 2561 etsi
244 2521 372 2560 numero
387 2503 490 2576 plures
514 2503 658 2572 nonsint,
680 2507 782 2558 tamen
803 2504 886 2557 statu
915 2524 918 2529 ·
940 2507 1133 2559 crementum
1159 2502 1345 2574 singularem
1368 2504 1486 2560 habens
1505 2504 1603 2577 legem
1629 2503 1771 2578 quemad·

58 2598 130 2651 sunt
144 2593 385 2663 excellentiores,
394 2596 425 2648 11
438 2578 500 2648 1)11’
510 2592 610 2663 gratia
624 2591 746 2664 publice
760 2593 831 2646 ante
844 2589 886 2645 fe·
940 2593 1065 2653 modum
1081 2591 1270 2663 singularem
1284 2592 1378 2649 habet
1389 2593 1627 2651 institutionem.
1641 2596 1679 2653 Et
1690 2600 1770 2656 vide·

59 2688 182 2754 rantur,
195 2685 288 2739 etiam
297 2683 336 2738 ab
346 2682 384 2737 iis
397 2682 450 2755 qui
461 2681 504 2737 eis
517 2680 885 2736 moribuscontradicunt.
941 2686 992 2737 tur
1006 2681 1080 2738 ordo
1094 2680 1250 2753 postulare
1266 2681 1448 2752 priusquam
1463 2681 1502 2736 ad
1516 2698 1552 2736 ea
1573 2699 1642 2755 quae
1663 2685 1700 2741 de
1714 2703 1769 2742 cae·

54 2772 137 2830 Scias
151 2788 225 2844 ergo
235 2775 560 2845 quocunquetempore
572 2770 610 2825 ab
621 2769 710 2825 initio
725 2767 832 2823 mundi
842 2782 889 2821 us·
942 2771 1015 2826 teris
1027 2769 1156 2826 dicenda
1168 2771 1242 2824 sunt
1257 2770 1458 2825 sacramentis
1477 2769 1667 2829 discutiendo
1693 2789 1771 2832 acce·

55 2878 112 2930 que
127 2862 168 2918 ad
183 2862 288 2930 finem,
301 2860 421 2916 nullum
432 2859 528 2914 fuisse
538 2857 586 2914 vel
597 2873 662 2913 esse
675 2872 745 2912 vere
759 2856 886 2925 bouum,
941 2859 1072 2927 damus,
1088 2857 1125 2913 de
1140 2857 1200 2913 isto
1212 2856 1409 2927 singulariter
1422 2857 1563 2930 quaedam
1578 2876 1648 2931 quse
1663 2861 1769 2935 adpri-

55 2953 111 3007 nisi
121 2951 331 3025 justificatum
342 2964 396 3022 per
405 2949 545 3020 gratiam,
559 2947 690 3017 gratiam
701 2949 803 3001 autem
815 2959 889 2998 nun·
942 2962 1025 3001 mam
1039 2945 1266 3001 institutionem
1291 2948 1427 3016 spectare
1441 2945 1629 3003 videbuntur
1640 2951 1772 3021 praemii·

56 3057 147 3115 quam
167 3039 303 3112 aliquem
329 3037 456 3110 adipisci
471 3035 619 3109 potuisse,
636 3033 697 3088 nisi
715 3049 768 3105 per
788 3031 888 3088 Chris·
905 3038 1045 3120 Ctamus
1061 3049 1069 3102 3
1085 3032 1134 3088 his
1147 3049 1216 3105 quae
1228 3032 1268 3088 ad
1282 3034 1446 3088 secundam
1462 3034 1528 3106 ejus
1542 3035 1769 3097 institutionem

58 3134 131 3186 tum.
157 3129 208 3185 111
224 3132 259 3184 ut
273 3142 378 3183 onmes
398 3126 461 3182 sive
476 3123 681 3198 praecedentes
702 3121 765 3176 sive
788 3116 889 3175 subse·
942 3122 1097 3196 pertinent
1122 3121 1261 3194 sequenti
1285 3123 1455 3178 narrationi
1479 3126 1652 3182 reservatis.
1669 3127 1771 3186 Habet

57 3222 187 3290 quentes
222 3231 285 3271 uno
309 3214 560 3270 sanctificationis
591 3209 725 3266 remedio
753 3208 887 3264 salvatos
942 3211 1024 3267 enim
1040 3211 1097 3266 hoc
1110 3213 1337 3266 sacramentum
1354 3211 1506 3284 duplicem
1518 3214 1768 3288 institutionem

58 3321 219 3378 agnoscas.
232 3303 342 3377 Aspice
353 3318 423 3374 ergo
443 3306 543 3358 castra
557 3300 638 3372 regis
652 3299 749 3355 nostri
764 3300 793 3352 et
808 3298 887 3352 acies
942 3315 1036 3355 unam
1051 3303 1122 3355 ante
1135 3301 1293 3371 peccatum
1320 3298 1357 3354 ad
1379 3300 1522 3370 officium,
1546 3303 1673 3360 alteram
1699 3310 1769 3379 post

56 3396 207 3452 exercitus
231 3393 297 3465 ejus
324 3391 474 3463 fulgentes
501 3391 535 3446 in
559 3389 653 3445 armis
682 3385 885 3460 spiritalibus,
941 3393 1100 3461 peccatum
1115 3386 1155 3442 ad
1168 3387 1349 3443 remedium.
1366 3388 1404 3442 Et
1418 3390 1587 3446 secundum
1605 3393 1689 3449 illam
1706 3411 1769 3468 qua

58 3481 420 3557 quantapraecedentium
436 3478 751 3551 subsequentiumque
764 3473 887 3548 populo·
941 3476 1140 3548 singulariter
1160 3475 1339 3532 institutum
1358 3480 1404 3531 est
1424 3477 1623 3549 singulariter
1642 3485 1769 3541 tractari

59 3589 121 3629 rum
138 3569 482 3642 multitudinestIpatus
496 3566 628 3623 incedat.
940 3565 1029 3621 debet
1043 3581 1052 3634 ;
1068 3569 1099 3620 et
1111 3567 1218 3636 postea
1228 3565 1394 3620 secundum
1407 3564 1492 3621 illam
1507 3583 1570 3638 qua
1594 3571 1710 3627 caeteris
1735 3573 1768 3628 in

85 3678 154 3730 clP.
170 3676 227 3728 xil.
243 3675 404 3742 deturpare
418 3672 600 3726 institutionis
611 3673 855 3723 sacrarnmtorum.
941 3657 1076 3725 tempore
1088 3653 1285 3724 conjungitur
1299 3668 1318 3708 a
1331 3653 1449 3709 caeteris
1465 3654 1498 3708 in
1513 3658 1689 3714 narratione
1705 3675 1768 3716 non

88 3759 228 3830 Tempus
239 3756 446 3812 institutionis
461 3756 722 3811 sacramentorum
740 3749 886 3805 11111111-
941 3744 1110 3814 separetur.

10 3832 12 3841 ¹
61 3848 185 3920 coepisse
199 3845 344 3914 creditur,
361 3861 423 3917 quo
436 3844 555 3916 primus
575 3855 687 3914 parens
701 3838 810 3894 merito
821 3837 886 3892 ino·
973 3847 1030 3897 cir.
1048 3844 1112 3896 lllll.
1132 3843 1166 3895 Dc
1183 3844 1352 3896 institutione
1368 3845 1491 3913 conjugii
1514 3853 1576 3900 ante
1589 3852 1739 3915 peccamen.

61 3933 243 3991 bedientiaea
260 3933 380 4004 gaudiis
392 3932 528 4005 paradisi
538 3927 731 4003 expulsus,in
741 3925 886 3997 hujusvi·
977 3925 1208 3982 Sacramentum
1222 3925 1356 3997 conjugii
1365 3925 1464 3983 solum
1479 3930 1771 3988 exomnibussacra-

63 4028 96 4080 ta
105 4021 251 4080 mortalis
266 4021 391 4078 exilium
407 4037 476 4077 cum
487 4024 551 4076 tota
561 4018 739 4092 posteritate
749 4014 887 4087 usquein
940 4015 1055 4072 mentis
1067 4030 1136 4086 quae
1151 4013 1190 4069 ad
1202 4014 1371 4070 remedium
1384 4015 1520 4072 homims
1530 4017 1675 4074 instituta
1685 4021 1768 4088 sunt,

64 4110 265 4185 finemprimae
277 4110 466 4183 corruptioni
478 4109 631 4165 obnoxius
639 4104 819 4162 teneturEx
827 4117 887 4174 quo
942 4108 1013 4161 ante
1028 4107 1185 4176 peccatum
1201 4102 1336 4160 hominis
1356 4103 1468 4176 legitur
1491 4105 1669 4162 institutum
1684 4123 1693 4176 ;
1707 4122 1769 4162 non

64 4201 139 4256 enim
151 4199 248 4256 homo
264 4213 283 4252 a
296 4202 379 4254 statu
399 4198 506 4271 primae
521 4193 760 4267 incorruptionis
783 4191 888 4263 lapsus
942 4197 1045 4249 tamen
1060 4196 1183 4263 propter
1198 4192 1422 4262 peccatum,sed
1436 4192 1475 4247 ad
1485 4198 1769 4250 sacramentumso·

64 4287 92 4343 iu
105 4302 233 4362 corpore
246 4303 301 4360 per
315 4287 534 4343 mortalitatem
556 4288 586 4341 et
599 4285 631 4340 in
657 4282 761 4338 anima
771 4295 825 4353 per
834 4279 889 4334 ini-
941 4281 1006 4338 lum
1019 4284 1049 4336 et
1061 4279 1100 4335 ad
1115 4279 1257 4335 officinm.
1272 4279 1320 4334 Ad
1334 4284 1559 4338 sacramentum
1572 4286 1768 4355 propterem·

66 4377 212 4448 quitatem
231 4380 380 4446 aegrotare
396 4375 510 4448 coepit;
528 4373 674 4430 continuo
693 4370 777 4426 Deus
803 4382 888 4440 repa·
903 4402 931 4460 D
943 4367 1101 4436 ditionem,
1118 4366 1201 4422 etad
1216 4367 1352 4423 officium
1374 4373 1497 4440 propter
1510 4370 1768 4427 exercitationem.

66 4465 155 4522 rande
170 4465 204 4520 in
219 4464 421 4520 sacramentis
437 4464 502 4520 suis
528 4460 711 4518 medicinam
741 4471 891 4530 praepara-
943 4457 1040 4514 Erant
1054 4456 1209 4511 enimdeo
1223 4455 1771 4532 haecinconJugioips0100njugium
1818 4471 1826 4494 ‘

66 4553 114 4608 111.
129 4552 206 4619 Quae
217 4550 341 4624 quidem
351 4553 454 4624 (prout
466 4550 545 4607 ratio
557 4547 736 4622 postulabat
743 4549 772 4601 et
784 4542 887 4612 causa)
943 4546 1057 4613 ipsum,
1075 4547 1105 4600 et
1119 4543 1254 4615 conjugii
1271 4543 1417 4613 officium,
1438 4547 1468 4600 et
1482 4549 1649 4620 utrumque
1673 4563 1772 4604 sacra-

67 4639 191 4697 diversis
204 4639 397 4712 temporibus
409 4642 439 4695 et
450 4639 525 4695 locis
549 4635 787 4692 adcurationem
807 4631 890 4687 illius
942 4636 1082 4688 mentum
1098 4637 1173 4687 erat.
1189 4632 1374 4703 Conjugium
1388 4634 1549 4689 constabat
1568 4635 1601 4690 in
1621 4651 1772 4692 consensu

67 4728 225 4797 exhibuit;
241 4726 303 4783 alia
313 4731 384 4783 ante
398 4726 506 4798 legem,
523 4724 584 4780 alia
599 4720 743 4792 sublege,
758 4720 818 4774 1111
833 4719 891 4774 sub
943 4719 1066 4775 foederis
1083 4718 1215 4788 socialis,
1236 4719 1371 4775 osticium
1396 4721 1531 4792 conjugii
1558 4724 1719 4780 constabat
1739 4724 1772 4779 iu

68 4820 161 4889 gratia
177 4818 321 4875 :diversa
332 4818 456 4890 quidem
471 4818 505 4873 in
519 4815 617 4890 specie
634 4828 731 4869 unum
741 4808 892 4867 111111111-
943 4808 1053 4881 copula
1067 4808 1178 4864 carnis.
1195 4805 1381 4878 Conjugium
1394 4812 1621 4866 sacramentum
1642 4812 1703 4867 fuit
1722 4827 1772 4868 cu·

69 4907 176 4964 lectum
188 4905 337 4964 babentia
351 4910 380 4962 et
395 4922 489 4962 unam
505 4905 668 4960 sanitatem
690 4898 888 4973 perficientia.
941 4895 1065 4968 jusdam
1078 4894 1233 4953 societatis
1248 4895 1418 4968 spiritualis
1432 4913 1500 4969 quse
1511 4914 1565 4969 per
1579 4898 1773 4957 dilecti0nem

68 4994 94 5051 Si
106 4996 180 5069 quis
190 4995 290 5068 igitur
304 4998 422 5069 quaerat
436 4999 558 5067 tempus
570 4988 777 5048 institutionis
792 5001 891 5043 sacra·
944 4989 1010 5040 erat
1024 4985 1105 5039 inter
1119 4983 1217 5039 Deum
1231 4987 1262 5039 et
1274 4984 1409 5039 animam
1424 4984 1456 5040 in
1472 5002 1533 5058 qua
1553 4987 1698 5044 societate
1712 4990 1775 5045 ani.

68 5088 251 5153 mentorum,
266 5083 344 5139 sciat
358 5083 433 5156 quia
446 5081 586 5154 quandiu
605 5077 731 5134 morbus
745 5076 801 5143 est,
816 5077 892 5128 tem·
945 5088 996 5128 ma
1011 5087 1124 5144 sponsa
1137 5076 1203 5127 1111
1217 5077 1247 5129 11
1262 5087 1394 5145 sponsus
1410 5073 1502 5131 Deus.
1520 5075 1659 5133 Officium
1673 5078 1775 5149 conju-

68 5185 119 5242 pus
131 5169 297 5229 medIcinae
311 5174 366 5226 est.
388 5171 526 5227 Praesens
540 5168 636 5240 igitur
659 5166 723 5221 vita
743 5178 761 5216 a
781 5160 892 5234 princi·
946 5161 988 5232 gii
1005 5164 1229 5215 sacramentum
1241 5161 1466 5234 fuitcujusdam
1474 5165 1628 5221 societatis
1643 5181 1712 5237 quse
1725 5165 1772 5221 iu·

68 5261 112 5331 pio
124 5259 233 5317 saeculi
255 5260 400 5332 usquein
418 5260 510 5315 finem
534 5272 588 5330 per
606 5251 826 5310 mortalitatem
847 5250 894 5305 de·
945 5252 1095 5306 turserat
1109 5264 1163 5321 per
1177 5265 1299 5306 carnem
1315 5256 1505 5324 assumptam
1523 5254 1604 5311 inter
1616 5254 1773 5310 Christum

68 5363 200 5417 currens,
216 5352 340 5421 tempus
356 5350 401 5404 est
410 5347 520 5415 morbi,
531 5350 561 5402 11
575 5349 697 5416 tempus
711 5338 845 5394 remedii.
857 5338 893 5393 ln
946 5342 975 5393 11
990 5337 1167 5407 Ecclesiam,
1180 5339 1213 5393 in
1237 5355 1297 5410 qua
1322 5341 1465 5397 societate
1485 5341 1626 5398 Christus
1641 5356 1774 5412 sponsus

67 5436 129 5508 ipsa
140 5441 172 5493 et
187 5439 315 5509 propter
329 5436 428 5508 Ipsam
442 5435 587 5491 Instituta
601 5435 674 5488 sunt
688 5430 891 5495 saoramenta;
946 5427 1070 5481 tuturus
1085 5429 1151 5482 erat
1165 5430 1195 5482 et
1210 5442 1323 5498 sponsa
1343 5429 1486 5484 Ecclesia.
1512 5431 1550 5484 Et
1565 5431 1618 5500 qui
1641 5443 1775 5499 sponsus

69 5531 94 5579 et
105 5523 252 5598 quaedam
266 5539 285 5578 1
299 5524 450 5596 principio
468 5523 577 5596 ipsius,
594 5535 662 5593 quae
677 5532 732 5573 suo
759 5519 894 5586 tempore
947 5520 1013 5571 erat
1027 5516 1192 5587 utrobique
1207 5517 1344 5588 superlor
1356 5520 1430 5584 erat,
1447 5519 1477 5570 et
1501 5516 1566 5585 ejus
1579 5514 1700 5572 dilectio
1720 5533 1776 5590 per

68 5615 267 5670 cucurrerunt
286 5615 316 5668 et
337 5611 377 5667 ad
400 5595 564 5668 sanitatem
574 5611 737 5681 (quantum
752 5602 828 5675 Ipsis
842 5601 893 5656 da·
947 5603 1092 5675 pietatem
1107 5603 1286 5659 trahebatur
1302 5604 1340 5658 ad
1365 5603 1552 5658 inferiorem.
1574 5601 1647 5669 Quae
1672 5610 1776 5663 autem

69 5703 220 5770 tumeret,
236 5703 267 5756 11
280 5715 334 5773 per
346 5700 415 5773 ipsa
429 5700 566 5757 dandum
581 5696 657 5768 erat)
671 5688 893 5750 restituendum
948 5705 1063 5762 sponsa
1081 5695 1156 5760 erat,
1179 5691 1342 5763 utrobique
1367 5691 1494 5745 Interior
1518 5693 1706 5761 1111311111
1724 5694 1799 5744 §mx

67 5788 296 5852 mearunt-nt
308 5791 370 5847 1111
384 5791 577 5847 sacramente
585 5800 641 5845 suo
656 5777 896 5856 temporeexple·
949 5776 1107 5836 sufficiens
1120 5783 1274 5850 nouerat,
1285 5781 1319 5834 et
1327 5792 1385 5851 per
1399 5780 1534 5833 sestam
1544 5772 1823 5846 perspexeram-t

190 5881 513 5947 ermacnxxu.
1646 5864 1694 5923 11
