3742 6082
55 244 62 255 a
123 208 178 269 rae
441 205 620 265 samua
636 207 691 265 nn
708 207 739 264 s.
759 195 1033 296 vincuat-Off·
1051 199 1154 294 Pele
1172 201 1211 260 11.
1224 233 1261 249 -
1282 204 1524 267 annuamus.
1775 216 1829 275 rar

122 345 204 417 plius
215 344 262 399 ast
276 339 431 408 colinum,
446 338 520 410 quia
533 337 566 391 in
580 351 616 392 eo
630 351 752 407 quoque
766 334 803 391 ad
813 333 942 405 gloriam
955 320 984 378 Α
998 328 1105 395 genuit
1118 328 1211 398 linos,
1227 331 1280 402 qni
1293 332 1383 403 coepit
1396 333 1538 391 invocare
1551 350 1663 393 nomen
1687 338 1828 412 Domini,

122 430 340 499 conscendunt,
354 429 388 484 in
403 442 464 500 quc
478 425 675 499 paulominus
686 424 842 481 humiliati
856 423 947 495 aglo.
1000 431 1063 472 non
1076 417 1201 489 quidem
1212 418 1368 490 religionis
1380 420 1540 477 institutor
1561 425 1689 496 primus,
1715 428 1768 483 sed
1781 445 1830 502 pa·

120 523 167 579 ria
180 521 341 577 inferiores
351 518 447 573 inisse
459 516 518 572 viai
531 517 614 584 sunt,
626 518 662 571 ut
675 515 707 570 in
722 529 786 570 una
798 513 946 571 charitate
999 507 1094 560 tem&
1104 505 1276 564 d⁰V02501¹i⁸
1291 509 1430 579 essfsstiilffl
1442 509 1580 567 imiimi
1590 512 1726 571 effectus.
1744 516 1827 574 Enoc

119 608 261 666 similiter
270 605 433 679 gaudeant,
449 604 504 675 qni
522 601 563 657 ad
586 618 681 658 unam
701 601 880 659 charitatem
893 616 945 658 vo·
999 610 1071 651 vero
1083 597 1310 666 nonagenarius
1321 598 1427 668 genuit
1439 597 1576 655 Caicum.
1586 601 1714 658 Caluam
1724 608 1828 662 autem

119 698 190 767 cati,
204 701 234 753 et
248 695 287 751 ad
297 707 390 750 unam
405 691 576 748 claritatem
591 690 716 760 conditi,
732 706 827 746 unam
840 688 945 761 gloria
999 684 1297 756 septuagintaannos
1307 685 1425 742 habens
1435 687 1541 758 genuit
1551 687 1699 746 Malaleel.
1716 691 1757 748 Et
1768 691 1829 748 lda-

119 798 295 842 mensuram
307 779 450 838 dissimili
463 779 534 836 licet
550 778 768 835 distributione
782 777 946 851 percipien·
997 770 1085 828 lsleel
1097 773 1256 844 sexaginta
1271 774 1408 847 quinque
1428 789 1579 832 annorum
1591 779 1698 848 genuit
1720 779 1739 835 J
1741 781 1823 837 ared.

119 877 165 930 tes
193 871 342 928 exultant.
365 869 445 941 Ergo
473 869 556 924 Deus
582 867 725 939 spiritum
752 850 943 937 rationalem,
996 860 1088 916 Jared
1102 865 1335 919 autemcentum
1350 864 1511 934 sexaginta
1533 864 1720 923 duosannos
1735 869 1825 940 vixit,

117 976 210 1034 quem
229 959 268 1015 ad
284 974 371 1015 snam
395 954 523 1028 gloriam
549 953 735 1024 condiderat,
759 954 814 1023 ita,
833 957 870 1009 ut
883 953 943 1010 dic·
998 953 1028 1005 et
1038 950 1145 1020 genuit
1155 950 1292 1007 Henoch.
1302 951 1342 1007 lit
1350 952 1564 1009 vixitHenoch
1579 969 1677 1012 annos
1688 958 1827 1028 aeramn-

118 1054 185 1107 tum
198 1052 255 1120 est,
266 1047 383 1121 dispari
398 1048 480 1102 sone
491 1044 667 1116 disponens,
680 1044 793 1116 partim
803 1043 897 1115 jussit
909 1044 943 1100 in
998 1041 1030 1093 ta
1039 1039 1826 1112 quinque,etgenuitMathusalem,etambu1avitHe·

64 1180 66 1185 -
118 1155 175 1196 sua
186 1139 321 1212 puritate
333 1135 507 1208 persistere,
521 1133 634 1206 partim
648 1134 684 1189 ut
696 1132 875 1205 corporibus
888 1135 945 1188 ter·
997 1127 1151 1184 nochcum
1161 1127 1407 1203 DeoPcstquam
1422 1133 1525 1185 antem
1544 1132 1650 1202 gennit
1663 1131 1823 1190 Mathusa-

116 1227 199 1283 renis
213 1225 347 1281 sociatus
356 1223 396 1278 ad
408 1222 506 1278 vitam
515 1236 561 1290 aa,
577 1223 608 1276 et
628 1235 752 1276 sensum
781 1220 942 1289 animaret,
995 1215 1147 1287 lem,vixit
1156 1219 1308 1273 trecentos
1318 1231 1426 1287 annos,
1435 1220 1465 1272 et
1480 1233 1542 1274 non
1549 1221 1823 1292 comparuitultra,

116 1313 178 1370 illie
188 1327 267 1387 quos
280 1313 314 1369 in
327 1327 385 1367 sua
402 1309 536 1384 puritate
561 1308 736 1382 reliquerat,
764 1324 887 1365 sursum
909 1309 942 1364 in
996 1304 1224 1376 quiatnlitcum
1238 1306 1322 1362 Deus
1334 1308 1421 1362 extra
1435 1306 1575 1364 homines
1589 1315 1823 1380 mansururnet

113 1402 189 1460 coelo
213 1401 404 1458 mansionem
434 1399 647 1468 constituens;
673 1397 743 1454 illos
764 1413 848 1468 vero,
864 1412 943 1471 quos
996 1394 1078 1451 ultra
1089 1395 1821 1471 hominesvicturum,utvivusnascIturum,exs·

115 1489 294 1564 corporibus
319 1487 449 1545 terrenis
474 1486 654 1556 sociaverat,
669 1487 811 1543 deorsum
835 1488 868 1542 in
882 1490 941 1543 ter·
995 1487 1129 1556 pecteret
1141 1485 1378 1557 socium,postea
1386 1500 1456 1542 cnm
1468 1487 1549 1542 socio
1558 1487 1753 1546 interiturus.
1762 1490 1824 1547 lda-

114 1593 189 1635 rena
202 1577 394 1633 habitaticne
403 1575 569 1648 disponens
580 1575 720 1648 utrisque
730 1576 867 1647 regulam
875 1575 943 1632 obe·
994 1572 1823 1653 thusalemautemcumvixissstcentumoctogintesep

112 1666 235 1723 dientiae
259 1667 442 1738 proponens,
468 1667 623 1737 quatenus
644 1667 675 1719 et
696 1663 742 1720 illi
764 1664 803 1720 ab
827 1680 863 1721 eo
884 1664 940 1720 ubi
954 1657 980 1714 B
993 1663 1055 1717 tem
1067 1676 1176 1731 annos,
1191 1663 1297 1733 genuit
1316 1662 1458 1719 Lamech.
1471 1663 1557 1720 Vixit
1570 1669 1674 1722 autem
1688 1665 1822 1725 Lamech

114 1756 201 1810 erant
225 1767 289 1811 non
316 1752 469 1822 caderent,
498 1755 528 1808 et
557 1752 611 1807 isti
639 1752 678 1808 ab
702 1767 737 1809 ec
761 1752 816 1809 ubi
850 1756 939 1809 erant
992 1753 1114 1807 centurn
1126 1750 1282 1821 octoginta
1295 1750 1373 1806 duos
1387 1765 1496 1821 annos,
1512 1755 1542 1806 et
1558 1753 1665 1823 genuit
1677 1753 1822 1813 Noscan-

114 1841 223 1910 adid,
249 1840 304 1897 uhi
336 1840 381 1897 iili
400 1844 488 1897 erant
511 1839 725 1910 ascenderent,
747 1843 783 1897 ut
804 1856 873 1897 cum
896 1841 936 1897 is·
992 1839 1208 1895 summationis
1222 1838 1398 1909 terminum,
1424 1841 1455 1894 et
1473 1840 1670 1913 perfectionis
1696 1843 1821 1916 signum

111 1930 371 2004 tipervenisssnt‚
392 1929 440 1986 iili
463 1945 526 1986 non
551 1929 763 1986 discessissent
786 1944 880 2003 supra
905 1929 937 1985 iri
991 1926 1125 2000 subque
1148 1926 1238 1983 tinem
1258 1926 1384 1983 haberet
1407 1928 1568 2000 iniquitas,
1590 1932 1818 2002 reparationem

113 2019 197 2093 qnod
210 2019 285 2076 iacti
296 2021 395 2088 erant,
410 2017 449 2073 ad
461 2017 495 2074 id
505 2018 588 2090 quod
602 2017 675 2075 fecti
689 2020 777 2075 erant
789 2019 939 2091 pertinge·
990 2014 1173 2085 mortalitas,
1196 2015 1327 2088 aequitas
1353 2017 1648 2074 consummationem
1664 2018 1755 2089 (Gen.
1771 2020 1816 2092 v).

110 2111 189 2178 rent,
205 2110 241 2164 ut
254 2122 324 2164 cum
338 2121 373 2163 eo
385 2109 518 2163 essenta
529 2121 591 2180 quo
605 2107 678 2164 facti
692 2110 789 2164 erant.
805 2107 840 2163 Α.
857 2106 937 2173 Quia
989 2102 1084 2160 Porro
1098 2102 1174 2160 Cain
1188 2102 1270 2159 iilius
1284 2102 1394 2173 Adam,
1421 2106 1529 2160 auctor
1552 2105 1713 2164 discordia
1729 2111 1760 2165 et
1773 2109 1818 2166 di·

110 2196 301 2269 propositum
329 2199 470 2251 nostrum
500 2193 540 2251 ad
563 2195 698 2252 hominis
730 2195 934 2252 auditionem
987 2193 1117 2249 visionis
1130 2195 1223 2265 caput
1244 2193 1443 2265 propaginem
1456 2194 1662 2263 generationis
1675 2210 1817 2255 seorsum

109 2283 280 2357 specialiter
293 2283 428 2355 respicit,
442 2282 482 2338 ad
495 2297 531 2338 ea
550 2297 619 2355 qua
638 2282 675 2339 de
696 2283 764 2356 ipso
777 2287 847 2356 post
869 2283 934 2342 haec
988 2281 1164 2352 extendens,
1186 2282 1286 2354 primo
1315 2282 1422 2353 genuit
1438 2280 1547 2352 tilium,
1573 2297 1665 2354 quem
1692 2287 1818 2343 vocavit

107 2371 236 2428 dicenda
245 2375 328 2442 sunt,
342 2371 549 2427 narrationem
561 2370 694 2427 dcilecte.
711 2370 748 2428 R.
765 2370 873 2428 Posuit
888 2387 932 2428 er·
986 2369 1124 2439 Henoch,
1139 2369 1363 2442 aedificavitque
1378 2371 1544 2438 civitatem,
1560 2387 1654 2444 quam
1680 2375 1816 2447 appella·

104 2474 143 2531 gc
155 2459 238 2516 Deus
252 2460 409 2517 hominem
430 2460 463 2516 in
477 2458 655 2532 paradisum
670 2461 759 2532 qnasi
773 2460 806 2517 in
831 2460 932 2518 locum
986 2459 1032 2514 vit
1045 2458 1171 2514 Henoch
1186 2473 1223 2514 ex
1234 2459 1357 2515 nomine
1366 2458 1422 2515 filii
1437 2459 1496 2529 sui,
1509 2460 1673 2517 ostendens
1686 2463 1770 2536 quod
1781 2465 1815 2520 in

104 2547 274 2621 disciplina
299 2553 329 2604 st
346 2546 482 2605 scholam
501 2548 664 2618 virtutum,
679 2552 716 2605 ut
736 2548 781 2605 ihi
795 2564 849 2622 per
861 2550 931 2606 ohe·
985 2546 1044 2603 hac
1053 2547 1119 2604 vita
1132 2546 1323 2603 mansionem
1338 2550 1497 2619 quareret,
1521 2550 1551 2604 et
1569 2548 1610 2604 ad
1630 2549 1729 2620 illam,
1744 2567 1814 2625 quae

101 2636 249 2692 mantiam
276 2636 416 2693 mandati
440 2636 667 2705 exercitaretur,
696 2640 875 2710 accepturus
904 2638 930 2695 si
984 2636 1017 2693 in
1031 2637 1136 2693 futuro
1151 2636 1266 2692 sanctis
1281 2638 1431 2706 servatur,
1452 2636 1663 2693 haereditatem
1678 2653 1710 2694 se
1723 2655 1814 2712 posse

102 2725 278 2797 persisteret
291 2725 463 2798 premium,
477 2725 504 2780 si
518 2725 779 2797 pravaricaretnr,
794 2741 927 2799 prauam.
983 2725 1142 2798 pervenire
1161 2722 1344 2797 desperaret.
1369 2723 1496 2780 Henoch
1510 2728 1614 2781 antem
1636 2725 1721 2783 tilius
1732 2726 1809 2784 Cain

100 2812 292 2886 Quapropter
310 2813 344 2869 in
364 2812 508 2886 paradiso
531 2811 631 2869 solum
652 2813 779 2883 honum,
795 2814 849 2870 sed
867 2829 929 2872 non
982 2813 1089 2885 genuit
1105 2813 1185 2883 lrad,
1201 2817 1232 2870 et
1245 2812 1316 2869 lrad
1327 2813 1434 2884 genuit
1455 2812 1589 2870 Maviael
1601 2829 1674 2870 vero
1701 2817 1810 2887 genuit

102 2916 258 2959 summum
272 2902 408 2974 positum
420 2904 477 2971 est,
491 2904 527 2957 nt
549 2901 583 2956 in
602 2915 637 2956 eo
650 2901 733 2974 quod
748 2901 848 2958 solnm
863 2906 929 2960 erat
982 2899 1169 2971 Muthusael,
1183 2904 1214 2958 et
1228 2900 1402 2958 Mathusael
1414 2901 1521 2972 genuit
1533 2901 1676 2972 Lamwln
1692 2905 1747 2976 qni
1763 2920 1809 2961 cc·

100 2989 217 3048 bonum
230 3004 249 3043 a
261 2990 396 3062 puritate
409 2990 508 3046 virtus
529 2989 686 3062 inciperet,
714 2990 747 3046 in
762 3004 798 3046 eo
822 2995 925 3049 autem
944 2980 968 3038 C
981 2989 1056 3047 cidit
1069 2990 1146 3047 Cain
1159 2989 1346 3062 (Gen.1v),ut
1357 2990 1411 3061 qui
1424 2989 1458 3044 in
1472 2990 1572 3062 primo
1583 2989 1646 3046 iilic
1659 3006 1716 3048 suo
1726 3007 1811 3050 man·

100 3077 183 3151 quod
201 3093 357 3136 summurn
371 3093 434 3134 non
448 3081 514 3134 erat
526 3078 643 3135 bonum
666 3081 747 3135 essct
760 3095 822 3152 quo
845 3095 927 3136 exer·
980 3078 1098 3136 sionem
1112 3078 1315 3147 dedicaverat,
1332 3076 1481 3149 acciperet
1494 3078 1527 3134 in
1553 3079 1684 3151 septimo
1710 3082 1808 3155 perdi·

99 3167 194 3224 citata
219 3166 386 3239 proliceret.
410 3166 469 3223 Sed
483 3166 558 3240 quia
577 3166 670 3222 homo
697 3169 925 3239 prevaricando
979 3167 1104 3224 tionem.
1118 3167 1205 3225 Sicut
1224 3166 1395 3224 econtrario
1415 3166 1448 3222 in
1470 3165 1553 3222 linea
1564 3166 1809 3239 justorumhbel
1848 3164 1852 3177 '

99 3254 305 3312 obedientiam
333 3254 486 3324 deseruit,
517 3255 673 3311 sententia
701 3254 924 3314 maledictionis
978 3257 1097 3328 primus
1110 3255 1268 3325 occiditur,
1282 3258 1313 3312 et
1327 3253 1454 3311 Henoch
1468 3255 1629 3328 septimus,
1645 3258 1699 3329 qui
1714 3259 1806 3316 inter·

95 3358 270 3417 percussus,
278 3344 312 3399 in
324 3359 360 3399 ea
372 3357 466 3415 quam
477 3342 688 3415 incorruptam
702 3348 923 3417 acceperatna·
977 3348 1117 3417 pretatur
1130 3347 1304 3413 dedicatio,
1327 3359 1389 3400 non
1403 3347 1545 3400 mortuus
1568 3344 1622 3401 sed
1637 3346 1806 3405 translatus

97 3435 168 3488 tura
181 3446 303 3505 poenam
323 3430 531 3500 mortalitatis,
546 3445 641 3503 quam
660 3431 700 3487 ad
722 3446 845 3489 omnem
858 3448 924 3506 pos
977 3436 1174 3502 memoratur,
1190 3433 1244 3506 qni
1264 3433 1411 3489 nimirum
1425 3431 1513 3505 prius
1526 3433 1559 3489 in
1575 3432 1632 3489 hac
1645 3435 1713 3491 vita
1732 3436 1806 3492 mali

95 3520 249 3577 toritatem
262 3535 351 3576 suam
363 3519 595 3589 transmitteret,
607 3519 822 3578 seminandam
836 3535 917 3578 acce·
976 3521 1101 3593 quidem
1108 3520 1308 3593 gandent,sed
1317 3521 1390 3577 boni
1398 3521 1629 3578 tribulationem
1635 3525 1802 3594 sustinent,

98 3609 155 3682 pit.
169 3608 228 3666 Hic
243 3623 349 3667 omncs
361 3608 502 3666 homines
518 3623 556 3664 ex
570 3607 671 3665 radice
685 3609 796 3665 vitiata
814 3614 924 3667 morta·
976 3612 1087 3682 etpost
1101 3625 1171 3666 cnm
1185 3609 1259 3666 mali
1272 3613 1411 3683 pereunt,
1425 3612 1499 3666 tunc
1519 3608 1592 3665 honi
1604 3609 1694 3680 plene
1709 3628 1728 3666 a
1743 3629 1805 3669 ma-

94 3694 151 3766 les,
164 3698 324 3770 procreati,
341 3698 550 3754 testimonium
565 3697 672 3770 prima
697 3698 921 3771 praevaricatic-
974 3697 1005 3754 lo
1017 3697 1140 3755 liberati
1154 3697 1294 3755 advitam
1304 3702 1335 3754 et
1349 3697 1720 3770 gaudiumsempitsrnum
1732 3715 1801 3772 per·

96 3785 147 3841 nis
159 3786 335 3843 asserimus.
352 3786 391 3841 lit
405 3786 548 3858 quamvis
571 3786 695 3859 quidem
714 3801 769 3860 per
790 3788 921 3859 gratiam
976 3787 1110 3859 tingunt.
1133 3786 1265 3844 Lamech
1288 3786 1383 3858 igitur
1411 3787 1534 3856 accepit
1562 3787 1647 3841 duas
1668 3802 1801 3858 umores,

96 3871 136 3927 ad
150 3873 247 3928 vitam
263 3887 578 3943 renascamur,omnes
592 3878 696 3930 tamen
709 3889 764 3947 per
777 3880 921 3932 naturam
978 3886 1123 3944 qaorum
1129 3876 1255 3930 uetera
1270 3889 1388 3930 nomen
1399 3875 1586 3944 Actamttert
1596 3876 1686 3930 Sella
1695 3875 1802 3948 (ibid).

96 3957 136 4013 ad
146 3961 277 4016 mortem
291 3960 448 4016 nascimur
456 3963 486 4016 et
498 3960 736 4018 damnationem.
974 3963 1094 4035 primus
1107 3962 1305 4019 incontentia
1319 3962 1494 4034 exemplum
1511 3976 1697 4035 proponens,
1719 3965 1804 4037 prius

130 4046 166 4102 A.
183 4061 343 4118 processus
358 4046 461 4103 saculi
475 4046 583 4103 deinde
591 4047 693 4120 qualis
702 4049 762 4104 init
773 4046 789 4104 i
802 4049 839 4108 R.
848 4050 920 4108 Pro-
974 4050 1111 4107 imitator
1124 4050 1232 4124 patris,
1247 4053 1317 4123 post
1329 4050 1506 4107 interfector
1520 4049 1656 4107 iuturus.
1673 4052 1804 4110 Genua·

91 4133 243 4207 teplastns
255 4133 353 4191 Adam
368 4134 481 4207 ejectus
502 4150 521 4190 a
540 4133 610 4191 sede
622 4134 768 4207 paradisi,
782 4140 818 4192 ut
832 4142 920 4210 pater
973 4154 1035 4210 que
1053 4142 1126 4195 Acta
1139 4141 1240 4209 dahel,
1255 4141 1314 4209 qai
1325 4138 1501 4209 tuitpater
1522 4139 1749 4196 intuentium
1764 4141 1800 4195 in

91 4223 177 4287 tieret
190 4224 245 4297 qni
259 4238 320 4280 non
335 4222 503 4293 eratfilius,
517 4239 555 4279 ex
568 4237 605 4278 aa
614 4238 708 4296 quam
721 4222 804 4281 latus
813 4225 918 4296 edidit,
972 4226 1801 4300 tentoriisatquepcetcrumtibid),superstitionissci·

91 4315 122 4368 et
135 4317 220 4370 costa
231 4312 387 4386 produxit,
402 4313 480 4369 duos
499 4313 606 4385 genuit
616 4312 779 4369 divisionis
793 4314 916 4386 signum
931 4316 959 4373 D
972 4315 1042 4373 licet
1053 4320 1145 4390 atque
1157 4317 1295 4373 avaritiae
1306 4316 1458 4385 inventor,
1468 4319 1500 4371 et
1512 4316 1652 4371 Thumal
1666 4313 1796 4389 [lnbal],

90 4403 120 4454 et
132 4398 294 4457 divisionis
308 4401 632 4474 principium‚pr0ptsr
641 4399 724 4473 quod
739 4416 777 4457 ex
790 4401 843 4458 illa
853 4417 919 4476 pcr-
949 4388 955 4401 ¹
974 4406 1027 4478 qui
1033 4406 1402 4476 faitpatercanentium
1410 4403 1799 4477 mthareetorpanots‘hid)

89 4486 217 4543 ditionis
236 4502 341 4544 massa
360 4489 426 4560 jam
442 4491 515 4545 tunc
524 4487 621 4544 dividi
635 4489 815 4561 inceperunt
841 4506 917 4547 vasa
971 4493 1129 4550 lasciviam
1143 4497 1236 4567 atque
1247 4493 1379 4550 luxurias
1392 4493 1553 4550 mollitiem
1563 4495 1696 4549 secutus.
1713 4495 1799 4550 Sella

88 4575 144 4631 ira
158 4577 189 4629 et
202 4589 278 4630 vasa
304 4575 530 4632 misericordiae.
550 4576 630 4632 Nam
654 4577 774 4648 J'ustum
800 4578 922 4653 impius·
969 4584 1223 4653 quoquepenuit
1240 4584 1429 4652 Tudalcae'n,
1450 4584 1510 4652 qui
1527 4582 1598 4652 fuit
1624 4584 1799 4638 malleator

87 4662 214 4719 zelando
228 4661 412 4720 dumnoluit
426 4666 547 4720 mutare
558 4664 723 4738 quodiuit,
738 4681 801 4723 non
813 4669 916 4741 potuit
968 4675 1000 4727 et
1012 4669 1106 4740 faber
1128 4673 1166 4726 in
1186 4675 1306 4727 cuncta
1323 4685 1419 4740 opera
1448 4671 1526 4727 ceria
1539 4675 1570 4726 et
1584 4669 1671 4739 ferra·
1684 4669 1797 4742 (thid),

85 4749 214 4807 tolerare
222 4750 305 4824 quod
314 4750 402 4808 vidit.
415 4751 547 4809 Percmlt
560 4753 665 4826 itaque
678 4755 773 4811 irater
786 4756 913 4812 tratrem
966 4758 1064 4815 furori
1082 4757 1223 4814 videlicet
1245 4772 1332 4814 arma
1357 4757 1550 4814 ministrans.
1566 4756 1707 4814 Nceman
1728 4772 1798 4830 quo

82 4839 224 4897 affectum
238 4843 357 4897 naturas
367 4840 493 4912 oblitus,
509 4845 540 4899 et
552 4858 590 4900 ne
604 4843 726 4916 periret,
741 4845 834 4917 signo
849 4861 914 4918 per·
967 4846 1026 4919 qne
1040 4846 1147 4919 genuit
1165 4845 1246 4902 Sella
1261 4860 1394 4902 sororem
1407 4845 1589 4914 Tubalcain,
1602 4860 1673 4917 qua
1688 4844 1798 4903 indeci-

81 4925 208 4984 ditionis
219 4932 352 5001 accepto,
368 4943 466 5000 vagus
478 4932 510 4986 et
522 4931 673 5004 profugus
688 4947 781 5006 super
794 4935 909 4989 terram
965 4949 1017 4990 ma
1030 4934 1225 5007 generatione
1238 4949 1294 4991 sua
1308 4933 1582 5005 transgressionem
1593 4933 1749 4991 malorum
1761 4933 1797 4990 si·

83 5016 208 5074 edectm
222 5019 278 5073 est.
292 5017 415 5074 Testem
425 5019 539 5092 quippe
554 5021 602 5076 sui
613 5019 735 5077 sceleris
743 5020 850 5093 ingere
862 5036 913 5078 vo
964 5021 1099 5093 gnificat,
1122 5025 1153 5080 et
1181 5022 1350 5079 novissima
1368 5021 1574 5079 intentionem
1593 5021 1793 5079 demonstrat

82 5103 160 5175 iens,
175 5107 206 5161 et
221 5105 438 5162 conscientiam
453 5121 515 5163 non
528 5107 645 5179 valens,
658 5111 791 5165 tremens
805 5112 836 5165 et
851 5114 912 5167 stu·
963 5108 1044 5176 Quid
1055 5115 1102 5167 cst
1115 5112 1198 5168 enim
1210 5110 1293 5184 quod
1308 5111 1342 5167 in
1363 5110 1561 5183 generatione
1589 5108 1743 5167 malorum
1757 5110 1794 5165 ie

80 5209 168 5267 pens,
183 5208 321 5251 seorsum
329 5193 414 5251 solus
424 5194 565 5252 habitare
579 5196 680 5270 coepit,
694 5200 855 5270 propterea
866 5212 911 5254 so
962 5198 1048 5254 mina
1064 5199 1232 5255 consume
1255 5198 1390 5271 ponitur,
1407 5197 1469 5254 nisi
1493 5199 1529 5254 ut
1543 5200 1684 5270 patenter
1704 5197 1794 5254 detur

80 5282 190 5340 ciente
205 5283 366 5341 hominum
386 5283 543 5356 indignus,
568 5284 651 5358 quod
668 5285 824 5341 societatis
836 5287 910 5342 ami·
960 5285 1102 5358 intelligi,
1118 5286 1200 5359 quod
1223 5301 1388 5359 pravorum
1402 5286 1534 5343 intentio
1563 5285 1665 5342 omnis
1693 5285 1734 5342 ad
1747 5285 1792 5342 de

81 5385 147 5427 cam
160 5371 368 5429 etconcordiae
388 5372 548 5430 vinculum
571 5387 677 5445 pacem
699 5372 833 5445 disrupit
845 5373 906 5447 pri·
959 5372 1154 5432 lactationem
1169 5374 1322 5433 carnalem
1337 5375 1481 5447 dirigitur
1495 5372 1510 5430 t
1524 5374 1621 5431 Omne
1636 5374 1791 5447 siquidem

80 5474 160 5515 mus.
177 5459 275 5517 Adam
304 5463 418 5530 autem,
446 5475 517 5517 cum
530 5463 612 5516 esset
634 5463 757 5516 centum
779 5460 907 5531 triginta
959 5462 1042 5536 qnod
1052 5469 1149 5535 agunt
1158 5465 1192 5520 ln
1205 5464 1264 5521 hoc
1274 5464 1336 5521 iine
1345 5464 1540 5521 constituunt
1550 5466 1644 5536 atque
1653 5462 1791 5520 indeDei

78 5560 241 5617 annornm,
258 5548 365 5619 genuit
378 5547 452 5604 Seth
464 5562 520 5620 pro
545 5546 622 5603 Abel
642 5562 734 5619 quem
755 5549 905 5606 occiderat
956 5555 1108 5625 praccepta
1122 5552 1392 5625 transgrediuntur
1413 5552 1495 5610 uude
1519 5566 1552 5609 ae
1571 5550 1611 5607 ad
1635 5552 1790 5624 promissa

75 5632 164 5703 corn,
183 5646 219 5691 eo
233 5633 316 5708 quod
332 5635 562 5708 semenjustum
577 5635 702 5693 omnino
715 5635 815 5711 perire
841 5651 904 5695 non
957 5637 1023 5713 ejus
1037 5655 1101 5697 non
1114 5641 1293 5699 extendunt.

72 5721 187 5799 potuit
201 5721 276 5781 Seth
287 5725 393 5785 autem
403 5729 527 5784 centnm
540 5727 572 5783 et
585 5724 723 5799 gamem
747 5739 899 5787 annosam
991 5727 1028 5785 A.
1043 5727 1139 5787 Valde
1147 5729 1293 5802 admiror,
1308 5733 1339 5789 et
1351 5731 1459 5803 stupeo
1472 5730 1507 5789 iu
1521 5727 1706 5804 memedpsa
1717 5744 1789 5789 cum
