3742 6082
25 168 27 259 j
80 192 113 250 aa
477 180 532 240 00
549 177 719 238 sesain.
739 177 854 236 00010
872 178 1102 239 narnensis
1120 182 1172 240 ur
1190 181 1376 243 000000.
1745 183 1783 243 se

79 319 191 391 quanta
201 312 440 390 praecedentium
451 309 706 382 sequentiumque
717 306 900 381 populorum
914 306 943 364 A
955 308 1152 381 praevaluisse
1173 311 1325 368 videatur.
1342 310 1423 382 Ergo
1443 325 1513 367 cum
1534 310 1648 367 milites
1669 311 1784 369 diaboli

79 403 278 463 multitudine
291 403 425 474 stipatus
439 398 570 454 incedat.
958 399 1092 456 exterius
1116 400 1295 457 violentiam
1316 401 1464 470 inierunt,
1477 400 1592 457 milites
1613 400 1728 456 Christi
1741 401 1785 457 in·

107 495 144 550 D.
160 492 278 548 Vellem
293 494 330 546 01
343 505 425 545 0000
438 487 518 543 10011
536 485 617 555 regis
635 483 802 540 exercitum
827 485 903 540 mihi
958 487 1054 542 terius
1081 503 1136 559 per
1159 490 1339 561 patientiam
1361 490 1500 544 vincunt.
1522 489 1560 544 D.
1585 489 1665 559 Ergo
1689 504 1784 544 sacra-

77 582 237 654 sigillatim
252 579 438 636 describeres
451 592 459 645 ;
473 575 528 647 qui
543 579 572 630 et
585 572 691 645 quales
706 572 820 627 milites
839 573 904 643 ejus
957 578 1062 630 menta
1076 575 1191 632 Christi
1211 593 1297 633 arma
1312 576 1409 634 00011
1422 577 1463 633 M.
1479 578 1549 633 Nou
1572 577 1671 633 solum
1686 593 1782 648 arma,

75 673 110 728 ab
123 670 217 726 initio
231 668 348 724 luerint
356 682 365 735 ;
380 681 450 739 quae
472 679 568 731 arma,
585 676 662 733 quos
676 660 780 716 hostes
791 660 905 716 001000-
958 663 1011 717 sed
1035 666 1065 718 et
1089 665 1323 721 medicamenta.
1342 667 1379 721 D.
1394 664 1577 731 Quomodo?
1594 666 1637 721 M.
1652 665 1782 722 Medica·

74 763 144 830 rint,
160 759 216 815 ubi
232 760 262 813 et
285 754 421 829 quando,
446 757 476 809 et
503 751 608 824 qualia
627 749 709 805 bella
730 749 901 820 gesserint:
958 753 1062 805 menta
1084 755 1168 821 0001,
1185 754 1259 824 quia
1283 757 1396 809 sanant
1416 754 1555 809 infirmos
1566 770 1575 822 ;
1599 769 1695 822 arma,
1711 754 1785 826 quia

75 847 229 924 quomodo
238 846 379 914 vicerint,
388 858 456 915 quae
466 844 621 914 postremo
629 839 756 910 praemia
765 838 905 907 (victoria
958 841 1122 910 protegunt
1136 855 1237 896 sanos.
1255 842 1293 897 D.
1309 842 1388 907 Quid
1402 845 1449 897 est
1466 841 1718 899 sacramentum?
1738 843 1781 898 M.

74 934 299 999 consummata)
321 920 521 1005 perceperint.
535 929 577 985 M.
599 926 904 998 Postquamprimus
957 927 1056 983 Sacrae
1071 929 1114 984 rei
1136 930 1269 1000 signum.
1293 931 1330 986 D.
1361 930 1441 995 Quot
1461 931 1561 987 modis
1583 931 1663 988 flunt
1684 948 1782 989 sacra·

72 1041 190 1100 parens
202 1023 324 1096 generis
338 1019 467 1076 humani
477 1020 601 1091 propter
614 1013 828 1071 inobedientiae
842 1012 903 1068 cul·
957 1016 1085 1072 mental
1102 1018 1144 1074 M.
1158 1020 1287 1088 Tribus;
1302 1020 1338 1076 ld
1356 1023 1402 1076 est
1422 1020 1522 1090 rebus,
1548 1022 1660 1090 verbis,
1679 1023 1780 1078 iactis.

75 1131 146 1189 pam
162 1131 182 1169 a
193 1111 339 1185 paradiso
352 1108 498 1165 exsulans
512 1108 544 1162 10
557 1103 799 1161 huncmuudum
809 1104 903 1170 venit,
957 1105 1070 1175 Rebus,
1089 1107 1171 1163 utin
1195 1124 1285 1180 aqua,
1298 1108 1331 1163 10
1355 1124 1445 1180 0000,
1458 1109 1492 1164 10
1515 1109 1598 1180 vino,
1614 1108 1733 1178 lasela,
1748 1110 1783 1166 in

75 1202 218 1260 diabolus
237 1201 290 1273 jus
313 1197 510 1270 tyrannicum
530 1195 564 1250 in
585 1193 639 1250 illo
657 1206 809 1260 exercens,
825 1191 906 1246 01001
958 1194 1077 1263 elmere,
1090 1195 1123 1250 10
1138 1195 1214 1266 0100,
1227 1197 1342 1267 inigns
1357 1198 1387 1252 et
1405 1197 1439 1252 in
1454 1197 1571 1252 caeteris
1582 1197 1781 1268 hujusmodi;

74 1293 160 1366 prius
175 1289 388 1346 fraudulenter
401 1285 574 1352 seduxerat,
584 1282 629 1338 ita
641 1279 836 1353 postmodum
844 1279 905 1335 vio
957 1282 1070 1352 verbis,
1084 1286 1120 1338 ut
1134 1287 1180 1339 est
1194 1284 1356 1342 Trinitatis
1369 1285 1523 1340 invocatio
1537 1288 1567 1340 et
1588 1285 1731 1357 aliaque
1749 1286 1783 1341 in

74 1381 173 1437 lenter
186 1376 374 1451 possidebat.
391 1373 450 1430 Sed
463 1372 520 1427 Dei
532 1369 725 1443 providentia
739 1382 809 1440 000
822 1366 906 1422 hunc
957 1369 1223 1427 benedictionibus
1238 1372 1302 1428 sive
1317 1374 1599 1429 consecrationibus
1612 1372 1662 1429 vel
1683 1375 1785 1445 conju·

78 1459 639 1536 adsalutemdisponebat,sioJ'ustitiae
649 1458 781 1528 rigorem
789 1469 844 1527 per
853 1454 906 1510 mi·
958 1460 1131 1516 rationibus
1145 1461 1292 1517 virtutem
1303 1462 1439 1518 divinam
1451 1462 1600 1519 habentia
1608 1463 1704 1519 verba
1716 1477 1783 1534 pro·

76 1555 274 1613 sericordiam
282 1550 475 1624 temperavit,
484 1552 518 1605 ut
528 1547 643 1604 eumad
651 1550 772 1618 tempus
780 1544 905 1616 quidem
958 1548 1100 1604 feruntur
1107 1565 1116 1617 3
1130 1549 1230 1619 lactis,
1244 1554 1279 1606 01
1293 1554 1339 1606 001
1354 1552 1453 1607 crucis
1469 1550 1672 1622 signaculum,
1681 1552 1781 1608 iucur-

76 1646 113 1701 ab
127 1642 298 1716 illopremi
311 1639 510 1713 permitteret,
522 1639 553 1692 et
566 1640 719 1691 tamenne
738 1633 777 1688 ab
797 1632 851 1688 illo
872 1632 905 1687 10
921 1636 1042 1704 Bvatio
1069 1652 1221 1708 genuum,
1250 1640 1397 1711 expansio
1424 1654 1593 1709 manuum,
1622 1643 1653 1695 01
1676 1644 1785 1696 caetera

75 1738 227 1791 aternum
242 1732 441 1803 premeretur,
458 1741 496 1783 ex
511 1726 580 1798 ipsa
592 1725 618 1781 ei
633 1739 724 1796 poena
737 1721 905 1778 remedium
960 1739 1151 1797 quaecunque
1162 1725 1237 1781 talia
1244 1730 1327 1782 sunt.
1336 1727 1374 1782 D.
1383 1726 1484 1792 Quare
1493 1728 1605 1784 dicitur
1615 1743 1784 1784 sacramen·

74 1822 274 1895 praepararet.
286 1818 394 1890 ltaque
407 1816 472 1887 jam
485 1817 559 1871 tunc
569 1829 607 1869 ex
619 1813 687 1884 ipso
697 1809 806 1867 mundi
820 1823 905 1864 exor-
960 1815 1026 1868 tum
1039 1828 1132 1870 sacre
1146 1816 1190 1870 rei
1205 1814 1349 1886 signum?
1358 1816 1401 1871 M.
1414 1816 1494 1881 Quia
1505 1832 1560 1889 per
1573 1817 1605 1873 id
1617 1818 1785 1890 quodioris

74 1910 123 1967 dio
152 1910 349 1964 sacramenta
375 1903 485 1960 salutis
511 1917 574 1957 suae
600 1899 720 1956 homini
746 1896 906 1970 proposuit
958 1901 1080 1957 visibile
1097 1903 1242 1972 cernitur,
1258 1902 1343 1959 aliud
1356 1904 1487 1960 interius
1501 1905 1656 1962 invisibile
1669 1905 1785 1976 signiti-

75 1998 190 2072 quibus
205 2011 276 2051 eum
290 1994 348 2049 sub
360 1990 586 2065 exspectatione
604 1989 717 2044 iuturae
737 1985 904 2042 sanctifica·
960 1993 1055 2046 catur.
1070 1989 1161 2046 Verbi
1175 1991 1295 2061 gratia:
1311 1991 1353 2046 Ut
1366 2007 1420 2062 per
1429 2006 1553 2063 aquam,
1564 1994 1705 2049 remissio
1715 2009 1782 2066 pec·

76 2087 169 2145 tionis
180 2084 378 2155 consignaret
387 2098 393 2136 :
402 2082 556 2153 quatenus
563 2093 600 2134 ea
606 2076 748 2149 quisquis
757 2074 815 2131 fide
825 2077 907 2130 recta
960 2081 1097 2134 catorum
1104 2093 1113 2147 3
1129 2093 1183 2151 per
1196 2078 1309 2149 iguem,
1319 2077 1409 2134 ardor
1420 2078 1581 2134 charitatis
1586 2095 1596 2149 ;
1608 2094 1663 2153 per
1671 2080 1783 2151 oleum,

76 2178 105 2231 et
126 2189 182 2247 spe
206 2173 297 2229 firma
323 2171 448 2242 propter
471 2166 677 2224 obedientiam
700 2161 906 2219 institutionis
958 2165 1185 2234 misericordia3
1209 2181 1263 2237 per
1290 2165 1395 2235 salem,
1416 2166 1577 2238 sapientia,
1602 2171 1658 2223 etc.
1683 2168 1721 2224 D.
1746 2168 1783 2224 10

76 2262 188 2318 urina
213 2260 393 2333 perciperet,
417 2257 510 2313 etiam
538 2255 596 2310 sub
621 2254 696 2326 jugo
724 2251 843 2324 positus
866 2249 905 2305 ad
959 2253 1073 2310 talibus
1084 2269 1154 2325 ergo
1167 2253 1299 2310 salutem
1318 2257 1434 2326 quaeret
1456 2254 1549 2311 homo
1563 2270 1633 2312 cum
1648 2256 1715 2329 ipse
1735 2270 1783 2311 ra-

77 2349 267 2407 cousortium
286 2345 439 2403 libertatis
459 2344 634 2418 pertineret.
660 2340 824 2412 Proposuit
846 2340 904 2395 ita·
958 2342 1084 2399 tioualis
1098 2343 1149 2412 sit,
1165 2347 1195 2399 et
1217 2343 1338 2414 dignior
1359 2344 1393 2399 in
1416 2344 1591 2401 conditione
1617 2358 1674 2400 sua
1692 2344 1784 2400 rebus

76 2455 133 2512 que
147 2438 285 2494 edictum
297 2435 469 2491 informans
484 2436 514 2489 et
527 2431 683 2488 hominem
701 2429 855 2497 erudiens,
869 2430 905 2483 01
958 2429 1147 2486 insensatis?
1160 2430 1317 2496 Quomodo
1331 2432 1393 2488 ista
1407 2431 1537 2488 salutem
1561 2432 1634 2488 dare
1654 2436 1785 2506 possunt

75 2528 253 2600 quicunque
280 2537 351 2579 000
379 2522 561 2578 salvatorem
585 2523 679 2591 atque
708 2517 904 2573 liberatorem
958 2523 989 2575 01
1001 2519 1204 2590 languoribus
1219 2521 1393 2575 animarum
1407 2520 1539 2590 mederi3
1556 2536 1625 2576 cum
1638 2521 1707 2594 1000
1719 2521 1782 2577 0101

77 2617 253 2687 exspectare
273 2612 407 2683 eligeret,
422 2610 559 2682 ejusdem
583 2623 646 2664 000
668 2605 823 2663 electionis
851 2620 904 2661 vo·
958 2607 1138 2679 corporalia,
1149 2607 1228 2664 nihil
1239 2611 1350 2680 praetsr
1364 2609 1494 2680 speciem
1508 2609 1662 2666 visibilem
1673 2609 1785 2666 haben·

75 2704 188 2760 tumin
212 2701 407 2774 perceptione
429 2702 691 2755 sacramentorum
715 2696 781 2766 ejus
795 2709 903 2767 appro·
959 2695 1026 2752 tia?
1040 2696 1081 2753 M.
1104 2698 1160 2752 Est
1182 2712 1309 2769 prorsus
1330 2697 1414 2753 aliud
1439 2698 1485 2753 ibi
1512 2701 1622 2770 praeter
1641 2698 1674 2754 id
1697 2699 1779 2771 quod

76 2791 148 2848 bere
172 2789 350 2846 debuisset:
370 2809 382 2838 ι
403 2786 568 2859 Proposuit
591 2789 622 2841 et
642 2783 782 2844 diabolus
805 2797 904 2838 sacra·
957 2784 1053 2841 oculis
1067 2786 1220 2858 corporeis
1234 2786 1425 2854 cernitur3et
1436 2786 1541 2858 ipsum
1553 2787 1694 2860 estquod
1705 2787 1782 2847 invi·

75 2883 180 2936 menta
194 2894 254 2934 sua
272 2877 386 2950 quihus
408 2891 481 2932 suos
506 2875 567 2931 sibi
586 2872 735 2944 alligaret,
751 2873 904 2943 quatenus
958 2874 1291 2946 sibiliterpeocatorum
1311 2874 1448 2930 maculas
1460 2874 1600 2945 mundat,
1611 2879 1641 2931 et
1654 2875 1782 2946 languo-

77 2971 114 3024 ab
127 2969 194 3025 illis
207 2968 262 3040 qui
276 2968 342 3038 eJ'us
363 2965 527 3038 imperium
553 2962 763 3019 detrectabant
786 2961 903 3031 quanto
922 2988 946 3047 ο
959 2963 1046 3018 ribus
1071 2963 1245 3018 animarum
1271 2961 1420 3017 medetur.
1446 2961 1484 3018 D.
1509 2962 1566 3019 Illa
1585 2978 1657 3034 ergo
1683 2965 1785 3020 virtus

76 3072 127 3113 eos
142 3056 338 3111 mauiicstius
352 3054 536 3110 discerneret
559 3054 646 3107 tanto
671 3049 807 3106 securius
827 3047 903 3103 deti·
959 3051 1041 3106 unde
1058 3048 1168 3106 venit?
1191 3050 1233 3106 M.
1256 3049 1326 3105 Non
1349 3065 1386 3105 ex
1407 3049 1491 3106 illius
1510 3053 1717 3124 naturaquod
1739 3053 1785 3111 ibi

75 3149 175 3201 neret.
190 3143 291 3215 Coepit
301 3158 369 3214 ergo
379 3158 477 3214 genus
491 3141 662 3197 humanum
672 3152 745 3195 mox
757 3137 791 3192 in
801 3139 904 3209 partes
956 3138 1078 3197 visibile
1089 3137 1240 3207 cernitur,
1252 3137 1304 3194 sed
1313 3153 1350 3194 ex
1358 3139 1534 3211 operatione
1543 3138 1675 3212 Spiritus
1686 3141 1785 3196 sancti

77 3232 251 3289 contrarias
272 3231 366 3287 dividi
384 3231 453 3286 aliis
473 3228 587 3285 diaboli
603 3229 794 3284 sacramenta
809 3225 903 3281 susci·
957 3228 1012 3301 qui
1026 3227 1059 3283 in
1068 3226 1121 3283 illo
1129 3226 1246 3283 visibili
1255 3226 1453 3283 invisibiliter
1462 3230 1615 3301 operatur.
1627 3228 1664 3283 D.
1674 3227 1783 3285 Nonne

78 3321 246 3394 0100110οε,
262 3318 331 3374 allis
353 3334 426 3375 vero
449 3316 689 3388 suscipientibus
713 3316 905 3371 sacramenta
958 3317 1039 3373 hanc
1053 3316 1189 3373 eamdem
1203 3316 1351 3373 virtutem
1366 3315 1406 3372 ad
1417 3317 1640 3389 reparationem
1650 3316 1786 3375 hominis

78 3406 496 3465 Christizetiactaesuutduae
507 3401 905 3471 10011100000010101101-
958 3405 1573 3462 sineexhibitioneveladmiuiculorerum
1581 3407 1784 3478 corporalium

80 3491 278 3553 teradiaboli.
298 3516 310 3544 ›
327 3494 476 3551 Diabolus
489 3509 561 3565 ergo
572 3492 680 3548 videns
694 3490 777 3563 quod
787 3490 905 3561 generis
958 3494 1091 3566 Spiritus
1116 3498 1241 3549 sauctus
1259 3497 1406 3566 praestare
1428 3492 1600 3566 potuisset?
1620 3494 1661 3550 M.
1678 3495 1785 3551 Posset

82 3585 212 3641 humani
225 3598 363 3656 propago
376 3598 470 3655 quam
483 3583 516 3637 10
539 3579 640 3637 radice
662 3595 719 3636 sua
730 3579 903 3635 vitiaverat.
959 3581 1067 3654 ntique
1083 3581 1109 3637 si
1123 3581 1223 3637 vellet.
1240 3582 1277 3636 D.
1294 3581 1368 3646 Quae
1382 3597 1453 3652 ergo
1478 3597 1571 3637 causa
1596 3583 1705 3640 101101
1723 3585 1785 3640 ista

79 3673 222 3745 quamvis
233 3675 300 3729 tota
314 3687 383 3727 cum
394 3671 588 3743 corruptione
599 3669 751 3726 nascendo
761 3667 905 3741 prodiret,
958 3671 1205 3738 instituerentur,
1221 3672 1257 3724 ut
1283 3669 1375 3725 homo
1387 3669 1477 3741 quasi
1496 3670 1529 3724 in
1544 3670 1613 3725 istis
1625 3685 1694 3741 quae
1708 3672 1784 3727 inle-

79 3778 138 3817 nou
146 3765 255 3817 tamen
263 3763 328 3816 tota
337 3761 370 3816 in
377 3760 482 3817 eadem
492 3759 678 3816 renascendo
690 3758 838 3813 innovata
844 3771 907 3828 per·
958 3759 1041 3814 riora
1054 3761 1127 3813 suut
1142 3761 1172 3813 et
1185 3757 1360 3828 indigniora
1380 3757 1540 3828 juberetur
1554 3756 1686 3813 salutem
1701 3775 1782 3830 000·

79 3851 211 3918 sisteret,
219 3849 331 3904 statuit
342 3864 395 3920 per
408 3863 460 3904 000
469 3863 547 3920 quos
557 3845 744 3918 possidebat,
750 3844 819 3900 illos
829 3859 906 3916 quos
960 3863 1036 3917 rere,
1052 3861 1121 3903 cum
1136 3847 1219 3903 solus
1231 3848 1314 3903 Deus
1327 3847 1368 3902 sit
1381 3863 1399 3902 a
1414 3862 1476 3919 quo
1493 3847 1585 3903 homo
1607 3846 1784 3905 salutemet

77 3937 243 3993 amittebat
252 3936 472 4009 persequendo,
483 3951 620 4009 premere
634 3938 742 4005 ;tanto
755 3938 828 3990 tuuc
843 3949 905 3989 am·
960 3936 1068 3992 debeat
1087 3950 1221 4008 quaerere
1246 3939 1276 3991 et
1302 3936 1399 4008 possit
1423 3933 1569 4008 sperare?
1582 3934 1623 3991 M.
1645 3936 1683 3993 ln
1702 3938 1782 4008 istis,

78 4025 405 4099 pliusadinierendam
413 4024 592 4082 violentiam
598 4039 798 4096 00000000,
809 4038 905 4094 quan·
960 4040 1023 4081 000
1038 4025 1077 4080 01)
1091 4025 1160 4081 10110
1171 4024 1297 4096 jubetur
1310 4025 1402 4081 homo
1416 4024 1547 4080 salutem
1561 4039 1718 4096 quaerere3
1742 4027 1785 4083 sic

78 4110 909 4187 tosepriusmemineratfraudulentiapraevaluisse.Ve
960 4117 996 4170 ut
1010 4127 1076 4169 earn
1090 4129 1161 4169 000
1174 4112 1303 4185 adeptus
1328 4113 1432 4182 luerit,
1447 4113 1567 4169 sciatse
1591 4113 1631 4168 ab
1652 4113 1706 4169 illo
1730 4114 1785 4186 qul

78 4220 146 4259 rum
153 4201 817 4273 haecmaligniversutiamachiuatio,diviuae
823 4199 909 4254 0100
961 4217 1027 4256 000
1042 4201 1076 4257 10
1090 4201 1159 4256 10110
1173 4216 1308 4273 quaerere
1319 4201 1575 4274 jussitaccepisse.
1591 4201 1628 4257 D.
1645 4202 1702 4258 Dic
1714 4218 1786 4273 ergo

79 4293 220 4348 ricordiae
229 4291 496 4363 dispensatioiub,
504 4294 540 4347 ut
548 4290 689 4346 videlicet
698 4289 790 4345 homo
800 4287 906 4343 confir·
920 4331 949 4388 D
962 4305 1017 4345 cur
1038 4290 1180 4362 praecepit
1205 4290 1289 4346 Deus
1311 4290 1429 4346 homini
1453 4281 1490 4345 in'
1515 4289 1666 4361 ejusmodi
1693 4291 1786 4348 rebus

80 4375 1261 4452 001000000011000001100001001111οω000010-0010100000000001
1283 4378 1325 4433 M.
1342 4379 1383 4434 Ut
1406 4377 1621 4434 humiliaretur
1644 4377 1736 4435 homo
1757 4382 1788 4434 01

82 4464 908 4540 1000100010000000000000000000100(1000101110
961 4466 1141 4522 erudiretur.
1166 4465 1391 4522 Humiliareiur
1418 4466 1542 4539 quidem
1567 4466 1642 4522 dum
1667 4468 1788 4538 cogitur

84 4574 141 4629 quo
149 4558 303 4614 nimirum
311 4558 525 4614 convenienter
533 4558 625 4613 etiam
633 4555 909 4628 superbiatyranni
961 4571 1044 4612 nunc
1054 4556 1160 4626 jacens
1171 4555 1205 4610 10
1225 4555 1364 4611 inferiori
1384 4555 1500 4611 bonum
1517 4570 1609 4611 suum
1630 4571 1764 4628 quarere
1775 4572 1784 4626 ;

86 4647 295 4716 confunditur,
309 4646 391 4718 quod
414 4647 504 4702 modo
527 4646 683 4702 hominem
704 4643 864 4700 mortalem
879 4647 909 4699 01
962 4645 1045 4717 quod
1057 4645 1145 4717 prius
1156 4647 1431 4715 oumstaret,asuo
1442 4645 1591 4716 superiori
1603 4646 1787 4718 contempsit

82 4734 242 4791 infirmum
270 4749 325 4806 per
344 4737 497 4791 tormenta
518 4749 661 4806 superare
682 4748 744 4789 000
764 4731 910 4805 praevalet
962 4734 1105 4806 accipere.
1123 4733 1300 4805 Congruum
1323 4750 1393 4807 ergo
1416 4734 1615 4806 praecedentis
1636 4736 1787 4806 superbiae

84 4839 175 4894 quem
199 4826 294 4878 00100
307 4823 394 4879 00110
408 4824 587 4880 infirmitate
607 4822 829 4880 circumdatum
845 4821 911 4878 sola
962 4824 1080 4892 morbo,
1096 4822 1313 4894 subsequentis
1331 4823 1516 4879 humilitatis
1530 4823 1788 4881 medicamentum

83 4912 284 4984 persuasione
304 4911 436 4967 seduxit.
462 4912 539 4968 Tam
563 4910 684 4968 diversa
703 4911 799 4982 igitur
811 4911 909 4967 inteu·
965 4912 1142 4984 apponitur,
1157 4915 1193 4967 01
1216 4911 1357 4967 videlicet
1383 4911 1475 4968 homo
1491 4912 1545 4984 qui
1573 4913 1661 4984 prius
1689 4913 1787 4970 Deum

84 4986 166 5056 tione
180 5014 261 5071 opus
281 5015 384 5055 unum·
399 5000 565 5071 perficitur,
581 5015 650 5055 cum
672 4999 814 5055 diabolus
837 5013 910 5056 suos
965 4999 1144 5072 (perniciose
1154 4999 1291 5055 elatusiu
1299 5003 1395 5055 semet
1402 4999 1480 5073 ipso)
1490 4999 1789 5073 despexeatpostmo

83 5087 198 5144 milites
215 5087 257 5143 ad
269 5088 510 5159 persecutionem
523 5093 553 5145 01
566 5087 755 5156 violentiam,
769 5086 911 5144 Christus
964 5088 1038 5145 dum
1063 5087 1227 5144 salubriter
1247 5087 1429 5144 humiliatus
1454 5094 1563 5160 sponte
1587 5104 1619 5144 se
1641 5089 1734 5145 etiam
1756 5088 1790 5143 10

83 5191 155 5232 vero
168 5191 244 5231 suos
257 5175 297 5231 ad
309 5177 490 5248 patientiam
504 5175 693 5233 exhortetur.
709 5176 787 5242 Quia
808 5178 911 5233 autem
966 5176 1163 5234 sensibilibus
1176 5177 1268 5232 rebus
1288 5180 1399 5249 praeter
1417 5177 1516 5233 Deum
1540 5177 1726 5233 substernat.
1742 5174 1790 5232 Ad

83 5263 229 5321 diabolus
240 5264 280 5319 ab
289 5264 380 5322 initio
391 5267 456 5323 sive
467 5281 522 5338 per
534 5281 566 5322 se
578 5266 643 5322 sive
655 5281 709 5338 per
718 5281 791 5322 suos
800 5280 863 5321 non
873 5266 912 5322 ob
966 5265 1135 5322 doctrinam
1150 5266 1243 5321 etiam
1257 5269 1451 5321 sacramenta
1474 5265 1631 5338 proposita
1645 5268 1718 5320 sunt
1737 5264 1790 5319 ho-

85 5352 172 5408 aliud
185 5353 286 5408 bonos
299 5353 462 5426 impugnat
476 5355 536 5411 nisi
549 5357 585 5410 01
595 5355 638 5410 010
647 5355 801 5426 justitiam
814 5354 913 5425 tollat,
967 5355 1054 5424 mini,
1069 5359 1105 5411 ut
1119 5371 1171 5427 per
1186 5371 1220 5411 ea
1242 5372 1310 5428 000
1325 5355 1459 5412 exterius
1482 5358 1627 5426 aguntur,
1642 5352 1718 5425 quid
1733 5351 1792 5408 sibi

85 5446 116 5497 01
130 5441 207 5497 boui
222 5456 285 5497 non
301 5441 914 5515 0110010οτ00000000000010001,0101
968 5444 1097 5499 interius
1111 5445 1292 5501 exhibeatur
1313 5445 1411 5517 possit
1432 5458 1594 5516 agnoscere
1616 5441 1653 5496 D.
1670 5442 1750 5512 Ergo
1760 5441 1792 5497 in

86 5534 122 5586 ut
137 5545 229 5585 suam
249 5531 404 5601 justitiam
425 5548 488 5589 non
509 5533 665 5601 amittant,
678 5535 762 5603 patet
780 5533 915 5603 proiecto
969 5533 1052 5589 omui
1065 5538 1255 5590 sacramento
1266 5534 1337 5607 plus
1348 5550 1413 5591 esse
1427 5530 1613 5589 credendum
1628 5533 1685 5600 est,
1700 5545 1794 5602 quam

87 5619 173 5690 quod
186 5619 254 5691 ipse
268 5635 337 5676 cum
358 5636 421 5677 000
441 5622 524 5679 00101
537 5621 622 5695 quod
635 5620 702 5678 vult
723 5621 762 5678 ad
776 5621 915 5678 effectum
968 5622 1001 5678 id
1013 5622 1095 5694 quod
1110 5622 1209 5678 solum
1229 5623 1326 5679 videri
1347 5627 1378 5678 01
1400 5619 1548 5693 corporali
1573 5633 1666 5675 sensu
1681 5619 1794 5691 percipi

86 5707 267 5780 perducere,
281 5722 401 5784 semper
416 5726 434 5768 0
448 5711 539 5769 bonis
548 5710 693 5781 vincitur,
704 5710 832 5768 etiamsi
841 5711 917 5767 loris
969 5710 1096 5784 potasti
1119 5711 1160 5767 M.
1177 5712 1246 5769 Duo
1269 5712 1314 5768 ibi
1337 5713 1412 5768 sunt
1427 5727 1433 5766 :
1451 5723 1547 5766 uuum
1561 5708 1647 5780 quod
1661 5707 1793 5768 exterius
