3742 6082
75 213 125 272 m
567 183 1056 266 ussaamnnnr'rs.i1ss1
1074 208 1103 266 11
1121 209 1223 268 raas
1241 210 1292 269 vi.
1464 245 1466 249 ,
1725 222 1780 279 rra

75 336 146 392 Gap.
164 335 218 392 ill.
239 337 326 394 Quod
341 336 386 387 sit
406 335 600 400 mysterium
616 338 892 403 supradictorum.
909 333 936 388 A
950 343 1090 410 percepta
1104 340 1173 395 fidei
1188 342 1371 411 cognitione,
1390 357 1421 397 se
1437 343 1475 398 ad
1489 344 1571 399 bona
1587 359 1679 417 opera
1693 350 1723 402 et
1740 348 1780 403 ad

108 423 310 479 Multainhis
319 420 566 477 omnibuslatent
579 423 732 494 profunda
744 423 901 493 mysteria,
956 426 1068 483 luctam
1089 432 1195 483 contra
1218 430 1389 485 invisibiles
1412 431 1516 487 hostes
1537 432 1701 504 accingunt
1719 451 1727 503 ;
1749 441 1780 492 st

76 513 237 584 exquibus
251 526 349 582 pauca
364 503 592 564 admemoriam
609 511 768 565 excitanda
782 510 904 578 attingi·
956 516 1080 586 quiade
1098 517 1162 571 suis
1181 517 1301 572 viribus
1322 518 1448 574 minime
1473 525 1676 591 praesumunt,
1703 521 1780 578 divi·

75 617 152 658 mus.
169 601 288 655 Domus
303 598 480 665 dedicanda,
492 599 596 652 anima
609 597 825 653 sanctificanda
846 601 900 651 est.
956 619 1033 657 num
1044 605 1193 659 auxilium
1204 605 1264 660 sibi
1279 604 1384 661 adesse
1396 606 1573 678 deposcunt.
1584 610 1620 665 In
1635 625 1696 682 quo
1705 612 1779 683 quia

77 692 165 762 Aqua
181 687 362 760 paenitentia
375 690 430 752 est,
446 686 548 741 sordes
559 687 687 740 abluens
699 689 901 757 peccatorum.
957 695 1140 748 certantium
1185 694 1273 750 labor
1319 673 1522 767 expuimitur,
1571 700 1661 770 quasi
1701 702 1782 757 iuter

76 773 903 845 Salsermodivinusinorepaticncmordensetoondiens
958 782 1091 856 suspiria
1105 785 1135 836 et
1145 784 1276 851 gemitus
1292 785 1581 841 nondumgzgeguga
1592 790 1780 846 minam

77 868 165 924 corde
174 867 318 939 insipida.
333 866 427 920 Trina
442 865 576 935 aspersio
588 865 669 918 trina
679 864 842 919 mersioest
852 878 904 934 pu·
958 868 1029 923 Post
1043 869 1108 924 hacc
1122 885 1202 940 aqua
1215 871 1404 926 benedicitur
1417 888 1486 928 oum
1501 873 1563 929 sale
1578 879 1608 930 et
1621 877 1784 946 sideraad·

77 957 405 1028 rificaudipcraquam.
421 953 759 1008 Duodecimluminaria
774 951 903 1024 apostoli
957 956 1021 1012 dito
1035 957 1107 1012 vino
1122 972 1210 1029 aquas
1224 958 1326 1013 miste.
1342 960 1432 1030 Aqua
1443 961 1575 1032 populus
1586 967 1642 1032 est,
1659 963 1705 1019 sal
1719 964 1785 1021 doc·

79 1045 323 1114 eunt,cec1esianr
337 1059 391 1115 per
404 1046 537 1114 quatuor
551 1041 659 1096 mundi
674 1044 776 1112 parics
795 1039 905 1094 illumi·
959 1046 1059 1112 trina,
1075 1046 1153 1100 cinis
1176 1048 1329 1117 passionis
1349 1047 1463 1103 Christi
1477 1052 1624 1105 memoria
1641 1068 1650 1119 3
1675 1052 1784 1107 vinum

78 1131 523 1202 nantes,etorucismysterium
532 1146 585 1200 per
594 1134 692 1184 totum
703 1129 852 1183 mundum
867 1126 906 1182 ef·
959 1148 1041 1203 aqua
1053 1134 1179 1189 mistum
1191 1133 1333 1190 Christus
1346 1136 1429 1191 Deus
1441 1141 1472 1191 et
1486 1137 1586 1193 homo.
1611 1138 1726 1195 Vinum
1739 1139 1783 1196 di·

78 1222 366 1278 ferentesPontifex
379 1219 521 1275 Christus
537 1218 684 1287 est,virga
693 1214 905 1289 potestasTri·
959 1221 1084 1289 vinitas,
1101 1237 1182 1293 aqua
1200 1222 1381 1278 mortalitas.
1398 1223 1447 1279 Sic
1461 1225 1542 1279 enim
1557 1225 1690 1297 populus
1703 1241 1786 1283 sanc

78 1326 117 1365 na
136 1309 382 1382 superliminaris
396 1305 564 1378 percussio,
579 1305 656 1372 coeli,
678 1309 765 1359 terrae
792 1303 906 1358 inferni
961 1309 1094 1364 tifieatur
1120 1310 1259 1366 doctrina
1291 1311 1361 1367 fidei
1394 1316 1424 1368 et
1461 1314 1608 1369 memoria
1632 1315 1786 1386 passionis

80 1399 250 1454 damnatio.
266 1397 470 1465 interrogatio
482 1393 604 1461 inclusi,
620 1391 796 1461 ignorantia
810 1407 905 1462 popu·
960 1395 1075 1452 Christi
1091 1413 1097 1451 ;
1116 1398 1223 1455 unitus
1247 1399 1340 1470 capiti
1366 1415 1422 1455 ecc
1446 1399 1509 1456 Dec
1528 1404 1558 1455 et
1569 1401 1696 1457 homini,
1713 1402 1787 1458 poet

79 1486 119 1556 h3
151 1486 270 1557 apertio
291 1485 373 1552 ostii,
392 1483 527 1538 sublatio
540 1480 664 1552 peccati.
694 1479 835 1534 Pontifex
859 1494 904 1533 ec·
962 1483 1026 1540 heec
1046 1485 1179 1541 Ecclesia
1201 1487 1286 1541 intus
1300 1503 1381 1558 aqua
1396 1488 1586 1543 sanctificata
1604 1490 1786 1562 aspergitur,

81 1577 204 1632 clesiam
233 1574 407 1644 ingrediens
432 1586 536 1643 paoem
572 1569 676 1624 domui
699 1569 884 1640 imprecatur
897 1583 905 1635 3
963 1576 1000 1627 ut
1012 1577 1041 1628 et
1055 1575 1141 1628 intus
1153 1577 1183 1629 et
1195 1574 1329 1629 exterius
1340 1575 1444 1629 anima
1456 1577 1675 1632 sanctificanda
1687 1581 1788 1634 osten·

83 1665 155 1736 quia
179 1665 321 1720 Christus
348 1661 499 1716 mundum
520 1658 695 1728 ingrediens
709 1672 813 1728 pacem
828 1657 910 1710 inter
924 1650 951 1710 B
963 1658 1064 1715 datur.
1083 1661 1297 1732 aspersorium
1311 1662 1439 1735 hissopy
1453 1662 1659 1721 humilitatem
1675 1666 1791 1722 Christi

83 1753 181 1808 Deum
200 1756 231 1806 et
246 1752 400 1807 hominem
415 1750 494 1804 iecit.
519 1749 695 1803 Prostratus
708 1761 763 1818 pro
779 1744 911 1800 sanctifi·
966 1749 1128 1818 signifioat,
1144 1765 1206 1820 qua
1225 1765 1349 1822 aspersa
1372 1754 1479 1807 sancta
1504 1753 1671 1809 mundatur
1692 1754 1789 1810 Eccle-

84 1843 203 1897 catione
217 1841 325 1895 domus
344 1843 420 1907 orat,
437 1842 477 1897 et.
487 1836 629 1892 Christus
656 1833 837 1889 humiliatus
857 1848 911 1904 pro
967 1839 1022 1892 sia.
1039 1838 1155 1894 Circuit
1177 1839 1316 1909 pontifex
1332 1838 1437 1908 altare,
1462 1844 1492 1896 et
1514 1841 1672 1897 ecclesiam
1692 1846 1790 1898 totam

85 1929 245 2001 discipulis
260 1933 290 1984 et
304 1944 358 1999 pro
381 1926 540 1981 credituris
553 1924 697 1979 omnibus
709 1923 831 1977 Patrem
846 1936 911 1976 ora·
967 1927 1164 1998 aspergendo,
1190 1928 1280 1997 quasi
1302 1942 1407 1983 omues
1438 1928 1608 1999 lustrando,
1632 1933 1662 1985 et
1685 1945 1790 1987 curam

85 2018 146 2086 bat,
176 2017 281 2072 dicens
296 2033 302 2070 :
318 2018 429 2080 Pater,
451 2013 624 2084 sanctifica
653 2026 703 2067 eos
726 2013 762 2063 iu
779 2011 912 2063 uomiue
966 2014 1151 2087 imponendo
1168 2014 1312 2069 omnihus
1335 2014 1427 2071 verbe
1453 2019 1483 2071 cc
1507 2016 1644 2089 exemplo
1660 2032 1792 2073 commu.

88 2111 140 2161 tuo
154 2108 250 2175 (Jcau
277 2106 366 2172 svn).
383 2103 516 2172 Surgens
532 2103 634 2155 autem
649 2100 688 2154 ab
710 2097 848 2153 oratione
864 2111 935 2167 pos
967 2118 1037 2157 nem
1056 2117 1088 2157 se
1102 2103 1242 2173 praebens
1262 2103 1423 2158 universis.
1449 2103 1577 2175 Propter
1595 2105 1678 2176 quod
1697 2105 1791 2160 etiam

90 2196 196 2265 pulum
211 2210 274 2249 non
287 2193 411 2259 salutat,
427 2191 574 2262 quoniam
588 2188 641 2259 qui
656 2187 792 2242 nondum
806 2184 915 2240 sancti·
968 2206 1045 2262 opus
1060 2191 1196 2244 oratione
1213 2194 1416 2260 consummat,
1432 2207 1523 2246 orans
1537 2194 1572 2247 ut
1587 2193 1792 2249 exaudiantur

90 2285 171 2340 ficati
200 2287 284 2351 sunt,
320 2279 566 2353 applaudendum
590 2292 652 2331 non
679 2278 725 2330 est
745 2275 832 2346 ipsis,
862 2271 915 2327 sed
967 2278 1011 2334 ibi
1023 2280 1259 2350 Justapetcntes
1272 2293 1281 2344 3
1300 2278 1446 2348 quoniam
1468 2293 1546 2349 opus
1569 2277 1703 2335 hominis
1726 2279 1793 2335 sine

91 2372 241 2427 orandum
256 2386 311 2442 pro
326 2366 585 2441 ipsisDesoriptio
601 2363 768 2435 alphabeti,
784 2359 914 2432 simplex
969 2365 1073 2422 divino
1088 2364 1239 2436 adjutorio
1255 2379 1321 2420 esse
1334 2366 1639 2438 potest,fructuosum
1652 2382 1717 2423 esse
1730 2382 1795 2423 non

91 2461 231 2518 doctrina
251 2458 332 2515 fidei.
357 2457 584 2521 Pavimentum‚
606 2467 657 2507 cor
671 2451 852 2506 humanum·
879 2449 915 2503 111
968 2458 1078 2527 potest.
1095 2454 1268 2510 Novissime
1289 2453 1438 2525 completa
1458 2454 1631 2527 expiatione
1656 2455 1795 2527 pontifex

91 2550 267 2622 pavimento
280 2545 477 2617 alphabetum
503 2539 695 2607 describitur,
719 2536 842 2610 quando
857 2550 917 2591 car·
970 2543 1009 2598 ed
1022 2543 1116 2598 altere
1129 2542 1327 2610 convertitur,
1341 2541 1423 2612 quod
1435 2541 1587 2613 reliquum
1599 2546 1645 2599 eet
1659 2542 1695 2600 (10
1711 2559 1793 2616 aqua

91 2638 168 2695 nalis
184 2640 214 2693 et
227 2635 314 2691 rudis
329 2633 460 2706 populus
470 2631 569 2703 prima
582 2645 616 2684 ac
631 2625 762 2698 simplici
777 2624 916 2681 doctrina
969 2630 1191 2702 purificationis
1217 2630 1256 2683 ad
1279 2628 1378 2684 basim
1406 2629 1472 2699 ejus
1508 2629 1677 2699 effundens,
1706 2633 1796 2703 quasi

90 2727 158 2783 fidei
172 2726 325 2782 initiatur.
348 2723 466 2778 Ductus
482 2736 500 2773 a
523 2717 647 2773 sinistro
663 2713 775 2784 angulo
790 2711 917 2767 orientis
971 2718 1164 2773 committens
1179 2717 1243 2771 Dec
1255 2715 1338 2787 quod
1353 2718 1505 2788 superest
1527 2717 1608 2772 vires
1623 2733 1696 2773 suae
1711 2734 1796 2774 0100.

89 2817 120 2871 in
132 2816 280 2871 dextrum
301 2809 476 2878 occidentis,
499 2811 529 2863 et
554 2807 628 2860 item
643 2820 662 2857 a
681 2803 788 2858 dextro
803 2799 916 2870 angulo
971 2805 1046 2861 dene
1059 2806 1093 2860 in
1111 2804 1296 2877 perfectione
1316 2804 1393 2858 sacri
1408 2803 1582 2858 ministerii,
1596 2804 1715 2861 Dehinc
1737 2805 1796 2863 1111.

90 2905 218 2962 orientis
237 2903 270 2957 in
293 2886 452 2956 sinistrum
474 2893 648 2960 occidentis,
674 2892 804 2947 formam
819 2888 917 2943 crucis
971 2898 1020 2949 tec
1036 2893 1130 2951 altare
1154 2893 1332 2962 extergitur.
1352 2890 1457 2946 Altare
1480 2891 1621 2946 Christus
1644 2895 1796 2965 estsuper

92 2992 316 3065 septimiacae
325 2982 647 3050 meatibushominum
657 2978 811 3050 perfidem
818 2976 918 3031 Evan-
935 2988 959 3045 c
974 2995 1065 3053 quem
1078 2980 1233 3035 offerimus
1248 2978 1332 3033 Patri
1347 2982 1458 3033 nostrae
1475 2977 1646 3035 devotionis
1669 2995 1794 3037 munus.

92 3082 193 3152 gelicae
201 3075 428 3152 praedicationis
439 3069 627 3143 imprimitur
639 3083 646 3135 3
659 3065 772 3137 etquis
783 3064 917 3135 primum
972 3068 1115 3124 Linteum
1128 3081 1197 3121 caro
1212 3067 1287 3136 ejus,
1297 3066 1493 3122 tunsionibus
1507 3067 1661 3138 passionis
1672 3068 1712 3124 ad
1726 3084 1795 3125 can·

94 3169 166 3225 fides
181 3169 214 3223 in
229 3167 247 3222 J
251 3165 345 3221 udicis
360 3163 462 3229 fuit,et
477 3161 582 3231 postea
592 3154 632 3209 ad
645 3155 750 3224 gentes
762 3151 917 3217 transivit,
973 3155 1077 3210 dorem
1092 3153 1331 3226 incorruptionis
1358 3154 1515 3226 perducta.
1542 3154 1717 3226 Incensum,
1732 3172 1798 3213 cra·

95 3263 123 3314 et
135 3270 262 3314 rursum
274 3253 307 3308 in
320 3252 379 3306 fine
389 3248 563 3318 plenitudo
578 3244 726 3313 ceretium
740 3238 918 3306 intraverit,
973 3245 1072 3298 tiones
1081 3246 1255 3297 sauctorum
1266 3242 1538 3312 significat.Oleum
1551 3247 1654 3299 autem
1665 3245 1797 3316 gratiam

97 3355 175 3404 tuuc
191 3345 299 3401 amuis
312 3340 417 3395 Israel
427 3338 539 3391 sulvus
553 3333 617 3386 erit
628 3331 718 3394 (liora
731 3327 787 3397 xi).
805 3327 922 3383 Utrius·
974 3330 1072 3386 sancti
1084 3328 1216 3402 Spiritus
1231 3329 1525 3401 demonstrat,cujus
1537 3330 1696 3403 plenitudo
1707 3332 1740 3388 in
1754 3347 1799 3388 ca·

97 3452 154 3508 que
169 3448 243 3504 ergo
257 3427 363 3504 populi
388 3422 595 3481 collectionem
619 3418 651 3474 hi
674 3417 735 3472 duo
758 3430 866 3471 versus
881 3414 920 3470 si·
973 3417 1324 3492 pitepraecessit,dehinc
1336 3418 1531 3491 participatio
1545 3419 1584 3474 ad
1596 3419 1735 3476 membra
1749 3420 1797 3476 de·

98 3524 244 3598 gnificant
258 3520 292 3574 in
303 3516 402 3573 crucis
415 3511 511 3582 effigie
524 3507 692 3580 compacti3
708 3505 765 3560 hoc
779 3503 921 3575 estquod
974 3505 1074 3561 fluxit.
1091 3506 1218 3578 Propter
1227 3505 1313 3562 hoca
1326 3508 1445 3561 sacrato
1459 3506 1550 3561 altari
1564 3506 1722 3564 duodecim
1738 3523 1802 3565 cru·

97 3613 190 3670 Jacob
205 3609 287 3665 filios
299 3602 413 3676 ioseph
426 3598 618 3664 benedicens,
639 3591 814 3650 cancellatis
827 3591 923 3646 mani·
975 3609 1024 3650 ces
1037 3594 1207 3666 parietibus
1221 3593 1441 3662 chrismantur,
1459 3594 1532 3664 quis
1547 3594 1719 3664 spiritualis
1732 3610 1800 3664 gra·

97 3703 154 3759 bus
173 3702 306 3756 formam
321 3693 419 3750 crucis
433 3688 606 3761 exprimens
616 3701 625 3753 3
641 3683 780 3738 dextram
794 3695 920 3736 manum
975 3683 1020 3737 tia
1034 3697 1052 3736 a
1067 3680 1189 3737 Christo
1216 3680 1249 3736 in
1270 3680 1424 3751 apostolos
1452 3679 1617 3751 descendit,
1642 3682 1678 3737 ut
1702 3682 1802 3738 crucis

98 3769 922 3864 supercaputEphraim,etsinistramsuperoaputMa·
975 3769 1155 3841 mysterium
1167 3782 1221 3839 per
1235 3771 1368 3838 quatuor
1393 3767 1500 3823 mundi
1527 3772 1629 3840 partes
1651 3783 1720 3824 cum
1742 3768 1802 3825 ilde

98 3895 187 3937 nasse
194 3876 300 3950 posuit
310 3889 319 3941 3
333 3867 507 3944 quiapriori
518 3863 631 3936 dopulo
638 3862 765 3932 abjecto,
773 3856 923 3930 juniorad
976 3856 1136 3913 Trinitatis
1151 3854 1366 3927 {praedicarent
1387 3854 1560 3911 Candidum
1579 3855 1718 3912 velamen
1739 3872 1802 3930 quo

39 4014 41 4020 ,
99 3970 256 4025 dexteram
273 3946 876 4025 collocatusestideu.xnv111).Cambuca
887 3945 924 4000 si·
976 3949 1046 4019 post
1060 3943 1317 4000 consecrationem
1333 3942 1427 3998 altare
1442 3943 1588 4015 operitur,
1609 3943 1737 4013 gloriam
1754 3945 1802 4001 iu·

39 4050 41 4102 i
99 4033 923 4124 vevirgapastoralisquaScripturafiguratur,miuis·
977 4033 1181 4104 corruptionis
1200 4031 1350 4102 designat,
1366 4046 1427 4102 qua
1440 4036 1510 4103 post
1532 4032 1706 4102 passionem
1731 4048 1801 4090 con·

101 4145 212 4200 terium
234 4137 388 4208 significat
411 4134 580 4197 doctorum,
613 4140 743 4198 quorum
772 4121 875 4178 studio
894 4124 924 4176 et
978 4123 1101 4193 sumpta
1123 4118 1309 4176 mortalitate
1323 4119 1395 4174 Jesu
1411 4119 1589 4175 humanitas
1612 4119 1721 4176 induta
1745 4123 1802 4191 est,

100 4228 317 4305 pradicatione
333 4227 363 4278 et
382 4210 538 4277 conversio
551 4216 689 4288 gentium
711 4213 793 4268 facta
816 4213 872 4278 est,
895 4211 925 4264 et
978 4209 1057 4264 sicut
1072 4208 1298 4280 scriptumest:
1323 4207 1517 4261 conscidisti
1537 4221 1667 4262 saccum
1682 4222 1804 4278 meum,

100 4315 285 4395 perficienda
299 4318 346 4370 est
356 4313 373 4368 J
377 4312 544 4367 udaeorum.
558 4304 646 4372 Quod
660 4309 747 4360 stans
760 4302 830 4355 ante
848 4298 922 4353 alta·
936 4329 964 4385 D
978 4302 1009 4354 et
1025 4298 1143 4353 taetitia
1158 4310 1207 4350 rue
1222 4295 1470 4351 circumdedisti
1486 4292 1586 4364 (Paul.
1603 4293 1704 4365 xxix).

103 4427 142 4480 re,
154 4410 256 4466 mum
271 4405 304 4460 in
319 4401 506 4473 adjutorium
520 4398 619 4464 vocat,
637 4390 789 4463 significat
800 4403 852 4444 eos
873 4388 928 4459 qui

720 4666 900 4779 PARS
942 4662 1191 4776 SEXTA.

601 4863 659 4921 DE
695 4850 1023 4916 SACRAMENTO
1060 4848 1312 4906 BAPTISMI.

119 4999 179 5050 cic.
197 4999 218 5050 1.
236 4995 326 5060 meare
341 4995 373 5044 sit
386 4991 518 5058 primum,
535 4992 557 5038 et
572 4997 631 5052 quc
644 4980 676 5033 dc
696 4994 725 5032 eo
739 4971 911 5043 inquirendo.
983 4971 1167 5045 inquirenda
1180 4968 1390 5044 proponimus.
1405 4972 1543 5028 Primum
1558 4973 1633 5046 quid
1648 4975 1675 5032 si
1699 4975 1813 5051 baptis·

130 5097 372 5153 ¹Sacramentum
394 5087 540 5162 baptismi
562 5085 695 5156 primum
715 5080 761 5131 est
776 5076 856 5129 inter
870 5086 930 5125 om·
984 5077 1073 5128 mu83
1098 5059 1265 5115 secundum
1291 5075 1385 5131 quare
1404 5061 1568 5118 institutus
1593 5064 1633 5119 sit
1654 5064 1812 5137 baptimus

107 5187 155 5241 nia
171 5180 424 5249 sacramentam
440 5172 650 5249 quibussaius
670 5159 931 5231 constareproba-
994 5150 1043 5203 vel
1068 5163 1162 5219 quare
1190 5148 1379 5202 circumcisio
1409 5153 1530 5205 mutata
1558 5152 1616 5220 sit,
1650 5156 1680 5208 et
1706 5156 1814 5207 caetera

107 5277 163 5330 tur.
178 5272 454 5343 Deipsonamque
477 5262 628 5319 Dominus
643 5256 733 5311 dicit:
759 5249 835 5305 Nisi
859 5247 932 5315 quie
988 5236 1129 5308 quaedam
1163 5237 1280 5292 Veteris
1315 5237 1405 5308 Legis
1431 5243 1622 5294 sacramenta
1647 5254 1654 5306 ;
1690 5238 1815 5294 tertium

107 5368 246 5418 reactus
274 5358 381 5427 fuerit
420 5370 460 5408 ac
484 5365 572 5420 aqua
602 5352 632 5401 et
658 5342 784 5411 Spiritu
810 5339 933 5401 sancte,
989 5325 1112 5397 quando
1137 5325 1300 5381 institutus
1324 5326 1364 5380 sit
1384 5326 1578 5399 baptismus,
1599 5330 1628 5380 et
1658 5324 1694 5380 de
1716 5325 1816 5381 tribus

109 5468 172 5507 aon
183 5452 292 5520 potest
308 5445 449 5500 introire
462 5444 498 5494 iu
514 5450 652 5506 regnum
673 5433 826 5485 culorum
853 5417 934 5494 [Dei]
990 5415 1188 5487 temporibus.
1210 5413 1312 5468 Primo
1342 5415 1465 5487 quando
1484 5413 1673 5470 circumcisio
1698 5402 1815 5468 statum

110 5540 216 5609 (loun.
229 5547 288 5603 111).
304 5535 344 5590 lit
358 5534 488 5588 iterum:
506 5528 566 5588 Qui
589 5518 767 5578 crediderit
782 5518 814 5569 et
835 5510 935 5578 bapti·
991 5502 1101 5557 habuit
1114 5506 1184 5557 ante
1210 5502 1409 5575 baptismum.
1432 5503 1546 5559 Ultimo
1562 5498 1685 5572 quaudo
1704 5499 1817 5573 baptis·

108 5623 453 5695 zatuefueritsulvus
468 5618 532 5672 erit
548 5615 659 5684 (Marc.
677 5606 753 5675 xvi).
771 5602 842 5657 Haec
866 5598 938 5653 sunt
991 5607 1061 5647 mus
1076 5593 1191 5647 statum
1206 5591 1349 5647 habuerit
1362 5594 1433 5663 post
1457 5586 1728 5645 circumcisionem.
1757 5588 1819 5646 Me·

110 5716 206 5790 igitur
219 5727 291 5788 quae
305 5710 342 5767 de
361 5707 552 5764 sacramento
568 5694 716 5774 baptismi
729 5685 939 5768 principaliter
992 5679 1043 5736 dio
1057 5678 1181 5752 quando
1202 5679 1390 5740 circumcisio
1396 5682 1426 5738 et
1432 5675 1837 5749 baptismussirnalcacax·

239 5805 381 5894 Persou.
400 5796 562 5896 CLXXVI.
1669 5766 1715 5821 aa
