3742 6082
124 219 196 278 loth
563 213 566 217 ’
590 211 762 269 APPENDIX
780 208 828 265 AD
848 204 1001 265 HUGONlS
1020 203 1367 265 membranarum
1775 204 1844 261 mit

120 336 298 398 versationis
316 334 475 405 significat.
496 334 605 391 Pardus
631 334 698 391 illos
726 332 817 389 verbo
844 328 988 404 praedi-A
1007 327 1119 385 ferreos
1132 328 1225 401 portis
1240 326 1385 392 inserunt,
1408 331 1510 399 portas
1539 340 1611 381 suas
1635 325 1786 383 muniunt
1797 342 1846 384 err·

121 426 250 492 cationis
267 424 393 495 frigidos
416 440 452 481 ac
478 424 581 497 pigros
602 424 718 489 iratres,
746 427 775 480 et
800 437 837 479 aa
866 418 954 477 undis
1008 417 1153 475 stodibus.
1171 417 1228 477 Sed
1244 416 1478 486 incitandae!
1496 430 1573 485 pone
1601 416 1772 473 custodiam
1799 429 1844 473 on

120 512 956 588 muodanateoapostatisabstractosexcitatastamorem
1007 523 1081 576 tneo,
1110 512 1145 563 nt
1171 522 1233 564 iton
1259 506 1433 576 delinquam
1463 506 1496 560 in
1525 505 1631 574 tirrano
1654 519 1721 562 eirea
1746 507 1842 570 (Psoi

122 606 240 669 Christi.
258 606 416 667 &monta
427 602 643 661 exhortationis
658 606 729 659 sunt
752 601 854 667 verba,
877 597 955 670 ignis
1008 598 1100 669 exit.»
1113 596 1248 654 ltonaohi
1262 594 1378 653 faciunt
1392 592 1449 650 sibi
1464 592 1594 650 claustra
1615 592 1727 666 quibus
1750 593 1843 651 homo

122 697 297 759 charitatem
311 693 458 764 angust
480 696 533 755 Por
555 693 691 767 viperam
704 707 776 749 vero
791 706 859 764 qum
886 704 954 758 pro·
1007 687 1134 744 exterior
1143 684 1235 744 teneri
1243 686 1338 759 possit
1352 702 1359 753 ;
1374 684 1428 742 sed
1443 683 1557 740 uanam
1565 683 1698 741 claustra
1709 684 1845 742 tacerent

122 786 213 847 cessit
237 785 326 859 pulsa
349 783 389 845 al>
415 782 494 855 ignis
519 782 627 852 calore,
656 779 807 838 immundi
833 777 955 852 spiritus
1009 776 1120 851 quihus
1135 777 1227 833 horno
1246 775 1368 833 interior
1383 774 1519 831 ordinate
1536 774 1670 830 tenetur!
1701 773 1759 844 Sic,
1787 775 1844 831 tra-

121 875 184 933 sive
198 874 383 938 anmatos
395 871 527 931 veritatis
551 870 757 942 designantur.
785 870 857 934 Qua
872 866 955 923 inra-
1010 870 1078 932 tres,
1093 864 1135 923 sio
1148 863 1276 938 qnidam
1295 867 1390 920 turres
1403 863 1564 933 aedificant,
1581 867 1615 919 ut
1635 863 1773 920 securius
1797 880 1838 920 ra·

121 964 165 1021 dit
189 979 315 1020 manum
339 960 432 1032 Pauli,
454 960 485 1016 id
500 964 543 1016 cst
559 976 636 1033 opus
650 959 792 1016 doctrinae
819 956 955 1029 spiritua·
1008 953 1161 1026 pisatelli
1175 951 1238 1008 sola
1253 944 1470 1018 delectatione,
1485 956 1514 1006 et
1537 950 1742 1024 superfluitate
1772 967 1843 1022 gau-

122 1052 161 1110 lis
198 1050 348 1126 irnpediro
372 1049 484 1118 ninam,
523 1049 715 1106 detractionis
739 1063 858 1104 morsus
883 1044 957 1101 inse-
1009 1043 1089 1099 dent.
1103 1041 1159 1097 Alii
1173 1040 1359 1109 necessitate,
1373 1044 1403 1096 et
1416 1039 1531 1106 timore,
1547 1055 1585 1095 ne
1600 1039 1844 1113 opprimentem

119 1142 225 1209 rendo,
241 1147 270 1197 ct
284 1138 494 1196 invidiaevirus
520 1137 717 1194 infundendo.
736 1140 794 1193 ttao
810 1135 954 1207 viperam,
1008 1131 1236 1203 potentiamne
1258 1131 1411 1203 diximus),
1441 1131 1578 1187 laborare
1602 1146 1664 1186 non
1690 1130 1838 1188 desinunt.

120 1230 221 1299 frater,
251 1230 441 1290 exhorresco,
458 1232 537 1284 atne
559 1228 641 1284 virus
667 1225 859 1283 detractionis
881 1223 954 1279 inle—
1010 1217 1142 1276 Claustra
1162 1236 1233 1275 vero
1256 1219 1343 1293 quasi
1370 1224 1467 1276 castra
1497 1219 1613 1276 Domini
1638 1218 1689 1276 alii
1715 1220 1839 1277 Domino

120 1322 177 1388 rat,
204 1333 372 1388 congruum
400 1321 446 1375 εει
472 1320 505 1375 ut
528 1316 683 1373 evitemus.
712 1315 789 1371 ttrrlli
818 1328 890 1383 ergo
903 1328 955 1369 no·
1010 1313 1206 1380 componunt,
1222 1313 1252 1365 et
1267 1308 1343 1365 sicut
1370 1323 1481 1378 rogum
1508 1308 1636 1365 ministri
1649 1309 1779 1365 trurium
1802 1310 1840 1366 in·

37 1447 40 1451 -
122 1410 228 1471 strum,
243 1406 344 1478 irater,
360 1405 526 1479 patefacias
541 1420 663 1471 nomen,
679 1419 717 1459 ne
733 1419 769 1458 ex
784 1400 956 1474 insipientia
1009 1400 1141 1453 staurata
1154 1396 1320 1453 munitione
1345 1397 1480 1454 securius
1504 1397 1626 1455 fraudes
1651 1397 1836 1456 inimicorum

122 1495 252 1554 auctoris
276 1499 305 1551 ct
328 1511 465 1568 persona
492 1493 614 1562 vilitate,
645 1491 744 1564 operis
760 1489 855 1547 nostri
868 1489 954 1545 labor
1008 1484 1194 1542 excludunt:
1219 1485 1377 1541 sichomo
1400 1485 1531 1556 interior,
1548 1491 1577 1542 et
1601 1487 1694 1543 homo
1717 1488 1837 1543 exterior

120 1584 254 1650 vilescat,
268 1589 296 1639 et
318 1598 355 1638 ne
376 1583 479 1655 vipera
504 1582 590 1653 cujus
605 1596 732 1636 manum
751 1578 893 1634 invadere
904 1577 954 1631 de·
1007 1574 1086 1630 intra
1098 1575 1267 1632 munimina
1283 1574 1483 1632 claustrorum
1499 1576 1599 1650 positi,
1613 1577 1729 1649 antiqui
1749 1577 1833 1634 hostis

120 1671 201 1741 beat,
230 1675 384 1740 agnoscat.
415 1669 511 1725 Placet
537 1683 659 1740 quoque
697 1665 836 1739 opusculi
862 1665 953 1736 hujus
970 1685 989 1738 Β
1008 1664 1142 1731 iusidias,
1159 1669 1187 1720 et
1201 1664 1412 1737 temporalium
1424 1664 1653 1735 rerumiragiles
1667 1682 1759 1723 casus
1770 1667 1832 1723 ellu-

121 1759 253 1833 spatium
288 1758 319 1813 in
343 1762 475 1830 quatuor
508 1756 625 1813 libellos
648 1755 817 1812 relevandae
845 1754 953 1811 mentis
1009 1755 1102 1825 giunt.
1119 1752 1191 1809 Utile
1204 1752 1293 1823 igitur
1305 1770 1372 1809 csse
1382 1754 1532 1810 credimus
1561 1759 1594 1810 ιιι
1614 1754 1832 1813 introducantur

121 1847 219 1918 matis
251 1846 357 1916 scindi,
380 1845 461 1919 quia,
491 1850 523 1901 ιιι
547 1846 586 1902 ait
611 1844 717 1900 beatus
746 1844 952 1915 Augustinus:
1009 1840 1076 1899 dura
1091 1858 1238 1915 personae,
1255 1844 1283 1897 et
1296 1842 1380 1924 quod
1389 1842 1420 1897 in
1434 1841 1524 1898 rebus
1552 1842 1758 1899 subtilioribus
1783 1843 1830 1900 ob·

122 1958 137 1989 κ
152 1940 194 1993 lta
214 1934 282 1992 libri
296 1934 423 1991 termino
449 1934 580 1990 reficitur
600 1934 719 1989 lectoris
732 1933 865 2000 intentio,
880 1933 956 1988 sicut
1010 1948 1130 1988 scuram
1151 1931 1230 2000 latet,
1247 1947 1362 2004 porres
1383 1930 1477 1987 oculis
1490 1930 1679 2001 subjacentes
1692 1932 1831 2006 liquidum

121 2026 209 2084 labor
240 2025 362 2082 viatoris
388 2024 528 2096 hospitio,
544 2047 558 2074 o
587 2023 702 2079 Primus
731 2023 855 2096 quidem
881 2022 955 2095 qaid
1008 2022 1070 2078 liat.
1088 2021 1168 2078 Siout
1182 2020 1292 2077 etenim
1308 2019 1415 2076 accidit
1428 2021 1451 2075 si
1464 2019 1526 2076 duo
1541 2020 1614 2077 socii
1641 2020 1767 2095 aliquod
1790 2039 1830 2079 ca-

120 2119 229 2173 noceat
243 2114 452 2172 claustralibus
468 2112 516 2169 vel
527 2112 643 2173 mundo
663 2112 833 2171 renuntiare
855 2112 957 2170 volen-
1009 2115 1104 2167 strum
1119 2111 1272 2181 miraront,
1288 2125 1359 2166 cum
1377 2109 1416 2167 ab
1435 2108 1572 2167 hostibus
1591 2111 1763 2183 oppugnari
1788 2111 1832 2168 de-

120 2205 211 2273 tibus,
228 2204 366 2261 continet.
398 2201 552 2260 Secundus
567 2218 637 2258 vcro
653 2201 776 2261 claustri
794 2200 956 2259 materialis
1007 2199 1099 2267 beret,
1112 2215 1246 2274 quorum
1259 2214 1337 2255 unus
1350 2203 1427 2255 esset
1451 2198 1596 2257 discretus
1620 2199 1683 2256 sive
1698 2201 1831 2275 prudens,

122 2294 352 2363 ordinationem,
367 2291 398 2347 in
422 2306 484 2362 quo
503 2293 618 2345 tenetur
633 2291 725 2346 bomo
753 2290 889 2356 exterior,
904 2289 956 2345 do
1008 2288 1082 2346 altor
1095 2288 1272 2345 indiscretus
1286 2288 1347 2344 sivo
1363 2287 1548 2361 imprudens,
1565 2305 1644 2345 unus
1663 2290 1759 2364 piger,
1770 2291 1833 2347 alter

122 2384 177 2437 cet.
200 2379 312 2436 Tertius
345 2377 453 2434 aninroe
484 2377 647 2433 claustrum
676 2377 803 2433 ordinat.
827 2380 954 2442 Quartus
1009 2378 1174 2452 expeditus,
1190 2379 1231 2435 sic
1252 2378 1345 2434 homo
1371 2378 1502 2448 interior,
1529 2384 1558 2435 et
1585 2378 1677 2436 homo
1705 2381 1831 2437 exterior.

122 2466 317 2523 claustrinon
338 2464 502 2521 manufacti
528 2463 744 2520 habitationem
776 2480 844 2537 quae
859 2469 903 2520 cst
924 2464 954 2519 in
1009 2467 1254 2525 Discretusindie
1280 2466 1463 2524 rnrmitiones
1492 2473 1590 2541 parat,
1618 2470 1703 2540 erigit
1730 2486 1830 2544 propu-

122 2555 208 2626 coe10,
225 2553 419 2611 commendat
442 2553 655 2626 appetendam.
687 2553 803 2610 Summi
832 2569 955 2627 quoquc
1009 2556 1147 2628 gracula,
1164 2555 1428 2614 defensionisloca
1443 2557 1725 2631 singulisassignat,
1744 2559 1833 2616 officia

122 2643 251 2712 abbatis,
269 2642 382 2699 scilicet
404 2642 523 2715 Christi,¹
546 2657 652 2717 panem
675 2658 770 2715 quam
794 2641 838 2698 ihi
863 2642 956 2699 hahet
1009 2644 1208 2721 praeessendi
1223 2645 1353 2718 injungit
1375 2645 1560 2721 quibusdam
1587 2648 1748 2716 sociorum,
1772 2664 1834 2706 con·

123 2749 194 2790 cum
207 2730 337 2803 sujectis,
354 2730 402 2786 hic
414 2731 551 2788 hortatur
564 2746 633 2787 cum
660 2729 802 2787 fratibus
816 2730 956 2788 exhihen-
1009 2735 1142 2792 coriliam
1153 2735 1250 2806 docet,
1264 2737 1421 2809 jejunandi
1435 2739 1672 2811 tempusindicit,
1686 2756 1724 2797 ne
1735 2740 1834 2807 tames,

122 2822 206 2879 dam.
1009 2842 1077 2897 quta
1092 2825 1201 2882 clausis
1216 2825 1307 2882 intrat
1329 2827 1433 2899 portis,
1448 2826 1524 2883 inter
1552 2833 1686 2885 armatos
1716 2829 1835 2886 victoria

159 2913 226 2969 Cir.
242 2914 262 2968 1.
278 2910 362 2978 Quod
377 2911 587 2980 incipientibus
613 2911 761 2979 rectificare
776 2911 955 2982 qitoerendns
1010 2914 1143 2975 obtineat
1157 2915 1379 2987 principatum
1405 2917 1543 2973 fraudem
1572 2917 1709 2989 damnat,
1733 2935 1771 2975 ne
1790 2935 1836 2992 per

366 3003 405 3056 sit
421 3002 501 3057 locas
515 3001 715 3071 fundamenti.
970 3039 991 3095 C
1010 3004 1244 3076 aliquemhostis
1259 3004 1463 3075 ingrediatur;
1480 3006 1532 3061 sed
1547 3011 1616 3064 ante
1629 3006 1735 3063 omnia
1745 3020 1835 3080 perse-

159 3090 370 3165 luoipicntibus
386 3090 534 3146 adificare
547 3088 727 3162 quarendus
738 3093 780 3146 est
792 3088 877 3146 locus
891 3089 956 3145 tun·
1009 3096 1165 3150 terentem
1179 3092 1329 3166 patientia
1356 3094 1555 3163 constantiam
1578 3095 1755 3153 habendam
1781 3095 1833 3151 lore

124 3179 267 3247 dementi,
283 3196 321 3237 ne
335 3179 520 3253 superpositi·
532 3178 655 3253 pariens
668 3181 823 3251 congeries
837 3178 958 3239 inclinet
1010 3183 1169 3258 pradioat,
1180 3184 1364 3243 othortatur.
1382 3188 1414 3241 ln
1427 3189 1598 3243 maturato
1622 3184 1768 3243 excubias
1794 3199 1836 3257 po

126 3287 159 3327 se
181 3270 221 3327 ad
245 3270 375 3327 ruinam.
394 3269 496 3327 Solent
522 3269 603 3326 enim
622 3285 659 3325 ει
672 3270 729 3326 hoc
743 3269 957 3326 rationabiliter
1010 3273 1063 3343 nit,
1078 3273 1219 3330 discurrit
1232 3273 1407 3346 pervigiles,
1428 3273 1632 3330 somnolentos
1658 3275 1803 3349 increpat,
1814 3276 1837 3328 et

125 3360 178 3433 qui
206 3359 331 3415 firmiter
355 3358 503 3416 adificare
528 3358 643 3428 volunt,
669 3375 774 3415 eversa
798 3363 827 3415 et
863 3359 957 3430 ejecta
1012 3379 1072 3434 pree
1088 3363 1200 3419 crateris
1216 3363 1505 3435 saepissimesocium
1527 3363 1646 3432 excitat,
1663 3365 1737 3439 quia
1762 3367 1837 3439 piger

124 3453 214 3517 tarra,
246 3464 336 3522 super
359 3449 480 3505 firmam
508 3450 624 3522 petram
653 3447 720 3505 lieet
743 3448 837 3505 nimio
855 3448 957 3506 lairore
1012 3457 1065 3520 ast,
1082 3457 1110 3509 ει
1124 3452 1221 3520 docet,
1236 3451 1310 3524 qnia
1334 3452 1511 3509 indiscretus
1530 3456 1585 3509 est.
1610 3452 1639 3510 Si
1655 3459 1759 3510 autern
1780 3467 1837 3527 pro

125 3537 295 3612 quaesitam,
311 3537 428 3594 aedificii
443 3536 489 3593 sui
512 3552 625 3610 ponere
645 3535 887 3594 sumlamentum.
913 3536 958 3596 ni-
1011 3541 1102 3619 pitius
1114 3541 1215 3597 hostes
1235 3541 1639 3609 accedantmachinamonta
1648 3541 1720 3599 belli
1732 3557 1836 3616 prapa-

124 3645 212 3686 versa
239 3633 283 3685 est
308 3633 408 3685 tamen
437 3626 625 3684 diversorum
650 3625 724 3682 ratio
751 3625 957 3683 aedificiorum.
1011 3635 1068 3702 rat,
1079 3629 1155 3686 aries
1167 3630 1295 3700 januam
1309 3629 1427 3702 pulsat;
1449 3634 1516 3686 tanc
1533 3629 1592 3685 erit
1622 3634 1770 3699 armatus,
1799 3644 1835 3685 ειι-

126 3716 266 3790 «ampla
280 3716 389 3773 etenim
405 3715 518 3789 palatia
539 3731 623 3787 reges
639 3714 696 3771 sibi
717 3714 878 3784 redilioant,
906 3716 964 3772 sed
1014 3723 1105 3777 stinet
1114 3720 1224 3789 hostes,
1255 3719 1367 3774 viribus
1395 3719 1528 3775 hostium
1556 3720 1697 3776 incursus
1721 3718 1834 3793 repellit,

126 3806 231 3862 domne
249 3806 372 3860 illorum
388 3807 528 3874 seperiora
539 3820 641 3861 eornm
656 3806 687 3861 in
703 3811 847 3861 aternum
862 3807 957 3874 (Psoi.
1013 3809 1085 3882 quia
1111 3807 1267 3880 expeditus
1294 3812 1348 3876 εει,
1378 3807 1566 3880 providentia
1598 3809 1835 3865 machinamenta

126 3893 236 3961 xat‘ru).
253 3895 358 3947 Turres
370 3892 475 3948 firmas
492 3893 522 3948 in
538 3892 665 3949 summis
678 3894 827 3949 montium
848 3893 958 3962 locant,
1014 3897 1149 3970 dissipat,
1164 3896 1235 3969 quia
1250 3895 1397 3952 discretus
1411 3901 1465 3953 est.
1483 3896 1529 3954 Sic
1545 3897 1605 3967 agit
1619 3896 1767 3953 discretus
1786 3909 1835 3953 nor

126 3979 370 4050 vallantaggero‚
386 3983 415 4035 ct
430 3995 516 4034 muro
532 3981 666 4051 cingunt,
681 3987 799 4037 montes
814 3983 959 4057 normis,
1014 3987 1054 4043 ad
1081 3991 1210 4059 tempus,
1238 3985 1290 4041 sed
1315 3984 1445 4054 assidue,
1473 4001 1510 4042 ne
1540 3985 1720 4043 adversariis
1747 3985 1834 4043 trado

128 4066 181 4123 sed
196 4082 365 4139 pauperum
380 4066 523 4123 manibus
538 4068 729 4139 transierunt,
746 4069 961 4128 circumductis
1015 4081 1062 4132 tur
1075 4079 1217 4144 castrum,
1233 4090 1271 4131 nc
1284 4080 1313 4130 ct
1327 4074 1391 4147 ipso
1408 4074 1553 4147 capiatur,
1567 4079 1596 4131 et
1619 4075 1756 4132 tradatur
1777 4089 1834 4132 era·

128 4155 194 4213 solo
207 4155 331 4230 imperio
343 4154 533 4227 ssurninibuS,
549 4155 713 4213 excludunt
724 4158 857 4213 hostium
869 4160 959 4230 vires,
1015 4165 1098 4232 etori,
1115 4164 1292 4220 mittaturin
1308 4179 1467 4231 carcerom,
1498 4164 1632 4220 trahatur
1653 4163 1694 4219 ad
1719 4170 1836 4221 tormen·
1865 4190 1870 4273 Ι

127 4246 202 4304 nihil
225 4250 326 4305 tamon
351 4245 460 4304 horum
490 4246 579 4303 morti
601 4247 804 4303 contradicere
823 4253 960 4321 potest.»
1015 4256 1053 4311 ta.
1071 4253 1156 4309 lstius
1188 4252 1249 4308 rita
1276 4268 1376 4308 moras
1399 4251 1517 4309 instruit
1542 4251 1741 4321 audendum,
1766 4252 1836 4324 loqui
1861 4276 1869 4315 ι

127 4336 265 4411 Episcopi
276 4335 384 4392 domos
395 4350 455 4390 non
469 4334 599 4408 impares
612 4335 744 4392 ecclesiis
753 4336 961 4407 magnitudine
1014 4343 1052 4399 de
1066 4358 1102 4398 co
1115 4341 1204 4398 edam
1219 4340 1364 4397 debilium
1379 4341 1529 4397 mentibus
1556 4340 1671 4415 praehet
1694 4342 1835 4400 affectum.

128 4428 315 4491 construunt,
331 4422 426 4495 pictos
451 4422 636 4483 delectantur
663 4423 775 4481 habere
801 4424 960 4497 animos,
976 4396 998 4450 ὓ
1014 4433 1123 4490 Audire
1135 4431 1215 4487 enim
1230 4431 1386 4501 diligenter
1399 4432 1526 4505 bonrum
1541 4437 1570 4490 et
1582 4432 1657 4489 velle
1680 4432 1757 4505 fieri,
1786 4447 1836 4491 ma·

126 4509 292 4584 vestuntur
309 4508 351 4569 ibi
379 4510 524 4579 imagines
552 4511 688 4585 metipsis
713 4511 848 4570 colorum
872 4514 960 4572 indu·
1015 4520 1310 4595 gnaparsbonitatis
1331 4525 1387 4579 est.
1412 4524 1473 4580 Hoc
1487 4526 1547 4594 ost,
1567 4521 1686 4594 natae,
1715 4522 1837 4583 officium
1863 4478 1869 4607 l

126 4597 246 4658 mentis.
268 4600 384 4673 Pauper
394 4596 467 4653 item
483 4598 547 4655 sine
560 4598 694 4658 vestibus
722 4601 840 4670 incedit,
858 4608 886 4661 ει
911 4622 961 4665 va-
1014 4610 1135 4669 discreti
1149 4610 1329 4684 etexpcdiii.
1346 4610 1500 4671 indiscreh'
1513 4616 1615 4669 ειιιειιι
1645 4617 1678 4671 et
1701 4612 1782 4686 pigai
1804 4610 1839 4671 ol·

126 4702 185 4743 cuo
197 4689 300 4743 ventre
315 4686 426 4745 clamat
439 4685 479 4743 ad
491 4687 613 4745 ostium.
629 4689 650 4747 0
665 4689 755 4759 mira,
774 4692 827 4749 sed
841 4709 961 4769 perver·
1013 4702 1116 4760 ficium
1131 4703 1185 4769 est,
1197 4700 1521 4776 impedirodiscretum,
1536 4702 1837 4777 andareoxpedittm.

128 4791 162 4833 sa
175 4775 350 4833 delectatio!
376 4776 519 4848 trojanos
538 4782 633 4849 gestat
657 4780 756 4855 paries
773 4781 871 4856 pictus
891 4800 961 4857 pur·
1014 4791 1098 4847 Hunc
1111 4788 1184 4846 talia
1195 4792 1345 4859 ιιςειιιειιι,
1359 4788 1446 4846 labor
1467 4790 1608 4863 expediti,
1624 4790 1749 4849 dhcreti
1762 4792 1839 4849 noea

126 4880 214 4938 pura,
230 4870 258 4921 et
272 4881 346 4925 auro
361 4866 495 4939 vestitos,
511 4867 685 4927 Christianis
700 4871 793 4944 panni
812 4879 961 4943 negantur
1013 4877 1202 4954 providentia
1230 4876 1301 4934 iacit
1332 4877 1510 4952 participem
1548 4878 1648 4937 laudis
1681 4883 1713 4937 ot
1738 4880 1836 4952 glorie.
1863 4938 1867 4955 ,

102 5035 105 5040 .
126 4958 249 5011 veteres.
267 4958 437 5013 Graecorum
450 4957 591 5015 exercitui
604 4958 714 5019 dantur
733 4977 828 5031 arma,
846 4962 962 5021 Hectori
1014 4966 1140 5035 Quando
1153 4969 1254 5023 autom
1265 4965 1408 5025 hheratm
1420 4967 1460 5027 ab
1473 4967 1835 5039 mahummariam

126 5042 264 5119 clypeus,
291 5044 380 5103 datm
403 5061 478 5102 auro
495 5045 667 5121 splendens,
689 5052 817 5125 pauperi
829 5067 900 5109 vero
920 5051 963 5109 ad
1014 5053 1098 5111 socio
1112 5053 1231 5111 Domini
1244 5055 1286 5113 tui
1299 5056 1428 5128 gratiam
1442 5056 1558 5131 recipit,
1586 5061 1615 5113 et
1639 5060 1835 5117 rememoratur

122 5133 250 5203 januam
279 5135 421 5193 clanranti
445 5152 506 5191 uon
529 5137 690 5211 porrigitur
704 5141 801 5213 panis,
813 5145 851 5209 ot,
867 5145 900 5197 ut
914 5158 959 5199 ro-
1014 5159 1083 5199 curn
1112 5142 1229 5200 eodem.
1259 5144 1305 5201 Sic
1349 5146 1476 5216 contigit-
1510 5145 1710 5219 quantovis,
1738 5147 1835 5205 trdus

123 5238 192 5281 rum
202 5224 307 5291 iatam,
324 5240 472 5298 [turrpercs
488 5225 655 5298 spoliantur
669 5245 758 5301 stepo,
784 5235 816 5287 et
832 5229 960 5287 vcstiun-
1013 5235 1044 5285 ιιι
1059 5231 1143 5305 piger
1158 5232 1292 5289 trahatur
1307 5233 1347 5289 ad
1363 5234 1533 5308 prorutum,
1551 5233 1606 5291 sed
1633 5237 1753 5308 sapius
1774 5234 1834 5291 hrt

124 5316 172 5372 tur
185 5314 311 5391 lapides,
328 5318 356 5371 et
383 5312 476 5387 ligna
499 5317 613 5375 ornant
633 5318 774 5391 praetoria
798 5318 962 5395 columnis,¹
1012 5318 1093 5376 nisse
1117 5320 1304 5379 contrarium
1328 5322 1360 5379 in
1386 5322 1444 5383 huo
1468 5321 1607 5380 socictate
1637 5323 1833 5395 cognorimus

122 5399 202 5459 toros
216 5402 358 5461 ‹lomibus
373 5408 571 5478 arrtcponunt,
588 5421 657 5479 quae
679 5405 796 5462 utinam
810 5421 959 5480 pauperos
1012 5406 1083 5464 Mira
1107 5410 1177 5465 rest
1208 5414 1276 5483 lste,
1303 5411 1357 5485 qui
1376 5410 1442 5468 talrs
1469 5415 1537 5469 aab
1559 5410 1857 5487 tuernoujmpo-

121 5488 320 5560 includerent,
335 5509 397 5549 non
412 5492 615 5551 excluderent.
631 5515 645 5540 «
662 5492 958 5566 Civesurhiumsua·
1011 5496 1090 5553 bitas
1115 5498 1183 5556 lrcet
1205 5500 1358 5559 damnosa
1385 5500 1428 5559 eis
1454 5501 1623 5570 sanasset,
1651 5501 1693 5559 ab
1712 5499 1832 5561 nostre
1857 5576 1861 5585 Ι

121 5593 190 5637 rum
205 5581 532 5639 monitionesstudiosc
547 5580 722 5656 disponunt,
739 5589 772 5642 ut
799 5586 841 5643 sic
857 5586 957 5644 incur-
1011 5588 1383 5661 tamenlaudarirneruit;
1407 5593 1494 5665 cujus
1505 5592 1736 5666 prouidentiam
1760 5586 1832 5649 soa't

122 5678 174 5723 rus
196 5665 497 5745 host‘urrnrepellant,
523 5669 671 5735 excubias.
690 5673 841 5750 ordmaat,
856 5680 957 5737 ιεειεε
1010 5693 1085 5741 rime
1104 5695 1215 5743 mrrrus.
1231 5682 1393 5754 εεειιιειει,
1418 5682 1474 5743 iste
1497 5682 1582 5757 teh's,
1609 5681 1697 5755 dnos
1725 5673 1832 5749 arsit*
