3742 6082
513 195 559 253 nn
578 197 766 256 cmnsrao
785 197 914 255 tumn.
935 229 970 241 -
990 200 1054 258 na.
1074 202 1108 260 n.
1449 176 1451 181 ’
1599 189 1668 265 roci

77 314 238 372 Dulcedine
262 316 351 386 igitur
369 317 546 392 decipimur,
564 321 778 380 consuetudine
792 324 817 378 Α
834 322 952 392 Abigail
964 324 1059 383 Nabal
1073 327 1177 384 omnia
1187 327 1290 397 verba,
1300 343 1369 402 quae
1382 326 1517 386 audierat
1531 345 1549 386 a
1562 332 1667 400 David,

57 420 83 462 r.
93 404 142 460 llle
154 408 255 460 autem
265 405 409 479 laqueum
420 414 564 480 evaserat,
574 416 602 467 et
612 411 779 468 funiculum
835 417 863 467 et
877 417 1048 470 emortuum
1061 419 1104 471 est
1120 431 1171 471 cor
1186 416 1252 487 ejus
1265 415 1456 487 intrinsecus
1472 421 1500 475 et
1514 418 1609 476 iaetus
1623 425 1668 478 est

57 496 76 562 t,
90 493 142 566 qui
157 494 294 552 dicebat:
310 497 421 554 Anima
434 514 499 557 meo
514 507 616 570 erepta
631 507 674 559 est
685 503 721 558 dc
737 504 780 559 la·
834 502 922 575 quasi
946 502 1033 578 lapis.
1056 504 1129 562 Boni
1145 504 1293 577 siquidem
1307 505 1418 563 subditi
1432 522 1587 580 perversos
1601 526 1666 567 ma-

57 585 216 653 mertium,
235 585 359 657 laqueus
372 590 518 644 contritus
532 595 584 661 est,
596 595 625 646 et
639 607 692 647 nos
709 592 780 647 libe·
828 589 942 660 -gistros
955 590 992 647 de
1007 591 1187 664 negligentia
1200 598 1404 665 commonent,
1417 594 1471 651 sed
1483 611 1520 652 ex
1535 612 1668 654 comme

57 689 131 730 imas
158 675 251 746 (Psal.
268 680 376 745 exirm).
401 678 535 735 Absctoa
549 696 620 736 vero
647 681 780 737 crinibus
833 678 945 735 uitione
959 680 1119 738 deteriores
1133 681 1197 738 fieri
1212 682 1397 756 quandoque
1410 682 1515 740 solent.
1529 687 1563 742 Et
1572 701 1668 743 emor-

57 777 91 818 as
104 765 230 835 quercui
245 764 289 835 (ll
296 767 367 836 Nep.
383 767 474 839 xrrn),
488 766 630 825 duritiam
643 769 781 842 designat
834 771 920 824 tuum
935 772 979 825 est
993 786 1044 826 cor
1056 769 1160 841 Nabal,
1176 775 1204 827 et
1216 770 1313 828 lactus
1330 771 1417 845 quasi
1428 770 1517 844 lapis,
1531 789 1600 830 eum
1613 775 1666 832 ali-

57 851 102 908 bet
114 850 265 921 obstinati,
282 853 335 926 qui
350 854 424 911 dum
446 857 538 930 patris
559 859 723 915 exercitum
736 858 780 916 lu·
834 857 902 931 quis
916 862 1011 914 morte
1037 863 1181 932 perpetua
1199 859 1358 916 induratur
1380 860 1411 915 in
1435 860 1576 934 peccatis.
1599 865 1668 920 Post

57 940 174 1012 configit
185 946 218 998 ut
232 942 391 1000 condensa
401 947 525 1018 quercui
539 947 672 1007 crinibus
687 949 779 1004 iubas·
833 949 961 1004 mortem
986 946 1090 1016 Nabal,
1111 947 1229 1018 abigail
1255 948 1360 1017 regina
1382 948 1580 1017 constituitur,
1595 950 1667 1023 quia

57 1029 174 1087 rbsalon
187 1035 359 1102 perpetra
372 1033 593 1110 interpretatur,
607 1039 679 1112 quia
694 1044 780 1112 pater
834 1034 886 1106 qui
913 1035 969 1092 sub
997 1051 1138 1108 perverso
1165 1037 1310 1108 magistro
1337 1037 1414 1093 bene
1441 1037 1556 1110 vixerit,
1582 1038 1666 1095 citius

57 1124 94 1178 ret
105 1125 335 1195 persequentem
359 1124 539 1197 patiebatur,
555 1144 617 1184 non
639 1144 700 1201 pax
714 1129 776 1196 tilii,
834 1123 873 1179 ad
896 1124 1031 1195 regimen
1071 1126 1242 1184 animarum
1279 1125 1435 1183 sublimari
1466 1131 1665 1202 promeretur,

57 1213 132 1266 trem
155 1209 277 1267 nolebat
300 1212 372 1284 pati.
402 1215 544 1284 Quercus,
568 1216 648 1272 intus
663 1217 777 1288 durior,
833 1217 867 1269 ut
895 1231 964 1271 eum
990 1217 1084 1273 David
1113 1217 1245 1273 obtineat
1272 1232 1410 1287 regnum,
1433 1221 1463 1273 et
1491 1234 1560 1274 cum
1587 1217 1667 1274 Chri-

57 1316 70 1355 s
84 1315 155 1356 vero
174 1299 307 1370 fragilior
321 1317 387 1357 esse
405 1304 629 1378 comprobatur.
652 1305 705 1362 Cui
718 1305 777 1360 db·
833 1307 878 1359 sto
893 1309 996 1375 regnet
1010 1306 1041 1362 in
1065 1310 1219 1362 aternum.
1237 1307 1318 1362 Misit
1333 1306 1413 1363 enim
1429 1308 1550 1363 aurelios
1570 1306 1665 1363 David

57 1404 206 1462 uspensus
221 1389 355 1460 inhaeret,
376 1392 449 1463 quia
461 1393 584 1449 interius
598 1393 777 1452 obstinatio·
831 1391 871 1447 ab
885 1393 1019 1464 Abigai1;
1042 1395 1109 1467 ipsa
1125 1399 1225 1451 autem
1253 1398 1355 1452 secuta
1382 1399 1426 1452 est
1454 1411 1516 1452 eos.
1542 1393 1665 1451 Nuntios

57 1478 145 1550 entis,
162 1479 290 1535 exterius
313 1495 385 1535 vero
400 1480 590 1552 fragilitatem
611 1483 710 1539 carnis
728 1501 777 1541 co·
831 1481 925 1538 David
948 1482 1065 1553 abigail
1087 1485 1230 1558 sequitur,
1251 1484 1324 1541 dum
1345 1484 1471 1558 quilibet
1491 1483 1599 1552 tidelis,
1616 1487 1666 1539 Ee-

57 1582 73 1622 τ.
90 1566 226 1623 Crinibus
245 1566 394 1623 inherens
418 1570 621 1643 suspendium,
636 1571 707 1645 quia
729 1589 778 1628 su·
831 1570 927 1627 clasiae
951 1572 1088 1630 doctores
1111 1575 1171 1630 vita
1197 1579 1225 1631 et
1247 1574 1383 1630 moribus
1397 1574 1547 1632 imitatur..
1563 1575 1623 1632 Sed
1637 1579 1665 1630 et

57 1655 116 1711 atis
131 1671 234 1711 amore
247 1655 404 1713 detinetur.
791 1673 811 1727 Β
832 1663 962 1734 quinque
972 1665 1085 1732 puella
1092 1664 1275 1735 pedissequa
1290 1665 1390 1720 ierant
1405 1679 1472 1720 cum
1487 1665 1544 1721 itta
1559 1663 1663 1735 (ibid).

56 1746 196 1814 sautem,
211 1744 259 1799 eui
273 1745 433 1816 insederat,
449 1749 629 1822 pertransiit,
645 1751 697 1807 sed
711 1751 776 1827 ipse
831 1752 968 1826 Quinque
994 1753 1182 1828 pedissequae
1211 1754 1287 1825 ejus,
1304 1756 1372 1809 sunt
1400 1753 1535 1826 quinque
1561 1768 1666 1826 eorpo-

57 1830 242 1905 isuspensus
263 1833 390 1904 inhaesit,
411 1836 484 1910 quia
498 1837 617 1896 luxuria
632 1840 773 1912 etdolus,
829 1843 869 1898 ris
894 1857 1011 1914 sensus,
1040 1842 1093 1915 qui
1125 1843 1212 1916 quasi
1240 1841 1347 1918 puellae
1375 1840 1564 1916 pedissequae
1594 1856 1664 1898 cum

57 1936 132 1994 nper
155 1922 319 1996 studuerat,
344 1923 441 1997 periit,
465 1926 518 1982 sed
544 1944 636 2000 poena
661 1931 775 2003 peccati
829 1930 946 2002 Abigail
959 1930 1147 2002 gradiuntur,
1161 1930 1235 1986 dum
1249 1945 1303 2004 per
1315 1930 1496 1987 munditiam
1511 1929 1664 1986 eontinen-

57 2052 62 2066 .
77 2010 181 2067 Tmbus
196 2010 318 2081 tanesia,
334 2013 366 2069 id
381 2018 425 2071 est
443 2016 579 2085 avaritia,
594 2019 735 2092 superbia
749 2024 776 2077 et
829 2020 876 2076 tire
891 2018 1010 2077 cuilibet
1030 2020 1110 2091 justo
1135 2019 1295 2075 servientes
1314 2017 1533 2091 obsequuntur.
1547 2018 1663 2075 Pharao

57 2115 126 2156 ‚cor
141 2100 206 2172 ejus
227 2101 406 2174 perforatur.
428 2105 510 2161 Unde
526 2110 554 2162 et
568 2123 663 2181 usquc
677 2109 708 2165 in
723 2110 776 2165 ho·
828 2125 910 2178 vero,
926 2109 979 2183 qui
1005 2109 1153 2183 populum
1177 2109 1228 2166 Dei
1243 2107 1336 2182 Moysi
1351 2108 1497 2164 dimittere
1511 2106 1660 2181 promisit,

57 2189 170 2246 ndiem
185 2205 309 2246 acervus
319 2191 455 2265 lapidum
466 2210 596 2265 magnus
607 2213 775 2270 supereum
828 2214 883 2254 nee
896 2202 997 2255 tamen
1012 2197 1114 2254 divisit
1124 2198 1233 2268 (liceri.
1248 2196 1354 2269 1),illos
1369 2196 1516 2267 designat,
1533 2195 1662 2268 quivitae

57 2279 461 2353 ur,quiapeecatorumsive
474 2284 690 2358 suppliciorum
700 2288 777 2344 mul·
828 2286 960 2343 melioris
984 2286 1227 2343 emendationem
1254 2286 1441 2358 promittunt,
1461 2301 1516 2342 neo
1540 2284 1662 2358 culpam

57 2382 65 2423 a
80 2372 231 2439 gravatur.
248 2373 304 2427 Nec
324 2371 436 2428 mirum
451 2373 475 2428 si
496 2389 628 2443 magnus
648 2392 774 2433 aceruus
828 2376 1000 2445 dimittunt;
1016 2392 1071 2432 nee
1086 2380 1188 2432 tamen
1203 2376 1233 2432 in
1249 2374 1423 2432 columbino
1436 2375 1543 2448 spiritu
1556 2373 1663 2431 contri·

57 2472 77 2512 n
91 2473 181 2531 super
195 2474 265 2514 eum
288 2459 385 2531 luerit,
401 2460 454 2534 qui
472 2478 526 2535 per
541 2464 774 2523 obstinationem
827 2467 951 2531 tionem,
968 2464 1022 2522 sed
1044 2466 1076 2522 in
1090 2481 1165 2522 voce
1184 2465 1308 2522 corvina
1322 2464 1497 2521 dilationem
1510 2467 1660 2537 quarunt.

57 2545 83 2603 in
96 2547 189 2603 finem
203 2564 254 2605 eor
268 2548 461 2632 impoenitens
474 2553 576 2623 gessit.
595 2555 668 2611 Sunt
683 2555 774 2614 etiam
829 2557 963 2621 Quorum
975 2558 1054 2610 tarra
1077 2553 1202 2610 diversis
1222 2552 1319 2626 plagis
1333 2552 1485 2623 affligitur,
1500 2566 1556 2608 nee
1571 2550 1662 2608 emol-

57 2635 137 2692 ecies
161 2637 389 2696 obstinatorum.
412 2640 510 2699 Prima
531 2642 641 2700 seilicet
655 2660 773 2714 eorum,
827 2644 905 2712 litur,
922 2641 976 2699 sed
990 2659 1026 2699 ex
1041 2642 1258 2699 consuetudine
1273 2641 1418 2716 peccandi
1432 2641 1531 2711 magis
1544 2656 1580 2697 ac
1594 2656 1661 2696 ma-

57 2725 195 2800 rpenitus
205 2726 347 2786 obstinati
358 2746 395 2785 ex
408 2731 590 2789 correctione
601 2733 771 2806 proficiunt.
827 2734 873 2804 gis
891 2733 1058 2788 induratur.
1076 2735 1156 2788 Tune
1171 2731 1253 2789 enim
1275 2733 1419 2787 Dominus
1436 2745 1532 2802 aquas
1546 2729 1577 2785 in
1590 2745 1660 2786 san-

59 2831 206 2884 aeorum‚
222 2817 273 2890 qui
294 2835 330 2874 ex
354 2821 587 2877 commonitione
612 2822 773 2880 deteriores
827 2819 948 2892 guinem
969 2819 1122 2888 convertit,
1139 2835 1209 2874 cum
1236 2819 1273 2874 de
1299 2833 1400 2874 rerum
1426 2816 1527 2874 causis
1551 2816 1660 2890 aliquis

58 2905 130 2961 ertia
140 2921 255 2977 eorum,
264 2907 316 2979 qui
330 2909 572 2967 emendationem
584 2912 771 2981 promittunt,
827 2909 984 2966 carnaliter
998 2909 1094 2966 sentit.
1110 2912 1198 2965 Terra
1211 2924 1303 2964 ranas
1318 2906 1466 2980 producit,
1482 2922 1552 2962 eum
1563 2905 1594 2961 in
1608 2905 1660 2962 ali-

57 2993 201 3051 rfaciunt.
212 2997 253 3050 Ex
264 2997 446 3053 correctione
459 3002 607 3057 Nanassos
618 3000 714 3057 lactus
728 3005 772 3058 est
786 3034 806 3085 C
826 3016 887 3072 quo
903 2998 1042 3070 garrienti
1053 2998 1226 3055 dominatur
1235 3013 1314 3054 vana
1323 2995 1500 3069 loquacitas.
1513 2995 1675 3073 cynomia·

66 3082 112 3154 (ll
124 3085 196 3140 Par.
214 3085 337 3158 xxxru);
361 3087 455 3143 Nabal
482 3105 518 3144 ex
538 3090 771 3147 commonitione
827 3088 976 3161 siquidem
999 3093 1027 3144 et
1041 3087 1196 3160 cyniphes,
1213 3090 1282 3143 sunt
1295 3083 1460 3159 importuni
1472 3083 1582 3140 mentis
1605 3083 1659 3139 im-

57 3172 186 3245 rtlltcg.
201 3179 291 3243 xxv);
312 3174 428 3232 Pharao
443 3193 479 3232 ex
494 3176 653 3235 afflictione
668 3179 772 3236 durior
825 3181 912 3251 petus
938 3180 967 3233 ct
991 3175 1089 3232 canini
1112 3192 1222 3232 mores.
1253 3178 1327 3231 Nors
1353 3189 1508 3249 pecorum,
1529 3176 1658 3229 mortem

62 3263 132 3335 vni).
158 3266 308 3320 Nanassos
322 3264 353 3321 in
378 3282 495 3323 carcerc
514 3268 641 3340 positus,
660 3270 771 3326 catenis
825 3267 965 3336 designat
987 3264 1211 3336 cogitationum,
1225 3281 1293 3338 quoe
1315 3262 1476 3336 pecoribus
1499 3260 1658 3319 assimilari

57 3351 178 3424 pedibus
206 3355 382 3410 constrictus
405 3358 499 3412 licum
513 3358 663 3428 cognovit,
679 3375 771 3432 quem
826 3355 933 3424 solent,
956 3354 1080 3428 quando
1108 3352 1278 3410 rationabili
1305 3352 1455 3410 intellectu
1477 3354 1588 3409 carent.
1613 3349 1658 3407 Sic

57 3439 129 3497 liber
162 3458 343 3513 cognoscere
373 3444 477 3502 noluit.
505 3446 588 3502 Tales
615 3452 684 3504 sunt
707 3448 773 3521 qui·
826 3445 906 3501 enim
920 3444 1210 3513 lcomocompcratus
1225 3441 1423 3511 estjamentts
1439 3438 1657 3510 insipientibus,

57 3529 211 3588 laustrales
240 3532 302 3606 qui,
337 3535 474 3607 quandiu
511 3536 556 3592 sui
587 3537 663 3608 juris
690 3543 769 3610 sunt,
825 3539 853 3592 et
868 3534 973 3591 similis
986 3533 1089 3604 factus
1102 3537 1144 3588 est
1157 3532 1197 3587 eis
1212 3531 1307 3602 (Psoi.
1322 3529 1389 3602 xm).
1409 3530 1496 3586 Sexta
1510 3527 1602 3601 plaga
1616 3530 1660 3584 est

58 3635 74 3676 e
101 3621 224 3690 virunt3
257 3621 331 3678 dum
358 3639 428 3679 vero
465 3624 496 3679 in
528 3624 657 3681 elaustro
683 3626 772 3699 quasi
826 3640 896 3680 eum
926 3626 1041 3679 tument
1071 3620 1188 3687 vesicae,
1213 3622 1242 3675 et
1267 3621 1501 3690 corrumpuntur
1532 3615 1657 3685 viscera,

57 3725 113 3766 *ere
142 3712 279 3767 tenentur
314 3711 425 3768 astricti
453 3714 566 3769 catenis
594 3714 771 3771 obedientias
825 3711 909 3786 quod
934 3711 977 3779 lit,
993 3711 1067 3765 dum
1092 3707 1233 3763 interiora
1259 3705 1368 3762 mentis
1395 3708 1511 3760 tument
1536 3702 1606 3760 odio
1631 3706 1661 3759 et

61 3803 89 3856 et
103 3800 227 3872 timoris,
239 3801 313 3856 dum
324 3802 485 3874 compedes
501 3802 591 3859 etiam
606 3802 770 3872 adduntur,
825 3799 973 3856 ebulliunt
995 3799 1049 3854 ira.
1074 3796 1164 3866 Plaga
1190 3811 1262 3851 vero
1281 3792 1437 3865 grandinis
1457 3791 1658 3862 infractibus,

57 3888 139 3958 agari
159 3889 207 3945 rel
233 3889 334 3959 egredi
356 3889 436 3946 foras
464 3906 526 3946 non
549 3891 770 3964 permittuntur,
825 3888 1011 3963 iniquitatem
1045 3884 1237 3942 manifestam
1275 3883 1414 3955 designat
1448 3881 1479 3938 in
1503 3879 1657 3954 operibus.

57 3975 179 4050 idoque,
192 3981 224 4033 ut
239 3981 342 4046 Deum,
357 3994 449 4050 quem
464 3978 548 4051 prius
562 3979 770 4054 despexerant,
824 3978 912 4049 Plaga
942 3977 1074 4049 locustae,
1101 3981 1145 4031 est
1169 3973 1348 4032 instabilitas
1375 3972 1494 4041 animae,
1518 3987 1586 4044 quer
1608 3985 1659 4026 ore

57 4063 227 4136 idiligant,
256 4071 284 4123 et
325 4066 378 4139 qui
414 4066 544 4123 iecerunt
572 4068 609 4124 de
637 4067 772 4125 libertate
825 4067 915 4147 laedit,
932 4064 1157 4133 cumdetrahit;
1180 4064 1232 4120 dat
1254 4063 1357 4134 saltus,
1373 4062 1447 4118 dum
1469 4060 1509 4118 ad
1524 4059 1659 4117 carnales

57 4170 117 4223 em,
135 4154 247 4212 faciant
270 4156 307 4212 de
329 4157 505 4214 necessitate
519 4157 669 4214 virtutem.
691 4161 772 4225 Quos
825 4173 856 4214 se
871 4155 1003 4214 extendit
1024 4155 1159 4211 affectus.
1182 4153 1272 4224 Plaga
1294 4151 1443 4225 siquidem
1455 4149 1658 4216 tenebrarum,

57 4257 203 4315 ¹rarrersos
231 4245 352 4320 propria
379 4246 446 4303 lecit
472 4246 620 4315 voluntas,
647 4246 771 4303 devotos
825 4247 989 4304 cecitatem
1015 4244 1153 4315 designat
1185 4242 1367 4311 animarum,
1396 4256 1464 4313 quae
1492 4236 1659 4312 palpabiles

63 4347 117 4405 per
141 4333 359 4406 correptionem
386 4335 484 4392 aliena
513 4340 653 4408 potestas.
678 4335 772 4393 Nabal
825 4335 1071 4409 comprobantur,
1101 4333 1176 4391 dum
1200 4346 1350 4406 perversa,
1378 4345 1446 4403 quoe
1472 4342 1558 4384 mens
1582 4325 1660 4396 cogi-

57 4420 161 4491 signat
174 4421 326 4494 quosdam
349 4423 497 4495 doctores,
511 4425 562 4494 qui
586 4441 622 4480 ex
637 4440 771 4501 commo·
825 4430 877 4495 tat,
902 4439 993 4498 opere
1014 4426 1234 4498 perpetrantur,
1256 4420 1314 4476 hoc
1336 4417 1416 4475 enim
1437 4415 1589 4491 palpabile
1604 4419 1657 4483 est,

74 4510 264 4566 subditorum
290 4509 367 4565 fiunt
393 4510 562 4579 deteriores,
592 4514 644 4585 qui
670 4514 771 4587 pueris
825 4514 909 4591 quod
921 4528 1015 4570 manu
1031 4512 1113 4583 tangi
1128 4514 1234 4585 potest.
1252 4512 1336 4577 Nota,
1351 4506 1435 4582 quod
1448 4506 1524 4563 inter
1536 4505 1660 4579 plagam

57 4597 160 4655 eibum
185 4600 307 4667 negant,
324 4597 376 4669 qui
390 4614 464 4670 pura
487 4598 587 4654 vivere
601 4601 771 4657 volentibus
826 4602 991 4675 grandinis,
1008 4605 1036 4658 et
1056 4601 1179 4674 plagam
1194 4598 1398 4665 tenebrarum,
1414 4595 1516 4653 media
1538 4593 1659 4668 ponitur

57 4702 65 4742 r
87 4686 139 4742 liei
153 4701 215 4741 non
229 4685 401 4758 propinant.
427 4685 610 4742 Tonsoribus
625 4704 693 4744 vero
709 4690 771 4745 suis
825 4693 916 4765 plaga
930 4690 1124 4747 locustarum.
1141 4687 1185 4743 Ab
1200 4685 1354 4758 iniquitate
1380 4684 1472 4754 emm,
1492 4698 1561 4755 quae
1583 4681 1660 4738 desi·

57 4790 110 4830 um
124 4778 242 4849 parant,
259 4773 331 4846 quia
344 4778 486 4829 vacantes
499 4773 569 4843 otio,
584 4773 772 4832 adulantium
826 4783 935 4850 gnatur
947 4793 1000 4850 per
1015 4776 1204 4848 grandinem,
1216 4773 1250 4828 fit
1264 4771 1352 4844 quasi
1367 4771 1460 4827 saltus
1473 4769 1660 4827 locustarum

57 4862 200 4919 ulatiOnes
225 4866 338 4919 amant·
365 4867 493 4919 Accusat
513 4862 610 4919 Nabal
625 4863 728 4931 David,
745 4868 774 4921 et
826 4869 865 4925 ad
880 4872 996 4923 aeternae
1009 4863 1212 4922 damnationis
1225 4861 1398 4917 caecitatem.
1410 4859 1578 4918 Novissima
1589 4877 1659 4918 vero

57 4952 148 5010 Hodie
161 4954 353 5009 increverant
367 4954 456 5023 sere-i,
471 4954 525 5025 qai
543 4953 668 5024 fugiant
682 4953 774 5009 domi·
826 4957 917 5030 plaga
931 4959 975 5011 est
995 4970 1077 5010 mors
1104 4949 1391 5025 primogenitorum..
1407 4949 1606 5021 Pmmogenita
1620 4949 1659 5004 si-

57 5057 73 5098 s
89 5042 120 5111 tl
126 5043 198 5113 Reg.
214 5046 297 5110 xxv).
315 5042 445 5099 Perversi
460 5042 583 5116 quidem
597 5041 711 5117 praelati
723 5042 775 5097 do-
826 5045 949 5120 quidem
963 5042 1080 5110 mentis,
1095 5045 1165 5098 sunt
1180 5038 1331 5097 moraliter
1342 5039 1480 5097 voluntas
1494 5044 1523 5097 et
1536 5038 1659 5096 intentio

57 5147 97 5187 rm
117 5131 245 5188 viderint
259 5147 421 5188 numerum
443 5131 651 5202 religiosorum
676 5131 774 5187 multi·
827 5133 986 5205 cujuslibet
1009 5129 1200 5204 operationis,
1223 5127 1297 5185 dum
1319 5129 1399 5185 enim
1415 5129 1554 5185 uoluntas
1570 5130 1599 5181 et
1616 5126 1660 5179 in-

70 5218 176 5276 timent
199 5236 269 5276 cum
294 5220 397 5275 vident
424 5221 528 5291 David,
553 5221 583 5276 id
607 5225 653 5276 est
675 5219 773 5277 bonos
827 5223 918 5282 tentio
933 5224 1177 5295 corrumpuntur,
1191 5218 1280 5293 quasi
1295 5218 1494 5294 primogenita
1508 5213 1659 5287 AEgyptio-

57 5344 58 5359 .
72 5308 147 5379 ungi
161 5309 191 5366 in
206 5325 319 5381 regem,
336 5312 364 5365 et
388 5309 459 5366 Saul
480 5308 578 5381 dejici,
594 5309 625 5365 id
642 5313 687 5365 est
705 5325 773 5382 per·
827 5331 895 5371 rum
908 5317 1002 5370 morte
1013 5310 1228 5386 percutiuntur.
1243 5309 1293 5366 His
1307 5310 1397 5380 igitur
1406 5304 1503 5380 plagis
1517 5301 1660 5373 affligitur

65 5398 204 5471 praelatos
225 5399 340 5456 honore
362 5398 543 5470 praelationis
567 5398 688 5472 privari.
716 5398 773 5456 Sed
829 5402 989 5460 obstinatio
1000 5400 1149 5474 senis‚qui
1162 5398 1333 5456 carnalibus
1344 5395 1516 5461 delectatur,
1528 5391 1660 5464 loquaci-

57 5487 176 5546 timent?
199 5506 237 5546 ne
261 5495 290 5547 ct
303 5488 360 5562 ipsi
375 5488 527 5561 priventur
541 5489 719 5557 honoribus,
735 5505 773 5544 ne
827 5493 886 5547 tate
908 5491 1028 5562 gaudet,
1049 5490 1238 5562 importunus
1263 5489 1291 5542 et
1310 5482 1411 5555 gravis
1438 5483 1483 5538 est
1506 5479 1657 5550 omnibus,

57 5592 131 5634 »rum
144 5580 316 5637 restituatur
330 5577 438 5652 aliquis
454 5577 568 5635 melior.
585 5582 618 5635 Et
632 5578 775 5636 indicavit
827 5593 911 5634 more
926 5594 1070 5652 pecorum
1079 5593 1194 5651 pronus
1209 5574 1249 5632 ad
1262 5572 1344 5644 vitia,
1358 5568 1515 5627 iracundia
1528 5572 1658 5639 tumens,
