3742 6082
11 234 14 245 ·
125 227 178 286 eu
444 222 624 282 sosoma
640 222 695 280 us
712 221 743 278 ε.
763 213 934 277 moroan
951 212 1037 273 oua.
1057 217 1158 280 raas
1176 222 1216 281 11.
1229 253 1266 268 -
1287 223 1531 283 nocuamca.
1682 180 1689 186 ⁸
1783 229 1832 287 eu

125 361 225 430 debet,
241 371 341 431 neque
364 368 467 411 croceo
490 351 544 406 ubi
565 349 705 405 homines
729 347 849 419 scriptae
875 345 951 417 legis
963 337 992 396 A
1006 348 1036 400 et
1048 348 1248 419 transpositio
1264 349 1397 405 trabium
1411 353 1440 406 ει
1453 350 1562 405 divisio
1577 349 1741 407 titulorum
1755 352 1832 409 facta

124 450 311 506 intrinsecus
326 447 409 512 sunt,
422 440 474 497 sed
486 439 539 495 ubi
551 436 692 492 homines
701 436 808 506 gratias
822 436 953 491 interius
1008 437 1064 502 est,
1071 435 1200 492 inferius
1211 441 1313 493 autem
1323 441 1353 494 ει
1362 439 1473 495 ductus
1482 454 1573 506 unus,
1580 442 1611 494 ει
1621 439 1734 495 titulus
1744 458 1832 513 unus,

127 539 295 612 ponuntur,
308 543 496 605 purpureum
510 529 629 598 oportet
642 528 677 580 ut
687 525 800 581 habeat
811 524 951 592 colorem,
1007 523 1081 593 quia
1095 524 1127 580 hi
1142 525 1202 580 duo
1215 526 1320 599 populi
1333 527 1365 582 in
1382 527 1493 598 seipsis
1504 527 1596 583 divisi
1611 528 1747 598 fuerant,
1760 531 1794 586 in
1807 532 1834 586 ii·

128 631 281 699 quatenus
301 623 351 678 hic
371 619 469 676 solum
483 616 652 673 similitudo
667 617 813 688 utrinque
829 631 951 688 respon·
1006 611 1043 667 de
1067 613 1262 684 postmodum
1287 615 1514 671 Christianum
1530 617 1603 673 iacti
1619 622 1702 673 suut.
1721 618 1834 675 Deinde

128 716 198 772 deat
206 705 610 779 interius,quemadmodum
618 703 952 761 hominibusnatmalis
1005 700 1038 754 in
1049 699 1155 757 dextro
1165 717 1259 758 cornu
1269 704 1410 774 superius
1420 705 1574 777 capitibus
1583 706 1677 761 trium
1688 707 1833 776 trabium,

126 803 203 873 legis
218 796 392 871 superficies
408 799 495 851 terrae
518 809 572 866 per
593 793 722 849 colorem
737 793 866 849 viridem
881 809 951 849 con·
1005 804 1074 860 quse
1093 789 1126 844 in
1141 789 1363 860 longitudinem
1389 794 1599 865 porriguntur,
1616 810 1671 866 per
1685 798 1833 852 transver-

126 890 231 948 cordat
246 887 442 944 intrinsecus.
453 884 584 941 croceus
595 898 667 938 vero
679 882 761 938 color
771 884 804 939 in
817 887 951 955 tempore
1005 891 1074 931 sum
1089 878 1281 949 superscribo
1295 880 1448 948 homines,
1463 884 1569 953 postea
1582 882 1615 937 in
1631 883 1762 940 sinistro
1776 899 1834 940 cor-

123 975 275 1034 naturslis
287 974 364 1046 legis
378 973 564 1029 intrinsecus
579 970 743 1027 collocatus
756 975 812 1041 εει,
824 972 897 1043 quia
912 973 950 1026 si·
1005 979 1047 1019 nu
1060 966 1150 1036 quasi
1165 965 1258 1039 hujus
1272 968 1354 1023 tituli
1378 968 1676 1041 determinationem,
1690 973 1832 1029 exteriori

124 1065 250 1138 gnificat
261 1062 402 1120 homines
413 1060 534 1133 scriptae
544 1058 631 1130 legis,
643 1059 696 1131 qui
710 1059 876 1116 secundum
887 1075 952 1132 pro
1005 1053 1128 1125 quidem
1144 1055 1225 1111 trabi
1239 1056 1272 1111 in
1294 1057 1393 1129 capite
1416 1058 1536 1114 ascribo
1552 1062 1681 1130 naturas,
1695 1060 1832 1118 interiori

122 1154 223 1228 phetas
257 1151 441 1208 sententiam
479 1149 716 1204 nutriebantur
754 1149 790 1202 in
832 1148 951 1205 croceis
1004 1146 1107 1198 autem
1122 1157 1261 1215 suppono
1274 1143 1361 1215 legis,
1375 1145 1567 1203 mediaemro
1580 1149 1702 1218 gratiae3
1719 1149 1780 1206 hoc
1794 1151 1831 1206 si-

122 1241 252 1313 (Tbren.
270 1240 325 1309 rv),
341 1237 395 1310 qui
410 1240 484 1293 tunc
498 1235 608 1291 occulti
623 1238 721 1305 erant,
733 1238 763 1290 et
774 1235 824 1291 hic
835 1237 868 1291 in
880 1252 950 1291 arca
1004 1231 1148 1301 guiflcare
1168 1232 1275 1288 volens
1289 1234 1372 1305 quod
1385 1235 1452 1290 istae
1475 1239 1537 1291 tres
1561 1237 1664 1294 trabes
1686 1241 1832 1312 utrinque

122 1329 245 1403 quidem
262 1328 341 1383 situs
356 1329 412 1392 eet,
430 1324 483 1380 sed
499 1339 553 1379 nec
567 1338 654 1393 arcae,
671 1327 824 1380 necterrae
840 1325 950 1381 similis
1003 1320 1831 1400 positaesingnificanthominesnaturalislegis,scriptae

121 1421 177 1486 est,
192 1417 266 1488 quia
279 1416 348 1471 ficte
359 1413 433 1469 boni
448 1427 503 1468 nec
516 1427 569 1484 per
579 1426 671 1483 opera
679 1412 755 1467 foris
763 1412 948 1483 infidelibus,
1003 1404 1079 1479 legis
1093 1412 1123 1464 ei
1136 1410 1252 1479 gratiae,
1268 1409 1305 1465 de
1320 1412 1434 1481 quibus
1447 1413 1587 1484 superius
1602 1413 1697 1470 locuti
1713 1431 1830 1472 sumus.

121 1520 177 1561 neo
188 1520 243 1578 per
252 1504 399 1559 virtutem
411 1502 498 1557 intus
507 1499 648 1555 fidelibus
661 1499 776 1555 similes
786 1503 868 1555 sunt.
878 1500 950 1556 Pur·
1002 1497 1076 1553 Car.
1089 1497 1156 1553 VII.
1166 1500 1210 1553 De
1222 1501 1494 1567 inscriptionibus
1505 1503 1610 1558 trium
1622 1507 1832 1560 mansionum

121 1607 235 1667 puteus
256 1595 359 1647 autem
383 1589 465 1646 color
487 1588 519 1645 in
542 1592 677 1660 tempore
698 1588 849 1644 naturalis
872 1589 949 1661 legis
1036 1601 1134 1655 arcae,
1145 1591 1177 1642 et
1188 1589 1228 1642 de
1238 1587 1450 1643 distinctione
1464 1591 1620 1657 ejusdem,
1636 1605 1710 1661 quoe
1724 1607 1833 1648 secun

124 1682 214 1754 qussi
224 1678 438 1737 coarctatusin
448 1677 548 1733 medio
562 1680 763 1748 utrorumque
773 1677 863 1748 jacet,
880 1678 992 1750 quiaB
1040 1677 1121 1730 dum
1136 1677 1349 1731 altitudinem
1366 1682 1423 1744 est,
1436 1682 1467 1732 et
1482 1680 1522 1733 de
1533 1681 1704 1736 duodecim
1720 1684 1830 1751 scalis,

120 1773 245 1843 propter
260 1769 377 1840 regium
392 1766 483 1823 decus
498 1765 652 1837 siguificat
665 1764 806 1821 homines
827 1767 945 1837 gratiae,
1036 1764 1154 1834 quibus
1170 1766 1214 1818 ad
1229 1766 1358 1819 easdem
1375 1768 1579 1822 ascenditur.

120 1859 174 1930 qui
193 1861 267 1914 tunc
278 1854 476 1912 occultissimi
491 1856 587 1909 erant.
599 1853 657 1918 Qui
672 1852 755 1908 color
768 1852 801 1908 in
814 1869 884 1910 arca
900 1859 947 1911 est
1037 1851 1255 1924 Inscriptiones
1267 1853 1463 1909 mansionum
1476 1853 1553 1911 tales
1564 1859 1638 1911 sunt
1653 1871 1660 1910 τ
1676 1856 1710 1912 in
1725 1857 1832 1914 dextro

118 1949 149 2002 et
162 1944 313 2018 positione
328 1946 357 1998 ει
371 1941 583 2010 similitudine,
599 1941 673 2013 quis
688 1940 828 1996 homiues
838 1942 945 2012 gratiae
999 1937 1094 1996 latere
1109 1940 1216 2012 primae
1230 1940 1384 1997 mansioni
1399 1941 1579 1998 inscribitur
1587 1943 1673 2012 fides,
1688 1946 1831 2002 secunda

120 2032 250 2089 attidem
264 2029 406 2086 habendo
419 2029 453 2084 in
468 2028 594 2085 ecclesia
608 2031 692 2095 suut,
708 2030 738 2083 et
749 2028 879 2085 vitutem
891 2030 944 2086 ba·
1000 2028 1154 2084 mansioni
1170 2044 1250 2100 spes,
1274 2029 1372 2085 tertiae
1395 2030 1550 2085 mansioni
1568 2030 1714 2088 ebaritas.
1731 2032 1769 2088 Iu
1793 2034 1831 2090 si-

117 2120 218 2178 bendo
242 2119 316 2176 boni
339 2121 421 2173 suut.
448 2116 564 2172 Positio
590 2116 720 2172 istorum
747 2116 883 2173 colorum
912 2119 945 2174 in
1000 2116 1099 2173 nistro
1107 2115 1202 2173 latere
1216 2117 1323 2188 primae
1335 2118 1489 2173 mansioni
1499 2118 1679 2175 inscribitur
1688 2121 1828 2191 scientia,

117 2209 236 2266 caeteris
258 2206 448 2280 temporibus
476 2205 643 2261 secundum
665 2203 748 2276 quod
762 2205 945 2276 significatio
1000 2204 1140 2261 secundas
1164 2205 1319 2261 mansioni
1341 2205 1521 2262 inscribitur
1541 2206 1714 2279 disciplina,
1731 2210 1829 2265 tertiae

118 2296 256 2370 postulat
269 2295 418 2351 variatur.
434 2293 511 2349 Item
535 2291 675 2348 homines
699 2292 850 2349 naturalis
868 2294 945 2366 legis
998 2292 1170 2349 bonitas.ln
1181 2294 1429 2365 superioritatem
1441 2295 1547 2366 primae
1555 2295 1708 2352 mansioni
1719 2297 1827 2355 iuscri-

117 2387 201 2453 sunt,
215 2383 270 2456 qui
282 2381 378 2439 solam
392 2381 483 2436 fidem
498 2380 614 2436 babent
628 2384 783 2437 mortuam
798 2382 864 2437 sine
878 2399 946 2455 ope
998 2380 1353 2450 biturnatura,secundae
1366 2381 1830 2454 lex,tertiaegratia.1ninferiort

116 2472 212 2528 ribus.
227 2470 375 2527 Homines
390 2468 511 2541 scriptae
522 2467 599 2538 legis
613 2471 686 2523 suut
712 2468 870 2540 quiddam
890 2470 944 2526 ba·
998 2468 1093 2525 latere
1106 2469 1213 2542 primae
1229 2470 1383 2525 mansioni
1394 2470 1573 2528 inscribitur
1586 2475 1668 2528 recta
1681 2473 1826 2531 secundas

117 2559 192 2616 bant
206 2563 236 2616 ει
259 2574 351 2631 opera
370 2557 450 2624 fidei,
466 2556 519 2613 sed
534 2556 715 2613 charitatem
734 2572 795 2613 nou
818 2558 942 2616 habent.
999 2556 1094 2626 utilis,
1119 2557 1216 2613 tertiae
1240 2559 1419 2614 necessaria.
1442 2558 1601 2624 Quatenus
1625 2560 1690 2616 haec
1715 2561 1829 2617 ultima

114 2648 177 2706 Soli
200 2651 302 2704 autem
327 2646 467 2703 homines
491 2645 597 2717 graue
618 2644 709 2700 fldem
733 2644 850 2702 habent
873 2663 943 2720 ope·
999 2645 1159 2717 dispositio
1174 2644 1358 2718 supradictis
1374 2646 1505 2718 singulis
1518 2647 1700 2720 respondeat
1713 2651 1758 2706 sic
1773 2651 1829 2706 ba·

115 2740 236 2795 tantem
248 2751 286 2791 ex
300 2734 469 2790 dilectione.
998 2734 1046 2804 be,
1067 2738 1149 2790 recta
1171 2725 1256 2803 tides,
1277 2733 1363 2790 utilis
1384 2750 1463 2806 spes,
1487 2737 1657 2792 necessaria
1679 2736 1828 2795 charitas.

115 2825 189 2882 Gra.
203 2824 254 2880 VI.
268 2826 312 2879 De
327 2825 419 2878 trina
434 2836 521 2878 arcae
534 2823 715 2878 secundum
726 2824 942 2879 latitudinem
998 2823 1075 2878 ltem
1098 2825 1181 2878 recta
1204 2822 1341 2892 scientia,
1360 2822 1446 2878 utilis
1468 2823 1640 2896 disciplina,
1656 2827 1830 2882 necessaria

150 2914 324 2981 diuisione,
348 2926 415 2981 qua
436 2910 620 2979 supradicti
643 2910 791 2966 homines
815 2913 943 2986 signifi·
997 2911 1130 2967 bonitas.
1147 2910 1223 2967 Item
1239 2914 1320 2966 recta
1338 2913 1461 2980 natura,
1476 2911 1562 2968 utilis
1574 2913 1635 2974 lex.
1651 2916 1828 2971 necessaria

155 3007 286 3066 cantur,
302 3005 334 3055 et
346 3002 386 3054 de
398 3000 544 3055 trabibus
559 2998 678 3054 ibidem
686 3001 816 3068 positis.
960 3000 1106 3072 cgratia.
1123 2999 1202 3055 Sunt
1215 2997 1284 3054 aliae
1298 2999 1476 3054 differentias
1491 3000 1601 3070 adhuc,
1617 3002 1732 3074 quibus
1756 3002 1829 3058 alti·

151 3089 269 3146 Dehinc
278 3086 519 3144 adlatitudinem
527 3102 656 3142 manum
663 3091 749 3143 verto
756 3091 786 3145 ει
793 3088 944 3161 incipiens
998 3087 1072 3143 tudo
1086 3102 1163 3143 arcae
1182 3086 1400 3157 distinguatur.
1418 3087 1521 3143 Prima
1535 3078 1655 3145 mansio
1669 3094 1742 3146 sunt
1754 3107 1828 3147 con·

22 3182 25 3187 ‘
116 3175 393 3233 sursumadextro
408 3190 503 3232 cornu
528 3175 677 3247 usquead
691 3175 803 3233 lineam
818 3192 943 3248 genera·
994 3176 1103 3248 jugali,
1119 3175 1253 3232 secunda
1276 3176 1478 3245 continentes,
1497 3178 1588 3234 tertia
1611 3178 1757 3249 virgines.
1771 3179 1830 3237 Vel

115 3264 210 3320 tionis
221 3263 360 3334 geminas
373 3262 476 3317 trabes
489 3263 658 3334 porrigo,et
673 3263 794 3320 abinde
808 3280 942 3334 sursum,
996 3265 1042 3321 ita
1058 3282 1064 3320 :
1080 3264 1185 3319 Prima
1198 3264 1318 3320 mansio
1343 3266 1464 3320 utentes
1488 3265 1614 3337 mundo,
1630 3267 1764 3324 secunda
1775 3269 1827 3324 tu·

114 3352 147 3410 id
171 3356 218 3408 εει
239 3367 257 3405 a
278 3348 360 3405 linea
374 3349 580 3421 generationis
602 3365 701 3422 usque
722 3351 760 3407 ad
781 3352 942 3408 sinistrum
996 3353 1114 3424 gientes
1128 3352 1288 3421 mundum,
1304 3353 1396 3407 tertia
1410 3352 1498 3409 obliti
1511 3354 1670 3411 mundum.
1687 3354 1742 3412 Vel
1756 3357 1825 3413 ita:

114 3456 220 3510 cornu,
235 3438 377 3495 similiter
395 3437 473 3493 duas
493 3437 592 3508 signo,
608 3438 730 3494 easdem
751 3439 875 3511 quidem
891 3441 943 3496 sed
996 3440 1100 3498 Prima
1109 3440 1229 3495 mansio
1239 3440 1469 3513 suntrepentia,
1477 3442 1610 3498 secunda
1620 3444 1827 3516 ambulantia,

113 3529 327 3603 transpositas.
341 3526 459 3584 Deinde
473 3541 546 3583 vero
561 3542 580 3581 a
590 3525 698 3583 dextro
713 3543 809 3584 cornu
822 3529 855 3584 in
869 3529 942 3584 siui-
997 3529 1087 3584 tertia
1100 3527 1247 3584 volantia.
1261 3528 1338 3584 Item
1353 3545 1407 3601 per
1422 3531 1561 3602 singulos
1573 3531 1704 3602 angulos
1718 3549 1826 3590 asces-

113 3623 212 3678 strum
231 3618 378 3675 continuo
397 3615 491 3672 ductu
515 3615 581 3671 sine
602 3616 840 3688 transpositione
865 3617 943 3673 duas
996 3615 1140 3673 dentibus
1163 3632 1181 3671 a
1208 3617 1308 3688 rigore
1334 3617 1471 3687 orientis,
1498 3617 1598 3674 idest
1624 3634 1642 3673 a
1666 3622 1828 3693 superbia,

110 3709 225 3766 ibidem
238 3707 341 3764 trabes
355 3704 512 3779 protendo.
529 3704 595 3761 Hoc
610 3704 700 3761 modo
722 3704 872 3762 lateribus
896 3720 941 3761 se·
995 3706 1095 3779 prima
1107 3705 1226 3762 mansio
1239 3708 1285 3761 est
1298 3706 1401 3775 timor,
1416 3704 1546 3762 secunda
1560 3711 1605 3761 est
1620 3705 1714 3775 dolor,
1729 3712 1828 3766 tertia

114 3797 251 3854 cundum
263 3795 487 3866 longitudinem
500 3798 530 3850 et
551 3794 746 3850 latitudinem
764 3794 942 3868 compositis
995 3798 1041 3850 est
1063 3809 1158 3850 amor.
1174 3792 1419 3850 ascendentibus
1435 3810 1455 3848 a
1477 3791 1574 3849 colore
1595 3793 1772 3866 occidentis,
1791 3798 1826 3854 id

113 3884 329 3955 inscriptiones
343 3898 448 3938 eorum
463 3882 567 3939 taliter
581 3882 739 3954 distinguo
756 3899 761 3938 :
779 3883 814 3938 ln
833 3883 940 3940 dextro
994 3888 1041 3939 εει
1065 3899 1084 3937 a
1108 3882 1354 3955 coucupiscentia
1378 3881 1478 3938 camis
1500 3882 1601 3954 prima
1629 3883 1749 3940 mansio
1774 3889 1825 3941 est

111 3971 208 4028 latere
222 3985 240 4025 a
254 3970 315 4026 fine
330 3983 427 4041 usque
442 3969 482 4023 ad
505 3970 597 4025 tinem
612 3970 722 4039 scribo,
736 3974 939 4027 trecentorum
993 3969 1821 4044 patientia,secundamisericordia,tertiacompunctio.

112 4059 286 4116 cubitorum
301 4060 368 4114 erat
379 4055 539 4128 longitudo
565 4057 640 4128 ejus.
655 4058 835 4115 Econtrario
850 4059 883 4114 in
900 4060 938 4115 ei·
992 4057 1237 4114 Ascendentibus
1247 4072 1266 4112 a
1276 4057 1390 4129 frigore
1402 4056 1674 4123 occidentis,idest
1684 4060 1822 4131 abigao-

112 4146 309 4205 nistrolstere
319 4145 352 4201 in
362 4144 556 4218 parteprima
565 4159 646 4217 pono
658 4148 779 4217 tempus
788 4146 939 4203 naturalis
991 4146 1103 4215 tantia,
1119 4145 1219 4218 prima
1240 4146 1358 4202 mansio
1382 4149 1429 4202 est
1451 4146 1596 4216 cognitio,
1615 4147 1749 4203 secunda
1772 4154 1823 4205 ost

108 4237 195 4309 legis,
209 4236 242 4293 iu
256 4234 390 4293 secunda
408 4238 530 4306 tempus
557 4232 677 4305 scriptae
692 4233 779 4304 legis,
796 4234 828 4289 in
849 4236 939 4291 tertia
991 4233 1161 4304 meditatio,
1174 4236 1264 4290 tertia
1278 4239 1325 4291 est
1334 4234 1560 4308 contemplatio.
1573 4235 1821 4294 ascendentibus

109 4329 232 4400 tempus
245 4326 363 4398 gratias,
376 4327 412 4380 ut
433 4322 523 4395 qussi
537 4322 656 4394 primus
679 4322 872 4379 centenarius
898 4325 938 4380 sit
948 4360 977 4417 D
992 4336 1010 4376 a
1024 4321 1123 4378 calore
1135 4323 1271 4393 orientis,
1287 4323 1319 4379 id
1333 4327 1379 4380 est
1400 4339 1418 4377 a
1432 4324 1561 4396 spiritus
1575 4323 1703 4393 fervore,
1718 4324 1823 4397 prima

109 4416 230 4486 tempus
243 4411 395 4475 naturalis
415 4409 491 4480 legis
506 4409 658 4465 secundus
670 4413 792 4482 tempus
816 4411 936 4484 scriptas
990 4410 1111 4465 mansio
1120 4413 1166 4465 est
1180 4410 1533 4484 temperantis,secunda
1546 4411 1822 4484 prudentiarum

107 4500 193 4571 legis,
208 4499 318 4554 tertius
333 4501 455 4568 tempus
469 4497 585 4566 gratiae.
601 4497 637 4552 In
653 4497 802 4569 superiori
818 4503 936 4570 partes
990 4503 1036 4554 est
1047 4498 1205 4554 fortitudo.
1218 4499 1290 4557 Ideo
1304 4514 1358 4573 par
1372 4503 1506 4572 quatuor
1520 4500 1651 4571 angulos
1666 4515 1744 4556 arcae
1759 4516 1823 4557 ere·

108 4587 216 4644 dextro
238 4585 333 4642 latere
354 4599 453 4656 usque
476 4584 515 4638 ad
538 4584 698 4641 sinistrum
719 4586 829 4658 scribo,
850 4589 936 4661 quin·
989 4589 1045 4643 ctae
1067 4589 1140 4643 suat
1162 4602 1284 4643 sursum
1304 4586 1463 4644 duodecim
1487 4588 1586 4657 scala,
1601 4602 1655 4659 per
1676 4588 1820 4659 singulos

105 4676 256 4749 quaginta
269 4674 443 4730 cubitorum
457 4671 590 4728 latitudo
612 4673 689 4745 ejus.
705 4674 886 4732 Econtrario
898 4677 931 4733 in
988 4673 1113 4746 angelos
1135 4680 1206 4744 tres,
1224 4675 1258 4731 in
1279 4690 1466 4748 unaquaque
1487 4675 1647 4731 mansione
1671 4679 1817 4748 quatuor,

106 4765 244 4822 inferiori
258 4763 354 4820 latere
379 4762 469 4835 quasi
490 4763 713 4837 expositionem
737 4764 831 4838 hujus
851 4766 934 4822 tituli
987 4761 1020 4818 in
1034 4762 1164 4835 singulis
1177 4762 1300 4834 angulis
1315 4763 1445 4835 singulae
1451 4780 1460 4833 3
1476 4767 1506 4820 at
1524 4779 1719 4837 unaquaeque
1734 4765 1819 4822 scala

106 4853 216 4922 scribo,
232 4850 417 4908 universitas
429 4849 566 4907 fidelium
579 4851 638 4907 sub
653 4867 716 4908 uno
731 4854 830 4927 capite
846 4853 932 4911 Chri·
987 4850 1089 4907 decem
1116 4852 1260 4924 passibus
1288 4851 1509 4923 distinguitur,
1539 4852 1594 4925 qui
1623 4851 1716 4908 simul
1743 4859 1819 4910 sunt

107 4945 164 4999 sto.
181 4940 217 4998 In
231 4939 381 5014 superiori
394 4953 516 5012 quoque
532 4954 627 4996 cornu
642 4955 734 5013 super
747 4942 849 5015 capita
862 4942 934 4998 dua·
986 4943 1108 4996 centum
1120 4940 1242 5011 viginti,
1257 4939 1289 4996 id
1303 4943 1349 4997 εει
1363 4940 1525 5012 sexaginta
1535 4943 1565 4995 ει
1575 4940 1747 5012 sexaginta.
1757 4941 1818 4999 Per

105 5045 175 5088 rum
187 5028 333 5097 trabium,
349 5042 418 5100 ques
432 5027 465 5083 in
479 5026 703 5099 longitudinem
718 5029 931 5104 vadunt,pono
986 5043 1064 5100 quos
1078 5029 1247 5086 ascendunt
1267 5029 1307 5085 ad
1321 5043 1499 5101 supremum
1515 5028 1654 5084 cubitum
1668 5030 1761 5101 quasi
1775 5030 1817 5086 ad

104 5133 195 5176 mons
205 5116 294 5186 Sion,
316 5115 349 5171 in
365 5115 500 5185 sinistro,
515 5114 612 5172 latera
636 5115 800 5189 aquilonis,
820 5118 931 5175 subtus
985 5116 1084 5173 Deum
1105 5117 1164 5173 viri
1186 5119 1217 5172 et
1245 5116 1389 5174 mulieres
1414 5117 1575 5188 sexaginta
1593 5119 1623 5172 et
1641 5117 1817 5188 sexaginta,

105 5210 213 5265 contra
240 5205 385 5275 medinm,
415 5205 523 5260 civitas
550 5205 640 5277 Regis
667 5206 780 5277 magni.
805 5205 930 5263 Dextrae
984 5204 1159 5260 alternatim
1181 5220 1234 5278 per
1257 5203 1396 5277 singulas
1416 5204 1514 5261 scalas
1536 5205 1627 5277 quasi
1649 5206 1815 5276 sexaginta

101 5311 236 5370 namque
250 5293 491 5364 trabesgemiuae
507 5294 683 5364 significant
694 5296 830 5349 montem
844 5292 927 5363 Sion,
983 5291 1078 5349 fortes
1092 5293 1146 5364 qui
1162 5295 1315 5350 ambiunt
1330 5296 1487 5350 lectulum
1503 5294 1688 5349 Salomonis
1704 5294 1814 5365 (Cant.

100 5385 158 5443 hoc
168 5388 215 5442 εει
229 5382 376 5458 populum
388 5382 565 5439 ludaeorum
580 5382 723 5452 introque
735 5394 830 5448 soxu;
843 5383 873 5434 ει
888 5381 927 5435 si·
982 5379 1042 5451 ιιι),
1058 5386 1089 5436 ει
1109 5384 1286 5453 septaginta
1301 5384 1427 5454 repinoe
1450 5382 1553 5454 (Cant.
1571 5386 1626 5451 vri,
1642 5396 1711 5454 quas
1728 5397 1817 5439 scau·

101 5474 207 5530 nistrae
220 5471 317 5528 latera
327 5469 492 5542 aquilonis,
507 5467 566 5524 hoc
574 5472 622 5523 est
628 5466 776 5539 populum
788 5468 927 5537 gentium
981 5467 1060 5525 dunt
1074 5468 1113 5524 ad
1125 5469 1300 5543 amplexum
1315 5469 1498 5539 Salomonis;
1513 5468 1734 5541 perduodecim
1750 5486 1818 5528 sca·

99 5560 240 5616 similiter
249 5559 282 5615 iu
292 5562 423 5630 utroque
434 5572 509 5614 sexu
516 5555 556 5611 sd
566 5555 656 5611 tidem
666 5555 925 5628 concurrentium
979 5555 1037 5627 las,
1051 5556 1084 5613 id
1100 5560 1147 5614 est
1159 5573 1213 5632 per
1225 5558 1424 5632 apostolicam
1436 5557 1618 5627 doctrinam,
1633 5573 1688 5631 per
1708 5558 1816 5616 decem

96 5650 127 5705 et
148 5660 244 5702 unam
266 5646 422 5702 civitatem
445 5644 512 5713 Dei,
536 5642 593 5700 hoc
614 5650 661 5701 est
687 5641 864 5713 Ecclesiam,
888 5661 925 5702 ει
978 5645 1129 5716 tramites,
1157 5645 1190 5703 id
1215 5649 1262 5704 est
1288 5663 1342 5721 per
1368 5647 1471 5704 decem
1497 5650 1649 5720 praecepta
1673 5645 1764 5720 legis,
1794 5664 1815 5705 a

95 5737 228 5806 ιιιοιιιε
240 5732 418 5794 Mantum.
433 5731 599 5808 Propterea
610 5732 644 5793 ln
665 5732 923 5808 superioritatem
978 5737 1112 5808 quatuor
1124 5733 1248 5807 augum
1261 5734 1372 5798 mundi
1388 5734 1449 5794 tide
1468 5735 1633 5796 Trinttmis
1645 5734 1770 5796 imbuti
1783 5741 1819 5796 et
