3742 6082
72 171 124 226 975
470 163 623 222 uddonis
643 163 687 218 DE
708 160 736 218 S.
755 156 905 217 vicione
924 154 999 215 OPP.
1019 157 1108 214 PARS
1128 158 1173 213 lll.
1196 189 1229 199 -
1244 159 1403 216 distica.
1731 160 1782 215 9111

73 290 302 365 impassibilem,
328 288 425 361 ligasti
448 286 693 361 insuperabilem,
718 283 831 341 traxisti
854 283 899 339 in·
919 282 1090 341 Acharitas
1104 298 1227 338 omnem
1247 281 1354 338 animia
1375 281 1553 352 languorem
1576 286 1673 349 sanat,
1690 281 1785 338 chari·

73 366 331 451 commutibilem,
353 383 497 436 aternum
520 377 615 434 fecisti
638 376 805 433 mortalem.
834 377 901 430 Hac
956 376 1001 430 tas
1024 372 1165 429 vitiorum
1189 372 1325 429 omnium
1345 372 1461 428 radices
1482 371 1634 445 exstirpat,
1655 372 1786 430 charitas

74 471 177 528 omnia
190 469 293 538 iecisti,
309 473 343 526 ut
365 469 441 525 dura
466 467 558 524 corda
580 471 682 523 nostra
696 464 857 536 emollires,
873 467 902 520 et
956 461 1093 519 omnium
1114 460 1255 518 virtutum
1270 460 1354 531 origo
1378 464 1430 517 est.
1456 461 1591 519 Charitas
1605 464 1740 518 mentem
1755 460 1787 516 il-

73 560 261 618 insensihiles
284 559 407 617 affectus
431 573 660 631 compungerm,
677 561 706 613 et
720 560 753 612 ut
767 571 798 612 se
813 571 831 612 a
846 559 903 611 tor·
954 550 1092 621 luminat,
1107 549 1321 607 conscientiam
1340 549 1477 618 mundat,
1492 549 1628 607 animam
1642 549 1785 621 leatificat,

73 666 147 725 pore
171 665 226 706 suo
253 648 443 715 resolverent,
466 652 495 704 et
515 646 630 703 facilius
654 662 689 703 ea
713 646 827 716 sagitte
842 649 901 701 turc
956 642 1051 696 lleum
1063 639 1259 696 demonstrat.
1282 639 1432 707 Animam,
1448 639 1555 712 inqua
1579 639 1709 697 charitas
1732 640 1787 696 ba-

73 742 273 814 penetrarent.
290 741 347 794 ltec
359 737 579 793 incassumhoc
589 737 691 804 iecisti,
701 735 811 803 multis,
821 734 902 791 enim
955 727 1039 795 hitat,
1062 728 1205 802 superbia
1230 744 1292 786 non
1312 727 1406 796 inflat,
1422 727 1532 784 invidia
1552 744 1615 784 non
1638 728 1787 797 devastat,

63 821 146 886 'sica
160 832 189 884 te
203 827 333 900 superati
348 831 426 895 sunt,
442 828 528 884 multi
541 829 606 899 jam
621 827 673 883 tibi
688 842 798 883 manus
814 825 902 881 dede·
956 817 1000 875 ira
1014 833 1076 874 non
1090 818 1226 892 dissipat,
1241 818 1356 875 tristitia
1375 818 1457 876 mala
1471 834 1533 874 non
1548 822 1647 889 vexat,
1663 817 1789 874 avaritia

75 921 153 974 runt.
167 916 243 974 llulti
258 917 366 988 jamin
381 917 442 973 suis
455 916 627 989 praecordiis
642 917 764 986 sagittas
779 920 847 972 tuas
861 915 904 971 in·
956 924 1019 965 non
1046 912 1184 977 excaecat,
1210 907 1280 977 gula
1306 924 1369 964 non
1390 907 1568 976 inflammat,
1592 908 1711 964 1111111118
1725 924 1788 964 1¹⁰ss

75 1006 153 1064 fixas
168 1009 298 1079 portant,
312 1010 341 1062 et
354 1005 442 1062 altius
455 1006 553 1062 adhuc
565 1022 617 1062 eas
628 1004 711 1075 infigi
721 1004 901 1061 desiderant.
958 996 1114 1070 inquinat,
1139 1011 1259 1070 semper
1280 996 1396 1054 munda
1418 1002 1472 1063 est,
1489 1014 1608 1071 semper
1632 1002 1717 1054 casta
1732 1002 1788 1065 est,

76 1094 292 1152 Delectahiliter
310 1095 390 1151 enim
412 1100 441 1152 et
464 1095 594 1152 suaviter
611 1095 757 1152 vulnerati
782 1098 860 1161 sunt,
876 1098 905 1150 et
958 1085 1199 1160 391111111111111911.
1212 1101 1331 1159 semper
1344 1085 1423 1156 laeta,
1434 1102 1554 1160 semper
1564 1086 1701 1160 1111ῡί601,
1713 1102 1790 1143 ⁵0⁰1·

75 1183 183 1258 plagas
199 1187 264 1242 tuas
282 1201 314 1241 se
333 1184 512 1259 percepisse,
528 1201 583 1241 nec
601 1185 714 1252 dolent,
730 1201 785 1241 neo
801 1183 905 1240 erube·
958 1192 1011 1250 per
1023 1176 1165 1248 benigna,
1180 1192 1299 1249 semper
1313 1175 1462 1246 modesta,
1474 1177 1506 1233 in
1519 1176 1653 1234 adversis
1670 1192 1789 1243 secura,

77 1276 174 1331 scunt.
192 1274 213 1330 0
229 1273 376 1330 charitas!
401 1279 514 1346 quanta
529 1279 573 1331 est
586 1274 709 1331 victoria
725 1274 791 1330 tuat
808 1290 903 1330 unum
958 1267 989 1323 in
1021 1265 1173 1339 pro-“peris
1200 1271 1376 1341 temperat&
1404 1267 1553 1325 mundum
1581 1271 1791 1336 contemnens,

76 1362 160 1438 prius
174 1362 346 1433 vulnerasti,
360 1367 389 1420 et
406 1380 460 1437 per
474 1363 559 1420 illum
583 1381 688 1420 omncs
709 1364 904 1437 postmodum
959 1358 1053 1413 Deum
1077 1355 1215 1427 diligens,
1240 1356 1379 1413 omnium
1405 1356 1487 1414 bona
1513 1357 1646 1413 amando
1672 1372 1729 1414 sua
1752 1356 1794 1414 fa·

78 1452 234 1526 superasti.
251 1454 273 1510 0
288 1453 436 1510 charitas!
462 1453 583 1510 laudavi
599 1458 625 1509 11
642 1457 790 1527 quantum
809 1454 904 1526 potui,
960 1445 1117 1515 ciens,sua
1126 1445 1268 1502 omnibus
1278 1445 1404 1502 libenter
1415 1445 1598 1520 impertiens,
1608 1462 1669 1502 non
1683 1446 1792 1503 timens

78 1548 107 1600 et
121 1543 249 1600 multum
265 1543 362 1616 cogito
384 1560 503 1600 mecum
519 1545 543 1600 si
558 1542 630 1616 quid
646 1543 745 1599 adhuc
760 1543 807 1613 sit,
822 1542 906 1615 quod
960 1533 1106 1607 inopiam,
1122 1549 1183 1590 uon
1198 1551 1382 1608 magnopere
1395 1539 1537 1608 expetens
1558 1535 1790 1591 abundantiam.

78 1630 110 1688 in
121 1630 242 1688 laudem
256 1632 298 1688 tui
312 1631 503 1689 excellentius
518 1632 612 1704 possit
625 1631 692 1686 dici.
709 1631 810 1688 Nescio
825 1630 906 1688 enim
925 1643 946 1696 Β
962 1626 993 1679 1ss
1004 1638 1065 1696 (1¹10
1081 1622 1210 1679 0111111133
1223 1623 1272 1679 Dei
1288 1627 1343 1691 esi,
1358 1639 1477 1697 Semper
1492 1623 1602 1694 ῡῡὸῑῒᾶἴ
1612 1622 1739 1696 quando
1754 1622 1792 1679 ad

79 1719 319 1791 aniortemajus
335 1720 413 1776 sitta
435 1725 528 1777 ileum
543 1721 640 1777 dicere
655 1737 694 1778 an
710 1724 844 1777 Deumte
859 1737 908 1776 su·
961 1716 1056 1769 Deum
1093 1712 1256 1786 perveniat,
1289 1712 1413 1786 (1111111110
1448 1713 1597 1770 mundum
1632 1712 1791 1787 wlisstillah

79 1819 209 1878 parasse.
232 1804 317 1870 Quod
334 1805 357 1860 si
372 1806 471 1877 majus
485 1810 539 1874 est,
555 1806 645 1863 etiam
664 1807 722 1862 hoc
740 1804 865 1863 libenter
880 1809 908 1862 et
960 1801 1084 1875 quando
1106 1801 1250 1858 scandala
1280 1801 1399 1874 evadat,
1414 1802 1538 1876 quando
1562 1819 1666 1860 veram
1684 1819 1792 1877 pacem

80 1893 255 1951 fiducialiter
270 1893 307 1951 de
321 1898 349 1951 te
371 1895 487 1953 dicam:
504 1898 582 1952 Deus
597 1896 731 1953 charitas
746 1902 798 1966 est,
814 1897 909 1969 etqui
961 1890 1101 1948 inveniat.
1117 1892 1240 1964 Semper
1255 1907 1306 1947 cor
1320 1908 1439 1948 sursum
1450 1892 1551 1960 habet,
1567 1897 1596 1949 et
1609 1891 1792 1948 desiderium

80 1989 181 2039 maaet
207 1984 238 2039 rh
263 1983 461 2041 charitatem
476 1986 537 2041 Deo
559 1991 669 2050 manet,
684 1991 712 2042 et
737 1987 815 2042 Deris
830 1986 908 2041 ineo
961 1980 992 2036 in
1025 1995 1156 2053 superna
1189 1980 1348 2036 elevatum.
1380 1980 1409 2037 81
1436 1981 1561 2054 quando
1593 1980 1740 2047 ambulat,
1768 1980 1793 2036 ai

82 2072 112 2141 (l
120 2074 208 2128 John.
224 2072 272 2143 rr).
287 2072 373 2141 nudi,
388 2074 491 2144 homo,
507 2078 584 2131 etue
600 2074 730 2149 amplius
744 2091 852 2147 parum
864 2089 908 2128 re·
962 2069 1086 2143 quando
1102 2069 1193 2139 sedet,
1210 2069 1233 2125 si
1248 2069 1373 2141 quando
1388 2070 1458 2140 agit,
1476 2070 1637 2143 siquando
1652 2069 1792 2144 quiescit,

81 2166 168 2236 putes
183 2161 208 2216 si
223 2162 397 2218 charitatem
418 2163 522 2231 babes,
539 2163 610 2219 audi
625 2164 707 2237 quod
724 2168 800 2220 [teus
815 2162 910 2219 chari·
963 2157 1112 2233 quidquid
1135 2159 1236 2229 egerit,
1253 2174 1305 2215 cor
1330 2175 1348 2215 a
1372 2162 1431 2215 lieo
1454 2175 1517 2215 non
1538 2159 1657 2216 recedit.
1679 2162 1793 2215 Tacens

81 2255 128 2306 tas
140 2255 193 2307 est.
207 2251 347 2323 Nunquid
362 2267 471 2324 parum
484 2257 529 2308 est
539 2255 632 2308 Deum
646 2252 677 2309 in
692 2269 723 2308 se
735 2255 909 2309 manentem
964 2249 1057 2303 Deum
1073 2247 1192 2317 cogitat,
1208 2246 1335 2320 loquens
1358 2247 1399 2303 nil
1425 2252 1531 2321 prater
1544 2251 1648 2314 ileum,
1662 2252 1692 2303 et
1709 2246 1793 2321 quod

81 2337 217 2394 habere?
234 2343 351 2395 tantum
375 2343 420 2394 111
444 2340 618 2397 charitatem
644 2340 807 2413 possidere,
831 2344 908 2397 Deus
964 2337 1003 2394 ad
1018 2336 1068 2393 [lei
1083 2352 1218 2393 amorem
1231 2335 1368 2410 pertinet,
1380 2335 1464 2410 loqui
1485 2336 1644 2393 desiderat.
1660 2337 1742 2393 Alios
1755 2336 1795 2393 ad

83 2424 164 2479 enim
179 2425 308 2481 charitas
327 2432 382 2482 est.
405 2429 464 2482 lloc
487 2427 677 2501 privilegium
701 2428 765 2486 sola
779 2429 908 2485 charitas
964 2424 1138 2482 charitatem
1160 2425 1358 2491 exhortando,
1374 2425 1506 2498 seipsum
1528 2425 1708 2493 inflammat,
1724 2426 1796 2481 cha-

83 2511 174 2568 habet
186 2516 217 2569 ut
234 2515 310 2569 Deus
324 2514 441 2570 dicatur
452 2520 480 2572 et
495 2516 541 2586 sit,
557 2516 598 2573 ita
612 2521 644 2573 ut
666 2517 739 2574 nulli
754 2517 837 2573 alteri
852 2518 910 2573 hoc
963 2515 1080 2572 ritatem
1095 2514 1238 2570 omnibus
1251 2515 1462 2571 commendat:
1485 2532 1578 2588 quarn
1594 2515 1690 2572 dulcis
1707 2532 1796 2571 amor

84 2601 242 2656 convenire
258 2602 360 2673 possit.
376 2606 440 2660 Non
454 2604 535 2661 enim
549 2605 673 2662 dicitur:
697 2609 774 2662 lleus
789 2605 909 2662 humili·
965 2603 1026 2673 liei,
1048 2619 1141 2677 quam
1168 2619 1291 2659 amarus
1319 2608 1347 2660 et
1372 2603 1464 2677 quam
1486 2605 1624 2677 impurus
1647 2604 1684 2659 sit
1708 2620 1796 2660 amor

83 2692 130 2746 tas
155 2692 209 2759 est,
235 2694 304 2746 aut:
333 2695 410 2748 Deus
434 2693 576 2765 patientia
601 2699 654 2759 est,
682 2694 757 2752 sicut
783 2695 908 2752 dicitur:
964 2690 1055 2760 huius
1070 2690 1170 2746 saeculi
1193 2707 1255 2747 non
1275 2690 1373 2749 solum
1395 2709 1478 2761 voce,
1496 2692 1548 2749 sed
1563 2707 1652 2766 opere
1669 2708 1796 2766 quoque

83 2780 161 2833 lleus
176 2778 306 2834 charitas
320 2782 373 2847 est,
387 2781 459 2854 quia
474 2798 544 2839 cum
567 2783 771 2840 omnisvirtus
790 2784 841 2841 llei
855 2784 910 2841 do·
965 2779 1107 2836 omnibus
1132 2779 1327 2838 demonstrat.
1355 2783 1472 2839 Deridet
1490 2781 1582 2854 hujus
1603 2781 1710 2838 mundi
1733 2782 1797 2852 glo·

83 2879 159 2921 num
180 2865 226 2929 sit,
241 2866 325 2923 nulla
349 2872 457 2941 prater
477 2869 572 2926 solam
588 2871 762 2928 charitatem
783 2873 841 2928 hoc
860 2873 912 2929 ha·
964 2867 1051 2936 riam,
1089 2867 1318 2926 sollicitudinem
1354 2870 1461 2942 arguit,
1488 2876 1517 2927 11
1550 2886 1644 2944 quam
1670 2870 1795 2927 stultum

82 2953 142 3022 bet,
156 2959 264 3012 utnon
277 2955 374 3012 solnm
389 2958 505 3015 donum
521 2959 580 3027 llei,
596 2960 649 3016 sed
670 2961 757 3016 etiam
775 2961 910 3018 111111111-
931 2956 1044 3050 0111111
1056 2957 1092 3014 111
1104 2974 1173 3032 qum
1187 2963 1343 3015 transeunt
1356 2959 1499 3017 fiduciam
1513 2960 1635 3026 hahere,
1651 2960 1794 3017 ostendit.

84 3043 111 3100 ci
133 3045 239 3118 possit.
263 3046 397 3104 Charitas
420 3052 522 3106 autem
547 3049 614 3106 ideo
636 3050 751 3107 donum
779 3052 829 3108 Dei
855 3056 910 3123 est,
966 3047 1083 3105 ldiratur
1108 3048 1270 3105 caecitatem
1292 3048 1461 3118 hominum,
1487 3049 1540 3123 qui
1562 3048 1627 3104 brac
1655 3048 1795 3120 diligunt,

84 3131 156 3204 quia
184 3132 308 3205 Spiritus
332 3142 454 3192 sanctus
492 3152 510 3193 a
545 3141 604 3194 lieo
641 3138 731 3194 datur
761 3138 910 3210 fidelibus,
965 3137 1091 3195 miratur
1103 3138 1259 3212 quomodo
1277 3137 1459 3210 jamdudum
1480 3137 1621 3194 universa
1637 3139 1702 3194 brec
1717 3142 1796 3194 trau-

83 3219 151 3277 idao
176 3227 275 3279 autem
299 3227 375 3281 lieus
400 3229 455 3293 est,
479 3226 551 3299 quia
574 3226 655 3283 idem
681 3228 804 3301 Spiritus
827 3228 911 3296 illi,a
966 3226 1068 3284 sitoria
1082 3232 1110 3284 ct
1124 3227 1240 3284 caduca
1261 3243 1368 3284 omncs
1388 3242 1450 3284 non
1472 3232 1676 3284 contemnunt.
1694 3228 1797 3285 Omni·

84 3326 146 3384 quo
160 3311 249 3369 datur
262 3313 524 3370 consubstantialis
551 3321 595 3372 est
615 3316 644 3372 in
668 3317 774 3374 eadem
789 3317 909 3386 Deitate,
965 3315 1023 3371 bus
1038 3315 1187 3372 existimat
1200 3315 1287 3372 dulce
1301 3332 1366 3372 esse
1380 3315 1464 3390 quod
1479 3316 1535 3372 sibi
1550 3316 1637 3389 sapit,
1650 3315 1796 3373 omnibus

84 3405 113 3458 11
127 3406 301 3459 coaternus.
318 3403 442 3476 Reliqua
463 3401 552 3476 igitur
573 3406 736 3475 gratiarum
761 3407 843 3464 dona
856 3408 912 3465 lar·
964 3404 1082 3479 placere
1109 3404 1192 3476 quod
1219 3403 1322 3476 diligit,
1339 3404 1480 3462 omnibus
1502 3403 1696 3461 manifestum
1710 3403 1797 3478 quod

85 3491 162 3560 gitur
176 3494 185 3548 i
202 3508 255 3548 eus
269 3491 359 3548 etiam
379 3492 425 3558 iis,
439 3510 517 3566 quos
531 3483 682 3568 reprobat,
698 3495 794 3553 solam
811 3501 911 3553 autem
965 3493 1129 3567 cognoscit.
1147 3493 1211 3550 lstis
1233 3493 1350 3550 indiciis
1374 3495 1503 3552 charitas
1518 3512 1549 3551 se
1564 3493 1672 3569 prodit,
1689 3499 1719 3550 et
1730 3510 1796 3567 eos,

84 3581 259 3638 charitatem
273 3583 362 3656 quasi
378 3583 509 3657 seipsum
532 3585 566 3641 iis
585 3590 711 3655 tantum,
725 3602 803 3660 quos
817 3586 912 3658 diligit
965 3585 995 3643 in
1010 3584 1121 3660 quibus
1132 3583 1256 3652 habitat,
1271 3600 1333 3640 non
1355 3585 1454 3641 solum
1468 3583 1646 3640 intrinsecus
1661 3581 1797 3638 volunta·

83 3670 114 3727 in
128 3672 287 3745 praemium
310 3679 416 3730 servat.
434 3675 567 3733 Charitas
585 3675 675 3746 igitur
696 3680 742 3733 est
763 3677 831 3734 fons
844 3693 912 3751 pro
965 3679 1004 3744 te,
1026 3675 1079 3731 sed
1105 3679 1133 3730 et
1156 3673 1227 3730 ioris
1246 3673 1473 3729 conversatione
1491 3671 1642 3728 discernit.
1658 3674 1719 3727 lloc
1730 3671 1796 3741 jam

83 3760 176 3835 prius,
188 3761 226 3816 de
241 3778 302 3834 quo
314 3779 375 3819 non
391 3764 594 3822 communicat
603 3765 728 3834 alienus,
740 3767 821 3840 quia,
836 3765 912 3822 sicut
965 3769 1082 3822 tantum
1107 3765 1145 3821 dc
1167 3763 1310 3820 charitate
1336 3762 1449 3819 dictum
1471 3766 1524 3829 est,
1541 3766 1682 3818 ettamen
1696 3760 1796 3816 adhuc

84 3847 267 3919 dictumest,
290 3851 405 3925 reliqua
427 3854 509 3911 dona
530 3854 693 3926 gratiarum
708 3855 728 3911 ii
743 3855 842 3924 etiam,
858 3854 911 3929 qui
965 3853 1002 3910 de
1018 3855 1161 3911 charitate
1182 3853 1239 3909 dici
1263 3856 1371 3926 potest,
1390 3857 1418 3908 et
1432 3856 1548 3908 tantum
1563 3848 1727 3906 dicendum
1741 3851 1795 3916 est,

84 3952 139 4010 per
153 3938 246 3992 vitam
268 3941 429 4011 reprobam
453 3958 472 3998 a
495 3946 555 3998 ilco
576 3943 664 4000 alieni
677 3950 756 4008 sunt.
769 3960 911 4001 nonnun·
965 3949 1113 4019 quantum
1128 3943 1187 4000 dici
1200 3959 1261 3999 non
1275 3945 1381 4016 potest.
1394 3941 1471 4008 Quid
1486 3941 1585 4011 igitur,
1599 3939 1711 3996 obona
1724 3937 1797 3994 cha-

86 4040 178 4096 quam
190 4025 367 4098 percipiunt.
378 4029 557 4085 charitatem
572 4036 673 4088 autem
688 4031 788 4087 malus
801 4033 912 4090 habere
965 4033 1077 4101 ritas,o
1092 4034 1183 4089 chara
1200 4033 1340 4100 charitas,
1357 4031 1431 4106 quid
1446 4031 1573 4102 dignum
1585 4029 1684 4085 dicam
1699 4027 1797 4083 laudi·

85 4130 147 4170 non
168 4118 274 4188 potest,
296 4115 348 4172 sed
368 4116 540 4191 quicunque
558 4119 641 4176 illam
660 4120 759 4187 habet,
774 4137 835 4178 non
847 4123 913 4192 jam
967 4124 1025 4179 hus
1040 4121 1122 4178 tuis?
1133 4125 1215 4180 Certe
1228 4128 1297 4196 post
1310 4127 1392 4179 tanta
1406 4120 1542 4195 priorum
1556 4116 1705 4194 praeconia
1721 4116 1797 4172 nihil

85 4205 200 4262 alicnus
215 4210 259 4263 est
281 4223 299 4263 a
321 4210 390 4278 lieo,
406 4207 458 4265 sed
481 4208 547 4282 ipse
562 4209 592 4266 in
611 4213 680 4281 lieo,
696 4214 725 4266 et
740 4213 817 4266 ocus
830 4210 861 4267 in
876 4227 912 4267 eo
967 4211 1005 4267 de
1019 4216 1046 4268 11
1061 4209 1158 4267 dicere
1173 4227 1241 4267 mea
1255 4211 1384 4285 parvitas
1397 4213 1602 4283 presumeret.
1618 4207 1643 4264 si
1658 4221 1797 4278 unquam

86 4301 197 4353 manet.
223 4297 269 4355 Sic
292 4297 448 4356 familiaris
472 4305 517 4356 est
542 4303 610 4370 lieo,
633 4300 772 4367 charitas,
796 4303 829 4356 ut
848 4300 912 4372 ipse
932 4299 1116 4398 1>detedici
1135 4298 1207 4355 satis
1228 4299 1383 4372 potuisset.
1408 4299 1529 4356 illabere
1551 4298 1641 4368 igitur
1664 4295 1797 4362 nobis,o

85 4386 275 4443 mansionem
290 4388 401 4444 habere
416 4389 498 4456 nolit,
515 4389 566 4446 ubi
588 4390 792 4447 charitasnon
815 4388 912 4445 luerit.
968 4388 1064 4445 dulcis
1096 4392 1124 4445 et
1156 4390 1256 4444 suavis
1285 4389 1425 4458 charitas,
1453 4389 1545 4447 dilata
1573 4403 1624 4444 cor
1648 4390 1797 4453 nostrum,

85 4474 912 4549 811111111111,(1111911111,111111111111111111111,
968 4476 1105 4552 expande
1120 4476 1311 4541 desiderium,
1333 4478 1468 4535 distende
1492 4477 1601 4535 mentis
1625 4479 1736 4532 nostrae
1760 4473 1799 4529 si-

87 4567 114 4618 et
129 4562 223 4617 Pater
236 4577 317 4618 meris
332 4564 437 4634 diliget
448 4582 514 4622 eum
530 4573 557 4623 et
576 4569 616 4623 ad
637 4584 703 4624 enm
727 4569 869 4633 venimus,
886 4573 913 4624 et
966 4584 1051 4633 num,
1068 4566 1220 4640 amplifica
1240 4567 1339 4624 cordis
1360 4567 1455 4624 nostri
1474 4566 1691 4631 babitaculum,
1706 4568 1738 4621 ut
1753 4579 1800 4619 ca·

87 4652 269 4708 prensionem
282 4653 366 4722 apud
377 4669 443 4710 cum
455 4655 601 4725 faciemus
611 4657 710 4729 (doen.
721 4657 789 4730 rur).
803 4659 831 4715 Si
841 4673 913 4728 ergo
966 4672 1037 4732 pero
1051 4657 1145 4729 possit
1159 4656 1308 4730 hospitem
1318 4661 1347 4714 et
1359 4673 1533 4714 mansorem
1544 4659 1648 4712 Deum.
1659 4653 1799 4710 infundat

87 4740 216 4797 charitas
227 4746 326 4799 tecum
339 4748 393 4811 est,
402 4745 483 4802 venit
492 4748 569 4803 Deus
582 4748 622 4805 ad
632 4753 670 4820 te,
682 4752 711 4805 et
719 4752 822 4806 manet
831 4749 913 4822 apud
967 4752 996 4807 et
1008 4747 1158 4805 diffundat
1180 4751 1207 4804 11
1228 4748 1259 4804 in
1283 4747 1423 4804 cordibus
1446 4746 1557 4803 nostris
1577 4762 1632 4820 per
1654 4744 1798 4819 Spiritum

88 4832 133 4898 te;
160 4830 235 4887 situ
260 4832 373 4890 recedis
400 4850 418 4891 a
446 4836 598 4905 charitate,
622 4837 733 4895 recedit
750 4842 779 4894 et
806 4838 869 4911 ipsc
897 4854 915 4896 a
970 4842 1107 4895 sanctum
1124 4854 1212 4894 suurn
1229 4836 1408 4911 Redemptor
1419 4841 1521 4893 noster
1532 4836 1639 4891 unicus
1651 4839 1680 4890 et
1695 4833 1798 4892 Salva-

89 4922 128 4989 te,
143 4921 172 4975 et
194 4935 256 4975 non
274 4928 431 4993 permanet
443 4925 524 4998 apud
549 4931 586 4983 11.
612 4926 639 4983 81
653 4927 827 4983 charitatem
841 4942 916 4983 nun·
969 4933 1015 4984 tor
1028 4931 1111 4984 lesus
1125 4927 1257 4985 Christus
1272 4926 1361 4983 Filius
1375 4926 1435 4996 llei,
1449 4932 1482 4983 ut
1495 4927 1559 4998 ipse
1574 4941 1644 4981 cum
1661 4925 1745 4980 Patre
1760 4922 1798 4979 ad

89 5024 183 5082 quam
202 5009 343 5081 habuisti,
359 5028 517 5087 nunquam
539 5016 620 5073 venit
645 5019 721 5073 Deus
746 5017 785 5074 ad
807 5021 844 5087 te,
860 5032 916 5072 nec
969 5034 1025 5075 nos
1039 5017 1140 5074 venire
1153 5016 1301 5087 digeritur,
1308 5020 1337 5073 et
1349 5016 1539 5073 mansionem
1549 5014 1580 5070 in
1588 5013 1678 5070 nobis
1690 5012 1797 5069 iacere.

89 5099 200 5157 mansit
221 5100 304 5172 apud
319 5106 355 5158 11.
373 5103 401 5160 81
416 5105 589 5163 charitatem
604 5112 734 5180 coeptam
748 5105 914 5175 deseruisti,
971 5109 1109 5175 Quicum
1122 5107 1228 5164 eodem
1244 5109 1337 5174 Patre,
1353 5110 1382 5162 et
1397 5106 1506 5180 Spiritu
1520 5107 1624 5161 sancto
1635 5101 1706 5159 vivit
1719 5106 1747 5159 et
1758 5117 1799 5157 re·

89 5190 210 5247 recessit
232 5193 309 5248 licus
335 5196 411 5250 ate.
439 5195 468 5252 Si
495 5195 526 5251 in
558 5197 700 5254 charitate
729 5199 827 5269 crepta
851 5211 917 5270 per·
971 5202 1043 5270 gnat
1057 5200 1145 5266 Deus,
1159 5212 1213 5271 per
1225 5195 1328 5252 omnia
1343 5194 1782 5252 srecrdasaeculorum.1tmeu.

90 5280 235 5350 mansisti,
258 5284 335 5338 Deus
356 5286 455 5339 tecum
469 5288 525 5358 est,
550 5291 578 5343 et
596 5290 753 5359 permanet
771 5285 853 5359 apud
876 5278 928 5340 te.=

842 5521 1052 5533 *-
