3742 6082
75 224 134 284 317
587 221 641 279 nn
658 221 945 282 ssoasunusrs.
966 179 1227 285 smannens
1243 225 1297 285 nr.
1730 233 1787 293 ars

78 349 136 421 qui
162 349 258 420 portae
280 346 448 418 inscriptus
473 350 586 418 estper
611 363 704 420 quam
733 352 904 420 transeunt,
920 353 947 408 A
961 352 1111 424 piscentia
1132 357 1163 408 et
1176 354 1276 408 carnis
1290 351 1419 408 libidine
1432 354 1565 409 exerceri
1579 369 1641 410 non
1670 359 1782 428 potuit.

79 439 252 508 agnoscunt
269 434 351 489 unde
373 435 502 490 veniunt
513 439 543 491 et
562 451 623 507 quo
637 437 765 493 vadunt.
780 438 909 511 Propter
963 440 1032 514 Ipse
1047 443 1128 498 enim
1142 442 1267 498 sibihoc
1277 441 1420 498 illicitum
1435 442 1516 511 iecit,
1527 457 1566 498 ex
1577 457 1680 514 quose
1694 445 1786 501 talem

79 527 138 582 boc
151 540 223 596 ergo
237 527 346 580 caetera
360 525 497 580 membra
513 526 730 598 corporisquaa
745 527 906 599 imperium
962 530 1033 585 tecit
1047 532 1101 602 qui
1112 530 1189 586 illud
1198 529 1279 586 licite
1289 529 1415 601 implere
1428 546 1490 587 non
1503 532 1609 603 possit.
1634 532 1693 588 Sed
1714 534 1788 606 quia

79 615 209 670 rationis
220 616 394 684 sequuntur
410 614 476 668 sine
500 613 590 686 culpa
612 615 731 686 operari
752 619 882 687 possunt
898 631 906 684 ;
962 619 1063 673 carnis
1073 619 1215 674 humanae
1225 619 1390 674 infirmitas
1404 620 1526 691 turpius
1541 619 1579 675 ad
1587 634 1708 677 omnem
1721 637 1788 678 con·

79 705 138 760 hoc
149 718 222 759 vcro
235 702 409 758 membrum
425 703 457 757 iu
473 718 534 773 quo
561 705 809 776 concupiscentia
836 720 910 776 qrrae·
963 707 1181 777 cupiscentiam
1196 707 1333 762 efflueret
1346 707 1371 762 si
1383 722 1444 762 non
1458 707 1490 760 in
1505 711 1591 779 parte
1602 709 1707 781 aliqua
1720 709 1785 766 lici·

79 794 169 865 cipue
178 796 296 864 regnat,
313 792 386 863 quia
399 795 509 847 nutum
524 792 694 849 voluntatis
717 809 779 850 non
808 795 907 866 sequi·
963 798 993 849 te
1007 794 1218 866 exciperetur3
1243 808 1419 850 concessum
1439 798 1484 850 ast
1508 800 1614 867 postca
1634 797 1673 852 ad
1692 813 1786 854 reme·

79 885 132 937 tur
147 897 155 949 ;
169 883 237 936 siue
251 879 342 952 culpa
353 895 415 935 nou
441 884 594 952 operatur.
613 881 649 936 In
677 885 800 938 tantum
826 884 907 939 enim
963 883 1059 952 dium,
1075 883 1157 955 quod
1171 883 1257 954 prius
1270 883 1309 938 ad
1321 883 1453 938 officium
1468 883 1567 939 solum
1589 885 1689 941 iuerat
1702 887 1788 943 insti·

79 971 137 1027 hoc
150 969 324 1026 membrum
340 969 474 1040 corporis
488 969 652 1041 imperium
666 971 777 1027 animas
791 986 853 1027 non
867 987 908 1028 se·
962 975 1074 1028 tutum.
1091 972 1132 1028 Ut
1145 971 1219 1026 dum
1234 986 1287 1043 per
1299 970 1522 1042 indulgentiam
1536 988 1592 1045 pro
1607 974 1716 1045 majori
1726 990 1787 1030 ma·

79 1061 186 1133 quitur
201 1062 235 1114 ut
250 1059 330 1114 sicut
349 1056 515 1128 aliquando
542 1073 604 1113 non
628 1063 769 1115 movetur
783 1060 907 1132 quando
960 1061 990 1118 lo
1000 1061 1143 1117 evitando
1163 1061 1275 1132 agitur,
1296 1061 1398 1133 ipsum
1419 1061 1500 1132 quod
1520 1062 1601 1118 inest
1619 1063 1646 1119 ei
1669 1065 1785 1120 malum

78 1149 156 1217 vult,
170 1147 409 1219 sicsaepeetiam
423 1146 548 1217 quando
570 1162 632 1202 non
645 1147 712 1204 vult
735 1152 904 1204 moveatur.
960 1151 1160 1220 infirmitatis,
1174 1165 1229 1222 per
1253 1149 1433 1222 pudicitiam
1460 1150 1784 1223 conjugalemcxcuse·

78 1237 199 1294 Exinde
213 1251 285 1307 ergo
297 1234 418 1292 carnale
434 1236 648 1291 commercium
670 1236 709 1292 ab
722 1237 845 1294 homine
857 1253 907 1294 ex·
962 1243 1021 1294 tur.
1036 1240 1075 1295 Et
1089 1239 1125 1294 de
1140 1238 1369 1311 primoquidem
1379 1238 1787 1310 institutioneconjugiihaec

79 1328 172 1386 arceri
185 1341 250 1384 non
262 1324 369 1382 debuit
376 1341 385 1395 ;
401 1340 439 1381 ex
454 1341 516 1396 quo
530 1324 607 1381 illud
621 1326 687 1382 sine
702 1327 784 1400 turpi
799 1342 906 1384 concu-
961 1328 994 1384 in
1008 1329 1151 1402 praesenti
1164 1328 1230 1384 loco
1245 1327 1327 1385 dicta
1339 1327 1474 1384 sufficere
1487 1332 1627 1400 possunt.

710 1788 889 1904 PARS
929 1789 1143 1906 NONA.

563 2030 617 2086 Du
635 2029 917 2090 INSTITUrtoNu
938 2031 1302 2089 SACRAMENTORUM.

85 2209 154 2266 Cas.
171 2224 311 2265 rmuuu.
335 2211 481 2269 Qctuor
507 2223 574 2264 esse
600 2210 842 2265 consideranda
870 2212 907 2265 in
921 2211 947 2269 B
961 2225 996 2266 ac
1011 2209 1145 2282 perfecta
1160 2210 1347 2282 agnoscitur,
1359 2211 1394 2264 ut
1408 2209 1492 2266 omni
1508 2215 1700 2267 sacramento
1715 2212 1786 2268 soll·

225 2299 438 2353 institutione
468 2302 764 2353 sacramentorum.
965 2313 1024 2371 que
1038 2300 1200 2355 convenire
1211 2299 1397 2355 inveniatur.
1410 2298 1506 2353 Omne
1520 2299 1601 2354 enim
1616 2299 1700 2371 quod
1723 2300 1789 2357 haec

117 2388 264 2444 Tractare
273 2385 910 2458 volentibusdesacramentis,quatuorpri·
964 2387 1024 2442 tria
1033 2386 1364 2457 habet,sacramentum
1376 2390 1433 2456 est,
1446 2391 1476 2442 et
1488 2401 1578 2442 omne
1588 2387 1671 2458 quod
1680 2387 1729 2445 his
1739 2389 1790 2444 tri·

86 2492 168 2533 mum
184 2473 407 2532 consideranda
426 2477 509 2530 sunt.
527 2474 666 2529 Primum
681 2473 822 2529 videlicet
836 2474 910 2545 quid
963 2476 1023 2532 bus
1036 2480 1129 2546 caret,
1145 2481 1370 2533 sacramentum
1386 2476 1507 2549 proprie
1526 2475 1586 2531 dici
1600 2491 1663 2532 non
1677 2479 1787 2549 potest.

87 2563 617 2634 sacramentum.Secundum‚quarc
630 2563 776 2618 instituta
790 2563 853 2618 sint
868 2577 912 2617 sa·
964 2564 1062 2621 Debet
1089 2566 1170 2621 enim
1195 2580 1285 2621 omne
1309 2568 1534 2620 sacramentum
1557 2564 1790 2622 similitudinem

85 2651 912 2723 crameuta.Tertium‚quaesituniuscujusquemateria
966 2653 1132 2725 quamdam
1147 2654 1258 2710 habere
1275 2653 1313 2708 ad
1327 2655 1427 2725 ipsam
1442 2669 1507 2708 rem
1521 2654 1609 2725 cujus
1630 2658 1676 2710 est
1690 2670 1790 2710 sacra·

85 2743 306 2800 sacramentiin
315 2758 376 2815 qua
384 2741 543 2797 conficitur
553 2744 583 2796 et
593 2741 810 2796 sanctificatur.
818 2740 914 2806 Quar·
965 2746 1114 2811 mentum,
1128 2743 1296 2799 secundum
1318 2756 1412 2813 quam
1427 2740 1529 2796 habile
1544 2741 1584 2796 sit
1599 2741 1638 2796 ad
1652 2742 1790 2798 eamdem

85 2837 160 2902 tum,
174 2835 251 2906 quot
268 2831 330 2887 sint
357 2845 469 2902 genera
497 2833 768 2885 sacramentorum.
785 2830 851 2885 Hoc
866 2833 912 2885 est
965 2829 1790 2903 remsuamrepraesentandamiustitutionemquoque

84 2921 238 2990 diffinitio,
254 2934 357 2988 causa,
371 2919 501 2974 materia
514 2917 635 2973 divisio.
652 2917 725 2973 Haec
739 2918 822 2973 enim
836 2934 911 2989 qua·
964 2934 1018 2991 per
1033 2935 1126 2991 quam
1140 2919 1316 2975 ordinatum
1333 2919 1373 2974 sit
1391 2917 1428 2973 ad
1444 2917 1529 2973 illam
1543 2918 1787 2989 significandam.

85 3013 151 3067 tuor
173 3010 201 3065 si
222 3007 362 3079 diligenti
387 3007 598 3079 prosecutione
621 3005 761 3061 discussa
784 3006 910 3071 fuerint,
964 3007 1121 3064 Postremo
1134 3007 1406 3064 sanctificationem
1418 3021 1472 3079 per
1485 3022 1579 3078 quam
1592 3007 1677 3063 illam
1692 3008 1788 3064 conti·

84 3099 320 3170 intelligentiam
329 3097 603 3168 lacerepotuerunt
616 3094 653 3149 de
662 3093 789 3165 hisquae
801 3109 910 3166 propo·
964 3099 1045 3164 neat,
1062 3099 1091 3151 at
1103 3095 1208 3152 efficax
1221 3096 1262 3151 sit
1276 3094 1315 3151 ad
1329 3095 1465 3151 eamdem
1482 3095 1710 3153 sanctificandis
1723 3112 1791 3153 con·

85 3189 141 3244 sita
156 3190 243 3244 sunt.
256 3186 394 3242 Primum
410 3198 480 3255 argo
495 3183 594 3255 primo
606 3182 801 3238 tractandum
815 3183 910 3239 susci·
963 3184 1464 3241 terendam.Hocautemintcresse
1474 3183 1791 3258 videtur,quodomne

84 3278 198 3349 pimus.
965 3275 1190 3329 sacramentum
1216 3271 1450 3328 similitudinem
1477 3272 1602 3345 quidem
1630 3273 1724 3329 habet
1752 3288 1790 3329 ex

220 3361 296 3419 Cas.
310 3361 348 3417 11.
365 3362 449 3422 Quid
464 3361 510 3414 sit
523 3363 782 3422 sacramentum.
910 3408 913 3412 .
963 3360 1064 3433 prima
1087 3359 1506 3430 eruditionc,instltutionam
1527 3376 1566 3416 ex
1591 3360 1790 3433 superaddita

114 3451 199 3518 Quid
215 3452 258 3507 sit
271 3452 508 3517 sacramentum,
520 3447 658 3503 doctores
678 3447 765 3502 brevi
779 3446 910 3519 descrip·
964 3447 1475 3521 dispensatioue,sanctificationem
1489 3463 1527 3504 ex
1541 3450 1682 3521 apposita
1691 3450 1789 3519 verbi,

85 3542 167 3598 tione
178 3539 425 3610 designaverant:
442 3536 689 3593 «Sacramentum
702 3538 749 3591 ast
761 3549 853 3591 sacrae
867 3534 911 3592 rei
929 3550 953 3608 (χ
966 3537 1015 3592 vel
1025 3537 1106 3608 signi
1115 3535 1334 3592 benedictione.
1348 3536 1389 3592 Ut
1399 3550 1469 3606 ergo
1481 3537 1514 3590 in
1523 3550 1585 3592 uno
1598 3540 1790 3594 sacramento

87 3632 218 3702 signum.
234 3649 245 3677 ι
272 3624 536 3704 Quemadmodum
558 3623 640 3679 enim
654 3623 688 3679 in
702 3623 835 3679 hominae
850 3624 910 3679 duo
965 3639 1001 3680 ea
1015 3624 1133 3696 quaeda
1148 3624 1291 3680 omnibus
1306 3623 1388 3679 dicta
1403 3626 1475 3678 sunt
1496 3623 1556 3678 tria
1579 3623 1644 3680 ltaec
1657 3624 1791 3696 qualiter

88 3723 167 3789 sunt,
179 3731 293 3790 corpus
308 3719 339 3772 et
353 3715 500 3783 anima,et
514 3714 546 3768 in
556 3728 620 3768 una
633 3711 790 3785 Scriptura
800 3710 861 3768 duo
871 3711 910 3768 si·
965 3714 1028 3768 sint
1037 3726 1250 3782 agnoscamus,
1258 3725 1372 3782 aquam
1382 3710 1578 3782 baptismatis
1588 3726 1644 3783 pro
1651 3711 1790 3785 exemplo

87 3806 316 3876 militer,littera
325 3807 355 3859 et
365 3802 530 3871 sensus,sic
540 3805 570 3857 et
581 3801 614 3856 in
626 3801 709 3857 omni
721 3803 911 3855 sacramento
965 3799 1213 3856 assumimuslbi
1224 3798 1305 3854 enim
1316 3801 1362 3854 est
1376 3812 1465 3871 aquae
1473 3798 1595 3854 visibile
1605 3798 1789 3857 elementum

88 3896 220 3953 aliudest
230 3894 314 3967 quod
325 3891 487 3949 visibiliter
494 3889 909 3958 toristractaturetcernitur,
965 3887 1047 3961 quod
1062 3891 1107 3943 est
1123 3891 1359 3967 sacramentum,
1375 3888 1406 3942 ct
1426 3886 1629 3943 inveniuntur
1651 3888 1716 3945 lraec
1730 3890 1791 3946 tria

88 3985 170 4042 aliud
184 3988 234 4041 eat
246 3983 329 4056 quod
341 3980 539 4037 invisibiliter
549 3979 634 4034 intus
650 3977 783 4033 creditur
795 3981 825 4033 st
838 3991 913 4048 praa·

88 4077 207 4149 cipitur.
218 4071 309 4139 Quod
319 4071 395 4127 ioris
405 4073 451 4126 cst
462 4068 583 4125 visibile
593 4071 623 4123 et
635 4064 802 4134 materiale,
817 4079 911 4120 sacra-

89 4168 223 4222 mentum
234 4164 292 4228 est;
303 4158 384 4232 quod
391 4159 477 4214 intus
487 4160 533 4212 est
540 4155 695 4211 invisibile
704 4157 733 4209 et
739 4153 909 4226 spirituale,

90 4267 131 4307 res
143 4253 212 4308 sive
225 4251 329 4305 virtus
344 4245 526 4303 sacramenti
540 4247 597 4310 est3
612 4257 731 4314 semper
745 4246 848 4298 tamen
863 4256 910 4297 sa·

90 4342 278 4397 crumentum
292 4335 374 4408 quod
391 4334 465 4390 ioris
478 4335 629 4388 tractatur
643 4335 673 4387 et
685 4330 910 4397 sanctificatum

964 3977 997 4032 in
1010 3991 1081 4032 uno:
1097 3974 1326 4047 repraesentatio
1336 3990 1374 4030 aa
1384 3974 1596 4045 similitudine,
1607 3976 1790 4048 significatio

964 4081 1002 4122 ex
1015 4065 1220 4133 institutione,
1231 4065 1332 4121 virtus
1345 4081 1383 4120 ex
1398 4066 1648 4123 sanctificatione.
1667 4067 1740 4139 Ipsa
1755 4067 1792 4122 si·

964 4153 1106 4210 mititudo
1121 4153 1322 4210 excreatione
1336 4156 1393 4223 est;
1409 4153 1478 4225 ipsa
1500 4154 1657 4210 institutio
1681 4169 1719 4210 ex
1733 4154 1792 4209 dis·

964 4243 1164 4315 pensatione,
1192 4243 1260 4314 ipsa
1275 4241 1476 4297 sanctificatio
1504 4257 1542 4297 ex
1568 4240 1788 4298 benedictione.

965 4330 1069 4387 Prima
1082 4330 1182 4385 indita
1200 4346 1254 4402 per
1274 4329 1448 4385 Creatorem
1459 4344 1469 4397 3
1490 4328 1623 4385 secunda
1646 4329 1792 4401 adjuncta

90 4429 208 4500 sgnum
215 4428 265 4483 est
276 4423 446 4497 spiritualis
460 4421 578 4493 gratiae,
588 4434 656 4492 quae
667 4434 716 4474 res
727 4418 911 4474 sacramenti
965 4433 1019 4491 per
1030 4418 1231 4487 Salvatoram,
1245 4417 1337 4473 tertia
1348 4416 1525 4472 ministrata
1534 4432 1589 4489 per
1601 4416 1790 4488 dispensato·

91 4521 129 4572 cst
140 4520 173 4574 ot
184 4512 386 4572 invisibiliter
397 4510 573 4583 percipitur.
585 4506 654 4577 Sed,
665 4506 740 4578 quia
750 4521 811 4561 non
822 4521 912 4563 omne
966 4522 1039 4562 rem.
1047 4507 1103 4562 Est
1109 4521 1180 4577 ergo
1191 4503 1409 4578 aquavisibilis
1415 4507 1685 4574 sacramentum‚et
1692 4505 1793 4575 gratia

91 4606 208 4677 signnm
223 4602 269 4660 rei
284 4616 377 4658 sacrae
392 4600 618 4656 sacramentum
643 4594 779 4667 ejusdem
804 4610 911 4651 conve·
965 4593 1142 4663 invisibilis,
1158 4609 1206 4649 res
1219 4594 1283 4649 sive
1298 4593 1398 4649 virtus
1412 4591 1607 4647 sacramenti.
1623 4591 1724 4649 Habet
1738 4609 1792 4650 au·

91 4694 205 4752 uenter
220 4691 281 4749 dici
295 4692 395 4764 potest
411 4687 569 4760 (quoniam
587 4689 618 4741 et
630 4683 740 4741 litterae
755 4699 911 4739 sacrorum
966 4686 1027 4739 tem
1042 4682 1142 4738 omnis
1155 4697 1235 4753 aqua
1248 4696 1286 4736 ea
1298 4680 1432 4736 naturali
1447 4679 1597 4752 qualitate
1612 4681 1788 4739 similitudi·

92 4795 234 4839 ausuum
249 4784 280 4836 et
294 4778 399 4835 iormae
412 4775 475 4832 sive
490 4774 616 4847 picturae
632 4787 789 4829 sacrarum
809 4786 912 4827 rerum
967 4786 1036 4826 nem
1050 4768 1217 4842 quamdam
1231 4784 1301 4824 cum
1315 4768 1415 4839 gratia
1427 4767 1562 4839 Spiritus
1576 4768 1690 4838 sancti,
1706 4769 1792 4842 quia,

91 4870 174 4943 signa
188 4871 274 4938 sunt,
287 4881 420 4940 quarum
433 4867 536 4920 tamen
547 4864 740 4918 sacramenta
750 4859 913 4916 rationabi·
925 4894 954 4953 D
968 4858 1047 4913 sicut
1060 4856 1124 4912 hac
1138 4855 1236 4912 abluit
1246 4854 1349 4911 sordes
1357 4869 1530 4927 corporum,
1542 4854 1586 4910 ita
1596 4854 1651 4912 illa
1662 4858 1793 4914 mundat

91 4957 152 5017 iitcr
165 4959 229 5016 dici
250 4972 313 5014 uon
337 4954 478 5028 possunt)
493 4952 606 5009 idcirco
625 4964 720 5023 supra
742 4951 913 5004 memorata
966 4946 1202 5018 inquinamenta
1216 4944 1399 4999 animarum.
1413 4943 1452 4999 Et
1462 4957 1500 4998 ex
1509 4942 1567 4999 hac
1578 4944 1703 5016 quidem
1712 4945 1795 5016 ingo

91 5047 250 5121 descriptio
260 5044 300 5101 ad
311 5041 597 5116 interpretationem
607 5039 672 5096 sive
685 5036 912 5109 expressionem
968 5035 1034 5090 nita
1047 5033 1196 5106 qualitate
1210 5033 1312 5088 omnis
1325 5048 1407 5105 aqua
1423 5032 1591 5105 spiritalem
1606 5033 1738 5103 gratiam
1751 5050 1794 5090 re-

90 5135 279 5206 vcusmagis
289 5147 383 5206 quam
397 5130 436 5188 ad
446 5128 658 5186 diffinitionem
668 5125 826 5182 referenda
835 5123 914 5180 vide
967 5125 1154 5195 praesentare
1181 5120 1302 5190 habuit,
1325 5122 1507 5194 priusquam
1532 5121 1624 5177 etiam
1646 5121 1731 5177 ssiam
1755 5138 1793 5179 ex

91 5227 142 5281 tur,
153 5224 188 5281 Si
200 5223 275 5296 quis
289 5225 393 5278 autem
415 5218 536 5292 plenius
551 5220 580 5272 et
595 5214 759 5289 perfectius
773 5212 848 5286 quid
873 5211 914 5267 sit
968 5209 1165 5282 superaddita
1179 5209 1676 5280 institutionesignificavitvanit
1689 5213 1792 5266 autem

92 5314 316 5369 sacramentum
345 5308 476 5364 diffinire
498 5304 641 5372 voluerit,
655 5302 785 5357 diffinire
813 5304 914 5373 potest
966 5298 1107 5354 Salvator
1116 5302 1146 5354 et
1155 5298 1292 5354 instituit
1306 5297 1459 5354 visibilem
1473 5313 1586 5370 aquam
1598 5312 1652 5370 per
1666 5296 1794 5354 ablutio·

90 5401 166 5471 quod
181 5424 196 5449 ι
209 5400 439 5464 sacramentum
454 5398 500 5451 est
515 5390 670 5464 corporale
684 5389 733 5444 vel
755 5387 914 5444 materiale
967 5402 1038 5442 nem
1052 5403 1212 5459 corporum
1229 5386 1269 5441 ad
1283 5386 1514 5457 significandam
1530 5384 1727 5453 invisibilem,
1737 5401 1793 5458 per

90 5487 272 5546 elementum
282 5487 360 5543 foris
371 5483 557 5541 sensibiliter
568 5478 758 5552 propositum
773 5475 914 5532 assimili
968 5474 1136 5547 spiritalem
1151 5475 1283 5546 gratiam
1298 5475 1546 5531 emundationem
1560 5473 1742 5529 animarum.
1753 5475 1793 5532 Et

89 5577 194 5634 tudine
206 5564 913 5649 ropraesentans,etasinetituticnesignificans,
968 5577 1005 5619 cx
1020 5579 1055 5619 eo
1067 5565 1131 5635 jam
1144 5577 1226 5634 aqua
1240 5578 1302 5618 non
1317 5561 1428 5617 exsota
1442 5561 1575 5617 naturali
1590 5559 1793 5622 similitudine

78 5650 913 5726 .etexsanctificationemutinensaliquaminvisibilem
967 5654 1175 5724 representat,
1191 5650 1244 5706 sed
1264 5666 1303 5706 ex
1327 5649 1523 5723 superaddita
1548 5649 1746 5709 institutione
1758 5654 1795 5711 si·

74 5757 116 5810 :ct
127 5751 302 5829 spiritalem
315 5750 478 5823 matiam.»
490 5747 565 5804 Haec
579 5742 720 5802 diffinitio
731 5741 777 5799 ita
788 5740 914 5814 propria
968 5739 1093 5812 gnificat
1112 5739 1244 5810 gratiam
1265 5738 1447 5810 spiritalem.
1460 5736 1526 5794 Sed
1543 5738 1625 5808 mita
1634 5738 1716 5792 nac
1733 5739 1819 5804 ouo,
