<?xml version="1.0" encoding="UTF-8"?>
<!DOCTYPE html PUBLIC "-//W3C//DTD XHTML 1.0 Transitional//EN"
    "http://www.w3.org/TR/xhtml1/DTD/xhtml1-transitional.dtd">
<html xmlns="http://www.w3.org/1999/xhtml" xml:lang="en" lang="en">
 <head>
  <title>
</title>
<meta http-equiv="Content-Type" content="text/html;charset=utf-8" />
  <meta name='ocr-system' content='tesseract 3.04.00' />
  <meta name='ocr-capabilities' content='ocr_page ocr_carea ocr_par ocr_line ocrx_word'/>
</head>
<body>
  <div class='ocr_page' id='page_1' title='image "./patrologiaecurs05migngoog/patrologiaecurs05migngoog_0010.png"; bbox 0 0 3756 6074; ppageno 0'>
   <div class='ocr_carea' id='block_1_1' title="bbox 295 401 1557 569">
    <p class='ocr_par' dir='ltr' id='par_1_1' title="bbox 295 401 1557 569">
     <span class='ocr_line' id='line_1_1' title="bbox 295 401 1557 569; baseline -0.007 -6"><span class='ocrx_word' id='word_1_1' title='bbox 295 406 738 569; x_wconf 87' lang='lat' dir='ltr'><strong>HUGONIS</strong></span> <span class='ocrx_word' id='word_1_2' title='bbox 796 408 925 559; x_wconf 86' lang='lat' dir='ltr'>DE</span> <span class='ocrx_word' id='word_1_3' title='bbox 984 405 1062 559; x_wconf 87' lang='lat' dir='ltr'>S.</span> <span class='ocrx_word' id='word_1_4' title='bbox 1127 401 1557 559; x_wconf 86' lang='lat' dir='ltr'><strong>VICTORE</strong></span> 
     </span>
    </p>
   </div>
   <div class='ocr_carea' id='block_1_2' title="bbox 465 744 1381 812">
    <p class='ocr_par' dir='ltr' id='par_1_2' title="bbox 465 744 1381 812">
     <span class='ocr_line' id='line_1_2' title="bbox 465 744 1381 812; baseline -0.004 0"><span class='ocrx_word' id='word_1_5' title='bbox 465 749 639 812; x_wconf 61' lang='lat' dir='ltr'>maurici</span> <span class='ocrx_word' id='word_1_6' title='bbox 661 747 875 811; x_wconf 71' lang='lat' dir='ltr'>baduarius</span> <span class='ocrx_word' id='word_1_7' title='bbox 896 746 926 810; x_wconf 91' lang='lat' dir='ltr'>S.</span> <span class='ocrx_word' id='word_1_8' title='bbox 951 744 1127 808; x_wconf 68' lang='lat' dir='ltr'>licronis</span> <span class='ocrx_word' id='word_1_9' title='bbox 1148 744 1381 810; x_wconf 64' lang='lat' dir='ltr'>Pauislutsts</span> 
     </span>
    </p>
   </div>
   <div class='ocr_carea' id='block_1_3' title="bbox 170 1020 1688 1142">
    <p class='ocr_par' dir='ltr' id='par_1_3' title="bbox 170 1020 1688 1142">
     <span class='ocr_line' id='line_1_3' title="bbox 170 1020 1688 1142; baseline -0.003 -3"><span class='ocrx_word' id='word_1_10' title='bbox 170 1024 457 1142; x_wconf 81' lang='lat' dir='ltr'><strong>OPERUM</strong></span> <span class='ocrx_word' id='word_1_11' title='bbox 505 1024 685 1140; x_wconf 84' lang='lat' dir='ltr'>PARS</span> <span class='ocrx_word' id='word_1_12' title='bbox 737 1023 1076 1140; x_wconf 80' lang='lat' dir='ltr'><strong>SECUNDA.</strong></span> <span class='ocrx_word' id='word_1_13' title='bbox 1137 1073 1219 1087; x_wconf 91' lang='lat'>····</span> <span class='ocrx_word' id='word_1_14' title='bbox 1274 1020 1688 1137; x_wconf 74' lang='lat' dir='ltr'>boantum</span> 
     </span>
    </p>
   </div>
   <div class='ocr_carea' id='block_1_4' title="bbox 371 1561 1480 1920">
    <p class='ocr_par' dir='ltr' id='par_1_4' title="bbox 371 1561 1480 1920">
     <span class='ocr_line' id='line_1_4' title="bbox 623 1561 1222 1674; baseline -0.002 -2"><span class='ocrx_word' id='word_1_15' title='bbox 623 1561 1222 1674; x_wconf 69' lang='lat' dir='ltr'>institutiones</span> 
     </span>
     <span class='ocr_line' id='line_1_5' title="bbox 371 1832 1480 1920; baseline -0.001 -3"><span class='ocrx_word' id='word_1_16' title='bbox 371 1835 436 1920; x_wconf 86' lang='lat' dir='ltr'>1u</span> <span class='ocrx_word' id='word_1_17' title='bbox 483 1833 879 1919; x_wconf 77' lang='lat' dir='ltr'>nnciaeeun</span> <span class='ocrx_word' id='word_1_18' title='bbox 924 1833 1116 1919; x_wconf 79' lang='lat' dir='ltr'>neuls</span> <span class='ocrx_word' id='word_1_19' title='bbox 1159 1832 1480 1917; x_wconf 80' lang='lat' dir='ltr'>noemma</span> 
     </span>
    </p>
   </div>
   <div class='ocr_carea' id='block_1_5' title="bbox 637 2091 1218 2185">
    <p class='ocr_par' dir='ltr' id='par_1_5' title="bbox 637 2091 1218 2185">
     <span class='ocr_line' id='line_1_6' title="bbox 637 2091 1218 2185; baseline -0.003 -23"><span class='ocrx_word' id='word_1_20' title='bbox 637 2093 808 2176; x_wconf 87' lang='lat' dir='ltr'>Quarum</span> <span class='ocrx_word' id='word_1_21' title='bbox 835 2091 916 2163; x_wconf 84' lang='lat' dir='ltr'>haec</span> <span class='ocrx_word' id='word_1_22' title='bbox 942 2095 1035 2163; x_wconf 86' lang='lat' dir='ltr'>sunt</span> <span class='ocrx_word' id='word_1_23' title='bbox 1061 2091 1218 2185; x_wconf 87' lang='lat' dir='ltr'>capita:</span> 
     </span>
    </p>
   </div>
   <div class='ocr_carea' id='block_1_6' title="bbox 75 2343 1778 2485">
    <p class='ocr_par' dir='ltr' id='par_1_6' title="bbox 75 2343 1778 2485">
     <span class='ocr_line' id='line_1_7' title="bbox 75 2343 1778 2414; baseline -0.001 -16"><span class='ocrx_word' id='word_1_24' title='bbox 75 2344 149 2399; x_wconf 75' lang='lat' dir='ltr'>(lar.</span> <span class='ocrx_word' id='word_1_25' title='bbox 172 2343 196 2399; x_wconf 89' lang='lat' dir='ltr'>I.</span> <span class='ocrx_word' id='word_1_26' title='bbox 212 2348 253 2398; x_wconf 85' lang='lat' dir='ltr'>De</span> <span class='ocrx_word' id='word_1_27' title='bbox 269 2347 373 2399; x_wconf 80' lang='lat' dir='ltr'>tribas</span> <span class='ocrx_word' id='word_1_28' title='bbox 382 2347 553 2413; x_wconf 70' lang='lat' dir='ltr'><strong><em>praeceptis</em></strong></span> <span class='ocrx_word' id='word_1_29' title='bbox 563 2348 687 2414; x_wconf 84' lang='lat' dir='ltr'>prioris</span> <span class='ocrx_word' id='word_1_30' title='bbox 703 2347 831 2401; x_wconf 84' lang='lat' dir='ltr'>tabuloe.</span> <span class='ocrx_word' id='word_1_31' title='bbox 846 2375 882 2386; x_wconf 95' lang='lat'>-</span> <span class='ocrx_word' id='word_1_32' title='bbox 893 2344 967 2402; x_wconf 74' lang='lat' dir='ltr'>Car.</span> <span class='ocrx_word' id='word_1_33' title='bbox 984 2345 1025 2400; x_wconf 92' lang='grc' dir='ltr'>ΙΙ.</span> <span class='ocrx_word' id='word_1_34' title='bbox 1043 2348 1086 2399; x_wconf 89' lang='lat' dir='ltr'>De</span> <span class='ocrx_word' id='word_1_35' title='bbox 1099 2350 1218 2414; x_wconf 80' lang='lat' dir='ltr'>septem</span> <span class='ocrx_word' id='word_1_36' title='bbox 1223 2346 1395 2413; x_wconf 70' lang='lat' dir='ltr'>praecptis</span> <span class='ocrx_word' id='word_1_37' title='bbox 1402 2344 1595 2412; x_wconf 79' lang='lat' dir='ltr'>posterioria</span> <span class='ocrx_word' id='word_1_38' title='bbox 1610 2343 1778 2398; x_wconf 71' lang='lat' dir='ltr'>tubalea.-</span> 
     </span>
     <span class='ocr_line' id='line_1_8' title="bbox 77 2413 1777 2485; baseline 0.002 -21"><span class='ocrx_word' id='word_1_39' title='bbox 77 2415 150 2469; x_wconf 71' lang='lat' dir='ltr'>ilar.</span> <span class='ocrx_word' id='word_1_40' title='bbox 163 2415 215 2470; x_wconf 89' lang='lat'>111.</span> <span class='ocrx_word' id='word_1_41' title='bbox 228 2418 271 2470; x_wconf 82' lang='lat' dir='ltr'>De</span> <span class='ocrx_word' id='word_1_42' title='bbox 279 2419 337 2471; x_wconf 82' lang='lat' dir='ltr'>ord</span> <span class='ocrx_word' id='word_1_43' title='bbox 342 2419 395 2470; x_wconf 80' lang='lat' dir='ltr'>iae</span> <span class='ocrx_word' id='word_1_44' title='bbox 400 2421 637 2485; x_wconf 73' lang='lat' dir='ltr'>praceptorum</span> <span class='ocrx_word' id='word_1_45' title='bbox 644 2418 822 2472; x_wconf 73' lang='lat' dir='ltr'>ilci-Car.</span> <span class='ocrx_word' id='word_1_46' title='bbox 837 2416 1332 2483; x_wconf 82' lang='lat' dir='ltr'>IV.ilesubstantiadileetionls,</span> <span class='ocrx_word' id='word_1_47' title='bbox 1344 2418 1375 2469; x_wconf 85' lang='lat' dir='ltr'>et</span> <span class='ocrx_word' id='word_1_48' title='bbox 1385 2416 1424 2469; x_wconf 83' lang='lat' dir='ltr'>de</span> <span class='ocrx_word' id='word_1_49' title='bbox 1434 2413 1597 2470; x_wconf 77' lang='lat' dir='ltr'><strong><em>charitate</em></strong></span> <span class='ocrx_word' id='word_1_50' title='bbox 1608 2414 1777 2468; x_wconf 81' lang='lat' dir='ltr'>ordinatu.</span> 
     </span>
    </p>
   </div>
   <div class='ocr_carea' id='block_1_7' title="bbox 23 2589 1803 5670">
    <p class='ocr_par' dir='ltr' id='par_1_7' title="bbox 23 2589 1803 5670">
     <span class='ocr_line' id='line_1_9' title="bbox 113 2589 1780 2663; baseline -0.003 -14"><span class='ocrx_word' id='word_1_51' title='bbox 113 2594 878 2663; x_wconf 71' lang='lat' dir='ltr'>Cae.I.-Dctribasproeceptisprtoristabuloe.</span> <span class='ocrx_word' id='word_1_52' title='bbox 918 2592 1053 2660; x_wconf 77' lang='lat' dir='ltr'>Amase,</span> <span class='ocrx_word' id='word_1_53' title='bbox 1074 2591 1126 2646; x_wconf 90' lang='lat' dir='ltr'>sed</span> <span class='ocrx_word' id='word_1_54' title='bbox 1155 2591 1247 2646; x_wconf 87' lang='lat' dir='ltr'>etiam</span> <span class='ocrx_word' id='word_1_55' title='bbox 1267 2590 1407 2646; x_wconf 90' lang='lat' dir='ltr'>homines</span> <span class='ocrx_word' id='word_1_56' title='bbox 1430 2589 1571 2661; x_wconf 87' lang='lat' dir='ltr'>legimus,</span> <span class='ocrx_word' id='word_1_57' title='bbox 1598 2604 1654 2645; x_wconf 90' lang='lat' dir='ltr'>nec</span> <span class='ocrx_word' id='word_1_58' title='bbox 1677 2592 1780 2645; x_wconf 85' lang='lat' dir='ltr'>temen</span> 
     </span>
     <span class='ocr_line' id='line_1_10' title="bbox 113 2674 1779 2752; baseline -0.002 -18"><span class='ocrx_word' id='word_1_59' title='bbox 113 2684 212 2751; x_wconf 71' lang='lat' dir='ltr'>Arcti,</span> <span class='ocrx_word' id='word_1_60' title='bbox 223 2684 342 2738; x_wconf 80' lang='lat' dir='ltr'>Israel:</span> <span class='ocrx_word' id='word_1_61' title='bbox 355 2685 439 2738; x_wconf 84' lang='lat' dir='ltr'>Deus</span> <span class='ocrx_word' id='word_1_62' title='bbox 450 2685 625 2750; x_wconf 64' lang='lat' dir='ltr'>tuaaileca</span> <span class='ocrx_word' id='word_1_63' title='bbox 634 2698 722 2736; x_wconf 67' lang='lat' dir='ltr'>aazias</span> <span class='ocrx_word' id='word_1_64' title='bbox 731 2684 900 2750; x_wconf 68' lang='lat' dir='ltr'>estimant</span> <span class='ocrx_word' id='word_1_65' title='bbox 955 2684 1116 2752; x_wconf 83' lang='lat' dir='ltr'>propterea</span> <span class='ocrx_word' id='word_1_66' title='bbox 1129 2678 1243 2735; x_wconf 91' lang='lat' dir='ltr'>alicubi</span> <span class='ocrx_word' id='word_1_67' title='bbox 1258 2678 1457 2751; x_wconf 85' lang='lat' dir='ltr'>reprehensos</span> <span class='ocrx_word' id='word_1_68' title='bbox 1470 2674 1673 2733; x_wconf 75' lang='lat' dir='ltr'><strong>invenimus?</strong></span> <span class='ocrx_word' id='word_1_69' title='bbox 1694 2677 1731 2732; x_wconf 82' lang='lat' dir='ltr'>Et</span> <span class='ocrx_word' id='word_1_70' title='bbox 1746 2677 1779 2732; x_wconf 92' lang='lat' dir='ltr'>in</span> 
     </span>
     <span class='ocr_line' id='line_1_11' title="bbox 79 2765 1781 2842; baseline -0.002 -18"><span class='ocrx_word' id='word_1_71' title='bbox 79 2773 242 2839; x_wconf 82' lang='lat' dir='ltr'>adorabis,</span> <span class='ocrx_word' id='word_1_72' title='bbox 252 2774 321 2826; x_wconf 83' lang='lat' dir='ltr'>etei</span> <span class='ocrx_word' id='word_1_73' title='bbox 330 2774 520 2826; x_wconf 75' lang='lat' dir='ltr'>relicere-ies</span> <span class='ocrx_word' id='word_1_74' title='bbox 532 2772 634 2842; x_wconf 79' lang='lat' dir='ltr'>(Deut.</span> <span class='ocrx_word' id='word_1_75' title='bbox 645 2771 700 2840; x_wconf 82' lang='lat' dir='ltr'>vr).</span> <span class='ocrx_word' id='word_1_76' title='bbox 714 2771 784 2826; x_wconf 92' lang='lat' dir='ltr'>Non</span> <span class='ocrx_word' id='word_1_77' title='bbox 794 2771 852 2826; x_wconf 93' lang='lat' dir='ltr'>hoc</span> <span class='ocrx_word' id='word_1_78' title='bbox 862 2774 904 2826; x_wconf 79' lang='lat' dir='ltr'>to</span> <span class='ocrx_word' id='word_1_79' title='bbox 956 2769 1044 2825; x_wconf 82' lang='lat' dir='ltr'>Novo</span> <span class='ocrx_word' id='word_1_80' title='bbox 1057 2767 1224 2841; x_wconf 78' lang='lat' dir='ltr'>Apostolus</span> <span class='ocrx_word' id='word_1_81' title='bbox 1238 2767 1361 2840; x_wconf 84' lang='lat' dir='ltr'>quidem</span> <span class='ocrx_word' id='word_1_82' title='bbox 1376 2767 1469 2823; x_wconf 89' lang='lat' dir='ltr'>etiam</span> <span class='ocrx_word' id='word_1_83' title='bbox 1483 2766 1586 2822; x_wconf 87' lang='lat' dir='ltr'>tideles</span> <span class='ocrx_word' id='word_1_84' title='bbox 1600 2765 1640 2821; x_wconf 86' lang='lat' dir='ltr'>ad</span> <span class='ocrx_word' id='word_1_85' title='bbox 1652 2766 1781 2821; x_wconf 88' lang='lat' dir='ltr'>servien-</span> 
     </span>
     <span class='ocr_line' id='line_1_12' title="bbox 80 2853 1784 2931; baseline -0.002 -20"><span class='ocrx_word' id='word_1_86' title='bbox 80 2862 157 2925; x_wconf 89' lang='lat' dir='ltr'>tum,</span> <span class='ocrx_word' id='word_1_87' title='bbox 169 2859 204 2913; x_wconf 90' lang='lat' dir='ltr'>de</span> <span class='ocrx_word' id='word_1_88' title='bbox 213 2863 362 2931; x_wconf 70' lang='lat' dir='ltr'>praecepto</span> <span class='ocrx_word' id='word_1_89' title='bbox 371 2863 418 2914; x_wconf 89' lang='lat' dir='ltr'>est</span> <span class='ocrx_word' id='word_1_90' title='bbox 432 2859 514 2930; x_wconf 92' lang='lat' dir='ltr'>quod</span> <span class='ocrx_word' id='word_1_91' title='bbox 525 2859 648 2927; x_wconf 90' lang='lat' dir='ltr'>dicitur,</span> <span class='ocrx_word' id='word_1_92' title='bbox 658 2858 732 2931; x_wconf 87' lang='lat' dir='ltr'>qnia</span> <span class='ocrx_word' id='word_1_93' title='bbox 747 2864 902 2931; x_wconf 72' lang='lat' dir='ltr'>antepree·</span> <span class='ocrx_word' id='word_1_94' title='bbox 957 2858 1030 2913; x_wconf 92' lang='lat' dir='ltr'>dum</span> <span class='ocrx_word' id='word_1_95' title='bbox 1046 2857 1255 2930; x_wconf 88' lang='lat' dir='ltr'>superioribus</span> <span class='ocrx_word' id='word_1_96' title='bbox 1269 2859 1299 2911; x_wconf 90' lang='lat' dir='ltr'>et</span> <span class='ocrx_word' id='word_1_97' title='bbox 1313 2855 1458 2928; x_wconf 74' lang='lat' dir='ltr'>praelatis,</span> <span class='ocrx_word' id='word_1_98' title='bbox 1472 2869 1662 2926; x_wconf 86' lang='lat' dir='ltr'>summopere</span> <span class='ocrx_word' id='word_1_99' title='bbox 1677 2853 1784 2909; x_wconf 83' lang='lat' dir='ltr'>extror-</span> 
     </span>
     <span class='ocr_line' id='line_1_13' title="bbox 78 2942 1782 3019; baseline -0.002 -19"><span class='ocrx_word' id='word_1_100' title='bbox 78 2951 200 3017; x_wconf 87' lang='lat' dir='ltr'>ceptum</span> <span class='ocrx_word' id='word_1_101' title='bbox 208 2963 262 3019; x_wconf 91' lang='lat' dir='ltr'>per</span> <span class='ocrx_word' id='word_1_102' title='bbox 274 2946 513 3003; x_wconf 87' lang='lat' dir='ltr'>admonitionem</span> <span class='ocrx_word' id='word_1_103' title='bbox 523 2947 561 3001; x_wconf 91' lang='lat' dir='ltr'>ad</span> <span class='ocrx_word' id='word_1_104' title='bbox 570 2947 774 3002; x_wconf 89' lang='lat' dir='ltr'>obedientiam</span> <span class='ocrx_word' id='word_1_105' title='bbox 784 2947 902 3003; x_wconf 88' lang='lat' dir='ltr'>audito·</span> <span class='ocrx_word' id='word_1_106' title='bbox 959 2950 1051 3002; x_wconf 92' lang='lat' dir='ltr'>tatur.</span> <span class='ocrx_word' id='word_1_107' title='bbox 1069 2945 1231 3002; x_wconf 82' lang='lat' dir='ltr'>Sciendum</span> <span class='ocrx_word' id='word_1_108' title='bbox 1255 2959 1326 3015; x_wconf 87' lang='lat' dir='ltr'>ergo</span> <span class='ocrx_word' id='word_1_109' title='bbox 1342 2947 1388 3000; x_wconf 87' lang='lat' dir='ltr'>est</span> <span class='ocrx_word' id='word_1_110' title='bbox 1403 2943 1485 3016; x_wconf 89' lang='lat' dir='ltr'>quod</span> <span class='ocrx_word' id='word_1_111' title='bbox 1500 2943 1560 3000; x_wconf 80' lang='lat' dir='ltr'>aiio</span> <span class='ocrx_word' id='word_1_112' title='bbox 1578 2942 1669 2998; x_wconf 90' lang='lat' dir='ltr'>modo</span> <span class='ocrx_word' id='word_1_113' title='bbox 1687 2942 1782 2998; x_wconf 87' lang='lat' dir='ltr'>homi·</span> 
     </span>
     <span class='ocr_line' id='line_1_14' title="bbox 77 3030 1782 3105; baseline -0.001 -17"><span class='ocrx_word' id='word_1_114' title='bbox 77 3035 121 3088; x_wconf 89' lang='lat' dir='ltr'>ris</span> <span class='ocrx_word' id='word_1_115' title='bbox 136 3036 260 3088; x_wconf 87' lang='lat' dir='ltr'>animus</span> <span class='ocrx_word' id='word_1_116' title='bbox 282 3037 481 3105; x_wconf 72' lang='lat' dir='ltr'>praeparatur.</span> <span class='ocrx_word' id='word_1_117' title='bbox 504 3036 605 3102; x_wconf 76' lang='lat' dir='ltr'>Audi,</span> <span class='ocrx_word' id='word_1_118' title='bbox 623 3037 739 3089; x_wconf 83' lang='lat' dir='ltr'>Israel.</span> <span class='ocrx_word' id='word_1_119' title='bbox 760 3034 817 3090; x_wconf 91' lang='lat' dir='ltr'>llic</span> <span class='ocrx_word' id='word_1_120' title='bbox 830 3038 904 3090; x_wconf 89' lang='lat' dir='ltr'>nota</span> <span class='ocrx_word' id='word_1_121' title='bbox 959 3051 1013 3089; x_wconf 87' lang='lat' dir='ltr'>nee</span> <span class='ocrx_word' id='word_1_122' title='bbox 1031 3034 1209 3101; x_wconf 88' lang='lat' dir='ltr'>adorantur,</span> <span class='ocrx_word' id='word_1_123' title='bbox 1225 3032 1328 3088; x_wconf 87' lang='lat' dir='ltr'>etalio</span> <span class='ocrx_word' id='word_1_124' title='bbox 1342 3032 1433 3088; x_wconf 90' lang='lat' dir='ltr'>modo</span> <span class='ocrx_word' id='word_1_125' title='bbox 1454 3031 1537 3087; x_wconf 91' lang='lat' dir='ltr'>Deus</span> <span class='ocrx_word' id='word_1_126' title='bbox 1561 3030 1682 3088; x_wconf 80' lang='lat' dir='ltr'>adorari</span> <span class='ocrx_word' id='word_1_127' title='bbox 1707 3045 1782 3102; x_wconf 86' lang='lat' dir='ltr'>pree·</span> 
     </span>
     <span class='ocr_line' id='line_1_15' title="bbox 76 3119 1782 3194; baseline -0.001 -17"><span class='ocrx_word' id='word_1_128' title='bbox 76 3123 294 3177; x_wconf 78' lang='lat' dir='ltr'>obedientiam.</span> <span class='ocrx_word' id='word_1_129' title='bbox 309 3124 393 3176; x_wconf 69' lang='lat' dir='ltr'>Deras</span> <span class='ocrx_word' id='word_1_130' title='bbox 409 3127 497 3189; x_wconf 80' lang='lat' dir='ltr'>tuas,</span> <span class='ocrx_word' id='word_1_131' title='bbox 510 3121 560 3176; x_wconf 92' lang='lat' dir='ltr'>hic</span> <span class='ocrx_word' id='word_1_132' title='bbox 574 3125 647 3176; x_wconf 89' lang='lat' dir='ltr'>nota</span> <span class='ocrx_word' id='word_1_133' title='bbox 659 3122 800 3191; x_wconf 78' lang='lat' dir='ltr'>gratiam.</span> <span class='ocrx_word' id='word_1_134' title='bbox 820 3124 904 3177; x_wconf 82' lang='lat' dir='ltr'>Deus</span> <span class='ocrx_word' id='word_1_135' title='bbox 959 3123 1090 3194; x_wconf 83' lang='lat' dir='ltr'>cipitur:</span> <span class='ocrx_word' id='word_1_136' title='bbox 1109 3137 1166 3177; x_wconf 91' lang='lat' dir='ltr'>usu</span> <span class='ocrx_word' id='word_1_137' title='bbox 1179 3136 1312 3193; x_wconf 88' lang='lat' dir='ltr'>namque</span> <span class='ocrx_word' id='word_1_138' title='bbox 1326 3119 1420 3176; x_wconf 87' lang='lat' dir='ltr'>veleri</span> <span class='ocrx_word' id='word_1_139' title='bbox 1436 3120 1607 3193; x_wconf 78' lang='lat' dir='ltr'>superiores</span> <span class='ocrx_word' id='word_1_140' title='bbox 1626 3119 1728 3193; x_wconf 86' lang='lat' dir='ltr'>quivis</span> <span class='ocrx_word' id='word_1_141' title='bbox 1743 3119 1782 3175; x_wconf 89' lang='lat' dir='ltr'>ab</span> 
     </span>
     <span class='ocr_line' id='line_1_16' title="bbox 78 3207 1784 3282; baseline -0.002 -16"><span class='ocrx_word' id='word_1_142' title='bbox 78 3226 168 3266; x_wconf 72' lang='lat' dir='ltr'>araus</span> <span class='ocrx_word' id='word_1_143' title='bbox 188 3215 246 3278; x_wconf 87' lang='lat' dir='ltr'>cst,</span> <span class='ocrx_word' id='word_1_144' title='bbox 262 3210 312 3264; x_wconf 89' lang='lat' dir='ltr'>hic</span> <span class='ocrx_word' id='word_1_145' title='bbox 323 3209 516 3278; x_wconf 87' lang='lat' dir='ltr'>doctrinem;</span> <span class='ocrx_word' id='word_1_146' title='bbox 534 3210 623 3281; x_wconf 89' lang='lat' dir='ltr'>qnasi</span> <span class='ocrx_word' id='word_1_147' title='bbox 643 3209 794 3265; x_wconf 78' lang='lat' dir='ltr'>diceretur</span> <span class='ocrx_word' id='word_1_148' title='bbox 812 3209 903 3266; x_wconf 89' lang='lat' dir='ltr'>:Obe·</span> <span class='ocrx_word' id='word_1_149' title='bbox 959 3210 1158 3266; x_wconf 84' lang='lat' dir='ltr'>interioribus</span> <span class='ocrx_word' id='word_1_150' title='bbox 1172 3209 1293 3265; x_wconf 84' lang='lat' dir='ltr'>adorari</span> <span class='ocrx_word' id='word_1_151' title='bbox 1312 3209 1502 3279; x_wconf 82' lang='lat' dir='ltr'>dicebantur,</span> <span class='ocrx_word' id='word_1_152' title='bbox 1522 3208 1647 3282; x_wconf 86' lang='lat' dir='ltr'>quando</span> <span class='ocrx_word' id='word_1_153' title='bbox 1661 3207 1784 3264; x_wconf 82' lang='lat' dir='ltr'>eis&#39;sive</span> 
     </span>
     <span class='ocr_line' id='line_1_17' title="bbox 81 3296 1799 3371; baseline -0.001 -18"><span class='ocrx_word' id='word_1_154' title='bbox 81 3299 227 3354; x_wconf 89' lang='lat' dir='ltr'>dientiam</span> <span class='ocrx_word' id='word_1_155' title='bbox 259 3299 378 3364; x_wconf 84' lang='lat' dir='ltr'>exhibe,</span> <span class='ocrx_word' id='word_1_156' title='bbox 403 3297 534 3368; x_wconf 86' lang='lat' dir='ltr'>gratiam</span> <span class='ocrx_word' id='word_1_157' title='bbox 566 3298 712 3368; x_wconf 86' lang='lat' dir='ltr'>intellige,</span> <span class='ocrx_word' id='word_1_158' title='bbox 744 3299 904 3355; x_wconf 85' lang='lat' dir='ltr'>veritatem</span> <span class='ocrx_word' id='word_1_159' title='bbox 960 3304 992 3355; x_wconf 89' lang='lat' dir='ltr'>tn</span> <span class='ocrx_word' id='word_1_160' title='bbox 1007 3299 1184 3356; x_wconf 82' lang='lat' dir='ltr'>curvatione</span> <span class='ocrx_word' id='word_1_161' title='bbox 1197 3313 1342 3370; x_wconf 88' lang='lat' dir='ltr'>genuum,</span> <span class='ocrx_word' id='word_1_162' title='bbox 1365 3297 1430 3354; x_wconf 87' lang='lat' dir='ltr'>sive</span> <span class='ocrx_word' id='word_1_163' title='bbox 1451 3298 1562 3371; x_wconf 88' lang='lat' dir='ltr'>capitis</span> <span class='ocrx_word' id='word_1_164' title='bbox 1581 3296 1799 3353; x_wconf 84' lang='lat' dir='ltr'>inclinatione·</span> 
     </span>
     <span class='ocr_line' id='line_1_18' title="bbox 23 3383 1783 3458; baseline -0.001 -17"><span class='ocrx_word' id='word_1_165' title='bbox 23 3442 34 3453; x_wconf 70' lang='lat'>,</span> <span class='ocrx_word' id='word_1_166' title='bbox 81 3401 218 3458; x_wconf 83' lang='lat' dir='ltr'>agnosce.</span> <span class='ocrx_word' id='word_1_167' title='bbox 239 3385 326 3450; x_wconf 85' lang='lat' dir='ltr'>Quod</span> <span class='ocrx_word' id='word_1_168' title='bbox 351 3385 449 3454; x_wconf 85' lang='lat' dir='ltr'>audie,</span> <span class='ocrx_word' id='word_1_169' title='bbox 465 3387 522 3441; x_wconf 92' lang='lat' dir='ltr'>hoc</span> <span class='ocrx_word' id='word_1_170' title='bbox 541 3389 587 3442; x_wconf 90' lang='lat' dir='ltr'>est</span> <span class='ocrx_word' id='word_1_171' title='bbox 606 3386 789 3458; x_wconf 90' lang='lat' dir='ltr'>obedientia,</span> <span class='ocrx_word' id='word_1_172' title='bbox 810 3402 905 3458; x_wconf 88' lang='lat' dir='ltr'>quam</span> <span class='ocrx_word' id='word_1_173' title='bbox 960 3387 999 3443; x_wconf 89' lang='lat' dir='ltr'>ab</span> <span class='ocrx_word' id='word_1_174' title='bbox 1013 3387 1063 3443; x_wconf 87' lang='lat' dir='ltr'>his</span> <span class='ocrx_word' id='word_1_175' title='bbox 1076 3387 1247 3443; x_wconf 86' lang='lat' dir='ltr'>reverentia</span> <span class='ocrx_word' id='word_1_176' title='bbox 1260 3386 1472 3443; x_wconf 80' lang='lat' dir='ltr'>exhibebatur.</span> <span class='ocrx_word' id='word_1_177' title='bbox 1483 3386 1582 3442; x_wconf 89' lang='lat' dir='ltr'>Deum</span> <span class='ocrx_word' id='word_1_178' title='bbox 1596 3388 1700 3442; x_wconf 89' lang='lat' dir='ltr'>autem</span> <span class='ocrx_word' id='word_1_179' title='bbox 1715 3383 1783 3440; x_wconf 84' lang='lat' dir='ltr'>ado·</span> 
     </span>
     <span class='ocr_line' id='line_1_19' title="bbox 81 3471 1784 3548; baseline -0.002 -18"><span class='ocrx_word' id='word_1_180' title='bbox 81 3475 221 3544; x_wconf 89' lang='lat' dir='ltr'>exigeris.</span> <span class='ocrx_word' id='word_1_181' title='bbox 247 3473 334 3538; x_wconf 87' lang='lat' dir='ltr'>Quod</span> <span class='ocrx_word' id='word_1_182' title='bbox 360 3473 442 3529; x_wconf 89' lang='lat' dir='ltr'>Deus</span> <span class='ocrx_word' id='word_1_183' title='bbox 474 3477 557 3543; x_wconf 86' lang='lat' dir='ltr'>tuus,</span> <span class='ocrx_word' id='word_1_184' title='bbox 586 3478 633 3530; x_wconf 89' lang='lat' dir='ltr'>est</span> <span class='ocrx_word' id='word_1_185' title='bbox 661 3476 761 3546; x_wconf 89' lang='lat' dir='ltr'>gratia</span> <span class='ocrx_word' id='word_1_186' title='bbox 792 3491 905 3548; x_wconf 82' lang='lat' dir='ltr'>prevae·</span> <span class='ocrx_word' id='word_1_187' title='bbox 960 3491 1027 3532; x_wconf 88' lang='lat' dir='ltr'>rare</span> <span class='ocrx_word' id='word_1_188' title='bbox 1042 3480 1088 3532; x_wconf 88' lang='lat' dir='ltr'>est</span> <span class='ocrx_word' id='word_1_189' title='bbox 1103 3476 1130 3531; x_wconf 88' lang='lat' dir='ltr'>ei</span> <span class='ocrx_word' id='word_1_190' title='bbox 1145 3478 1385 3532; x_wconf 89' lang='lat' dir='ltr'>totammentem</span> <span class='ocrx_word' id='word_1_191' title='bbox 1398 3490 1451 3547; x_wconf 89' lang='lat' dir='ltr'>per</span> <span class='ocrx_word' id='word_1_192' title='bbox 1465 3473 1673 3530; x_wconf 87' lang='lat' dir='ltr'>humilitatem</span> <span class='ocrx_word' id='word_1_193' title='bbox 1687 3471 1784 3529; x_wconf 85' lang='lat' dir='ltr'>acde-</span> 
     </span>
     <span class='ocr_line' id='line_1_20' title="bbox 82 3562 1784 3636; baseline -0.002 -17"><span class='ocrx_word' id='word_1_194' title='bbox 82 3564 204 3619; x_wconf 85' lang='lat' dir='ltr'>nientis.</span> <span class='ocrx_word' id='word_1_195' title='bbox 220 3562 308 3627; x_wconf 83' lang='lat' dir='ltr'>Quod</span> <span class='ocrx_word' id='word_1_196' title='bbox 328 3563 412 3618; x_wconf 88' lang='lat' dir='ltr'>Deus</span> <span class='ocrx_word' id='word_1_197' title='bbox 424 3579 516 3633; x_wconf 88' lang='lat' dir='ltr'>unus,</span> <span class='ocrx_word' id='word_1_198' title='bbox 531 3563 646 3619; x_wconf 87' lang='lat' dir='ltr'>veritas</span> <span class='ocrx_word' id='word_1_199' title='bbox 669 3579 732 3634; x_wconf 88' lang='lat' dir='ltr'>qna</span> <span class='ocrx_word' id='word_1_200' title='bbox 751 3563 905 3619; x_wconf 91' lang='lat' dir='ltr'>illumina·</span> <span class='ocrx_word' id='word_1_201' title='bbox 959 3565 1114 3620; x_wconf 86' lang='lat' dir='ltr'>votionem</span> <span class='ocrx_word' id='word_1_202' title='bbox 1140 3564 1344 3632; x_wconf 87' lang='lat' dir='ltr'>substernere,</span> <span class='ocrx_word' id='word_1_203' title='bbox 1362 3566 1391 3619; x_wconf 87' lang='lat' dir='ltr'>et</span> <span class='ocrx_word' id='word_1_204' title='bbox 1411 3563 1514 3636; x_wconf 87' lang='lat' dir='ltr'>ipsum</span> <span class='ocrx_word' id='word_1_205' title='bbox 1542 3562 1727 3635; x_wconf 90' lang='lat' dir='ltr'>principium</span> <span class='ocrx_word' id='word_1_206' title='bbox 1748 3575 1784 3616; x_wconf 90' lang='lat' dir='ltr'>ac</span> 
     </span>
     <span class='ocr_line' id='line_1_21' title="bbox 83 3649 1785 3724; baseline -0.002 -16"><span class='ocrx_word' id='word_1_207' title='bbox 83 3654 126 3708; x_wconf 89' lang='lat' dir='ltr'>ris</span> <span class='ocrx_word' id='word_1_208' title='bbox 136 3656 165 3707; x_wconf 90' lang='lat' dir='ltr'>et</span> <span class='ocrx_word' id='word_1_209' title='bbox 179 3652 340 3724; x_wconf 85' lang='lat' dir='ltr'>perficeris.</span> <span class='ocrx_word' id='word_1_210' title='bbox 362 3651 460 3706; x_wconf 91' lang='lat' dir='ltr'>Deum</span> <span class='ocrx_word' id='word_1_211' title='bbox 476 3655 565 3706; x_wconf 89' lang='lat' dir='ltr'>tuum</span> <span class='ocrx_word' id='word_1_212' title='bbox 577 3651 659 3720; x_wconf 74' lang='lat' dir='ltr'>aridi,</span> <span class='ocrx_word' id='word_1_213' title='bbox 675 3653 728 3723; x_wconf 91' lang='lat' dir='ltr'>qui</span> <span class='ocrx_word' id='word_1_214' title='bbox 744 3653 801 3707; x_wconf 92' lang='lat' dir='ltr'>libi</span> <span class='ocrx_word' id='word_1_215' title='bbox 815 3653 905 3708; x_wconf 90' lang='lat' dir='ltr'>mise·</span> <span class='ocrx_word' id='word_1_216' title='bbox 960 3655 1052 3710; x_wconf 90' lang='lat' dir='ltr'>finem</span> <span class='ocrx_word' id='word_1_217' title='bbox 1067 3653 1167 3709; x_wconf 88' lang='lat' dir='ltr'>omnis</span> <span class='ocrx_word' id='word_1_218' title='bbox 1180 3652 1255 3708; x_wconf 93' lang='lat' dir='ltr'>boni</span> <span class='ocrx_word' id='word_1_219' title='bbox 1264 3651 1393 3708; x_wconf 89' lang='lat' dir='ltr'>credere.</span> <span class='ocrx_word' id='word_1_220' title='bbox 1401 3650 1488 3716; x_wconf 88' lang='lat' dir='ltr'>Quod</span> <span class='ocrx_word' id='word_1_221' title='bbox 1498 3651 1525 3707; x_wconf 91' lang='lat' dir='ltr'>ei</span> <span class='ocrx_word' id='word_1_222' title='bbox 1536 3650 1593 3706; x_wconf 88' lang='lat' dir='ltr'>soli</span> <span class='ocrx_word' id='word_1_223' title='bbox 1605 3666 1662 3707; x_wconf 89' lang='lat' dir='ltr'>nos</span> <span class='ocrx_word' id='word_1_224' title='bbox 1676 3649 1785 3706; x_wconf 85' lang='lat' dir='ltr'>debere</span> 
     </span>
     <span class='ocr_line' id='line_1_22' title="bbox 82 3735 1784 3811; baseline -0.002 -16"><span class='ocrx_word' id='word_1_225' title='bbox 82 3741 244 3796; x_wconf 86' lang='lat' dir='ltr'>ricordiam</span> <span class='ocrx_word' id='word_1_226' title='bbox 252 3740 316 3811; x_wconf 90' lang='lat' dir='ltr'>jam</span> <span class='ocrx_word' id='word_1_227' title='bbox 330 3739 513 3808; x_wconf 88' lang='lat' dir='ltr'>exhibuit,et</span> <span class='ocrx_word' id='word_1_228' title='bbox 521 3739 649 3795; x_wconf 88' lang='lat' dir='ltr'>necdum</span> <span class='ocrx_word' id='word_1_229' title='bbox 662 3744 764 3795; x_wconf 87' lang='lat' dir='ltr'>tamen</span> <span class='ocrx_word' id='word_1_230' title='bbox 779 3744 837 3796; x_wconf 88' lang='lat' dir='ltr'>ate</span> <span class='ocrx_word' id='word_1_231' title='bbox 850 3755 907 3796; x_wconf 87' lang='lat' dir='ltr'>ser·</span> <span class='ocrx_word' id='word_1_232' title='bbox 961 3756 1051 3797; x_wconf 89' lang='lat' dir='ltr'>nemo</span> <span class='ocrx_word' id='word_1_233' title='bbox 1061 3744 1106 3796; x_wconf 88' lang='lat' dir='ltr'>est</span> <span class='ocrx_word' id='word_1_234' title='bbox 1121 3756 1203 3796; x_wconf 75' lang='lat' dir='ltr'>sana</span> <span class='ocrx_word' id='word_1_235' title='bbox 1221 3740 1334 3796; x_wconf 87' lang='lat' dir='ltr'>mentis</span> <span class='ocrx_word' id='word_1_236' title='bbox 1358 3740 1412 3811; x_wconf 89' lang='lat' dir='ltr'>qui</span> <span class='ocrx_word' id='word_1_237' title='bbox 1435 3739 1582 3810; x_wconf 88' lang='lat' dir='ltr'>ambigat.</span> <span class='ocrx_word' id='word_1_238' title='bbox 1609 3737 1696 3794; x_wconf 89' lang='lat' dir='ltr'>Unde</span> <span class='ocrx_word' id='word_1_239' title='bbox 1719 3735 1784 3808; x_wconf 89' lang='lat' dir='ltr'>ipse</span> 
     </span>
     <span class='ocr_line' id='line_1_23' title="bbox 83 3825 1786 3901; baseline -0.002 -18"><span class='ocrx_word' id='word_1_240' title='bbox 83 3830 192 3884; x_wconf 83' lang='lat' dir='ltr'>vitium</span> <span class='ocrx_word' id='word_1_241' title='bbox 208 3829 333 3900; x_wconf 90' lang='lat' dir='ltr'>accepit,</span> <span class='ocrx_word' id='word_1_242' title='bbox 355 3832 390 3883; x_wconf 90' lang='lat' dir='ltr'>ut</span> <span class='ocrx_word' id='word_1_243' title='bbox 411 3829 489 3883; x_wconf 86' lang='lat' dir='ltr'>scias</span> <span class='ocrx_word' id='word_1_244' title='bbox 508 3829 547 3883; x_wconf 92' lang='lat' dir='ltr'>ab</span> <span class='ocrx_word' id='word_1_245' title='bbox 566 3829 633 3901; x_wconf 90' lang='lat' dir='ltr'>ipso</span> <span class='ocrx_word' id='word_1_246' title='bbox 648 3844 715 3884; x_wconf 86' lang='lat' dir='ltr'>esee</span> <span class='ocrx_word' id='word_1_247' title='bbox 729 3833 907 3901; x_wconf 87' lang='lat' dir='ltr'>utrumque,</span> <span class='ocrx_word' id='word_1_248' title='bbox 963 3844 1085 3901; x_wconf 85' lang='lat' dir='ltr'>quoque</span> <span class='ocrx_word' id='word_1_249' title='bbox 1107 3843 1161 3900; x_wconf 87' lang='lat' dir='ltr'>per</span> <span class='ocrx_word' id='word_1_250' title='bbox 1182 3827 1362 3901; x_wconf 90' lang='lat' dir='ltr'>prophetam</span> <span class='ocrx_word' id='word_1_251' title='bbox 1383 3827 1420 3884; x_wconf 91' lang='lat' dir='ltr'>de</span> <span class='ocrx_word' id='word_1_252' title='bbox 1439 3842 1471 3883; x_wconf 90' lang='lat' dir='ltr'>se</span> <span class='ocrx_word' id='word_1_253' title='bbox 1497 3829 1638 3897; x_wconf 86' lang='lat' dir='ltr'>testatur,</span> <span class='ocrx_word' id='word_1_254' title='bbox 1662 3825 1786 3881; x_wconf 83' lang='lat' dir='ltr'>dicens:</span> 
     </span>
     <span class='ocr_line' id='line_1_24' title="bbox 86 3915 1786 3990; baseline -0.001 -18"><span class='ocrx_word' id='word_1_255' title='bbox 86 3917 251 3984; x_wconf 88' lang='lat' dir='ltr'>scilicet,et</span> <span class='ocrx_word' id='word_1_256' title='bbox 263 3916 345 3988; x_wconf 83' lang='lat' dir='ltr'>quod</span> <span class='ocrx_word' id='word_1_257' title='bbox 359 3932 377 3970; x_wconf 94' lang='lat' dir='ltr'>a</span> <span class='ocrx_word' id='word_1_258' title='bbox 392 3916 610 3988; x_wconf 85' lang='lat' dir='ltr'>leexigitopus</span> <span class='ocrx_word' id='word_1_259' title='bbox 634 3917 769 3987; x_wconf 85' lang='lat' dir='ltr'>virtutis,</span> <span class='ocrx_word' id='word_1_260' title='bbox 786 3915 947 3990; x_wconf 81' lang='lat' dir='ltr'>etquodB</span> <span class='ocrx_word' id='word_1_261' title='bbox 966 3918 1113 3974; x_wconf 83' lang='lat' dir='ltr'>Gloriam</span> <span class='ocrx_word' id='word_1_262' title='bbox 1134 3933 1241 3974; x_wconf 74' lang='lat' dir='ltr'>ineam</span> <span class='ocrx_word' id='word_1_263' title='bbox 1263 3919 1365 3973; x_wconf 84' lang='lat' dir='ltr'>alteri</span> <span class='ocrx_word' id='word_1_264' title='bbox 1386 3932 1450 3972; x_wconf 82' lang='lat' dir='ltr'>aon</span> <span class='ocrx_word' id='word_1_265' title='bbox 1472 3917 1574 3972; x_wconf 83' lang='lat' dir='ltr'>daeo:</span> <span class='ocrx_word' id='word_1_266' title='bbox 1596 3921 1628 3972; x_wconf 87' lang='lat' dir='ltr'>et</span> <span class='ocrx_word' id='word_1_267' title='bbox 1654 3916 1786 3971; x_wconf 83' lang='lat' dir='ltr'>laudem</span> 
     </span>
     <span class='ocr_line' id='line_1_25' title="bbox 87 3991 1789 4077; baseline -0.001 -17"><span class='ocrx_word' id='word_1_268' title='bbox 87 4005 144 4060; x_wconf 89' lang='lat' dir='ltr'>libi</span> <span class='ocrx_word' id='word_1_269' title='bbox 153 4004 911 4076; x_wconf 81' lang='lat' dir='ltr'>promittitpraeminmretributionis.Aadi,Isrctet</span> <span class='ocrx_word' id='word_1_270' title='bbox 968 4022 1075 4062; x_wconf 67' lang='lat' dir='ltr'>ineam</span> <span class='ocrx_word' id='word_1_271' title='bbox 1089 4008 1297 4076; x_wconf 81' lang='lat' dir='ltr'>sculptilibus</span> <span class='ocrx_word' id='word_1_272' title='bbox 1304 4006 1381 4077; x_wconf 78' lang='lat' dir='ltr'>(Iac.</span> <span class='ocrx_word' id='word_1_273' title='bbox 1395 4004 1486 4075; x_wconf 71' lang='lat' dir='ltr'>aeri),</span> <span class='ocrx_word' id='word_1_274' title='bbox 1503 3991 1548 4061; x_wconf 81' lang='lat' dir='ltr'>De</span> <span class='ocrx_word' id='word_1_275' title='bbox 1557 4005 1703 4061; x_wconf 84' lang='lat' dir='ltr'>servitute</span> <span class='ocrx_word' id='word_1_276' title='bbox 1716 4015 1789 4059; x_wconf 83' lang='lat' dir='ltr'>vero</span> 
     </span>
     <span class='ocr_line' id='line_1_26' title="bbox 84 4090 1789 4169; baseline -0.002 -20"><span class='ocrx_word' id='word_1_277' title='bbox 84 4093 116 4149; x_wconf 89' lang='lat' dir='ltr'>id</span> <span class='ocrx_word' id='word_1_278' title='bbox 131 4097 188 4160; x_wconf 86' lang='lat' dir='ltr'>est,</span> <span class='ocrx_word' id='word_1_279' title='bbox 205 4092 353 4161; x_wconf 85' lang='lat' dir='ltr'>ausculta,</span> <span class='ocrx_word' id='word_1_280' title='bbox 367 4092 534 4164; x_wconf 86' lang='lat' dir='ltr'>acquiesce.</span> <span class='ocrx_word' id='word_1_281' title='bbox 549 4093 657 4148; x_wconf 89' lang='lat' dir='ltr'>Omnis</span> <span class='ocrx_word' id='word_1_282' title='bbox 666 4093 748 4149; x_wconf 89' lang='lat' dir='ltr'>enim</span> <span class='ocrx_word' id='word_1_283' title='bbox 761 4094 862 4150; x_wconf 87' lang='lat' dir='ltr'>virtus</span> <span class='ocrx_word' id='word_1_284' title='bbox 872 4094 912 4149; x_wconf 88' lang='lat' dir='ltr'>ab</span> <span class='ocrx_word' id='word_1_285' title='bbox 965 4094 1101 4169; x_wconf 89' lang='lat' dir='ltr'>idipsum</span> <span class='ocrx_word' id='word_1_286' title='bbox 1121 4098 1327 4168; x_wconf 86' lang='lat' dir='ltr'>competenter</span> <span class='ocrx_word' id='word_1_287' title='bbox 1340 4093 1472 4166; x_wconf 79' lang='lat' dir='ltr'>intelligi</span> <span class='ocrx_word' id='word_1_288' title='bbox 1485 4096 1596 4167; x_wconf 85' lang='lat' dir='ltr'>potest,</span> <span class='ocrx_word' id='word_1_289' title='bbox 1611 4092 1686 4165; x_wconf 86' lang='lat' dir='ltr'>quia</span> <span class='ocrx_word' id='word_1_290' title='bbox 1699 4090 1789 4147; x_wconf 89' lang='lat' dir='ltr'>nimi·</span> 
     </span>
     <span class='ocr_line' id='line_1_27' title="bbox 85 4177 1790 4253; baseline -0.002 -16"><span class='ocrx_word' id='word_1_291' title='bbox 85 4181 383 4252; x_wconf 86' lang='lat' dir='ltr'>obedientiaincipit,</span> <span class='ocrx_word' id='word_1_292' title='bbox 391 4180 649 4253; x_wconf 86' lang='lat' dir='ltr'>quemadmodum</span> <span class='ocrx_word' id='word_1_293' title='bbox 658 4196 747 4237; x_wconf 91' lang='lat' dir='ltr'>omne</span> <span class='ocrx_word' id='word_1_294' title='bbox 755 4179 912 4239; x_wconf 87' lang='lat' dir='ltr'>vitiumab</span> <span class='ocrx_word' id='word_1_295' title='bbox 967 4199 1036 4239; x_wconf 88' lang='lat' dir='ltr'>rum</span> <span class='ocrx_word' id='word_1_296' title='bbox 1051 4184 1151 4240; x_wconf 90' lang='lat' dir='ltr'>omnis</span> <span class='ocrx_word' id='word_1_297' title='bbox 1165 4183 1216 4239; x_wconf 88' lang='lat' dir='ltr'>ille</span> <span class='ocrx_word' id='word_1_298' title='bbox 1230 4182 1398 4239; x_wconf 88' lang='lat' dir='ltr'>rectissime</span> <span class='ocrx_word' id='word_1_299' title='bbox 1413 4181 1470 4238; x_wconf 90' lang='lat' dir='ltr'>soli</span> <span class='ocrx_word' id='word_1_300' title='bbox 1491 4182 1556 4238; x_wconf 89' lang='lat' dir='ltr'>Deo</span> <span class='ocrx_word' id='word_1_301' title='bbox 1582 4180 1695 4237; x_wconf 84' lang='lat' dir='ltr'>servire</span> <span class='ocrx_word' id='word_1_302' title='bbox 1717 4177 1790 4235; x_wconf 88' lang='lat' dir='ltr'>dici·</span> 
     </span>
     <span class='ocr_line' id='line_1_28' title="bbox 85 4267 1792 4346; baseline -0.002 -20"><span class='ocrx_word' id='word_1_303' title='bbox 85 4270 294 4327; x_wconf 83' lang='lat' dir='ltr'>inobedientia</span> <span class='ocrx_word' id='word_1_304' title='bbox 305 4270 449 4342; x_wconf 88' lang='lat' dir='ltr'>procedit.</span> <span class='ocrx_word' id='word_1_305' title='bbox 462 4271 590 4326; x_wconf 85' lang='lat' dir='ltr'>Frustra</span> <span class='ocrx_word' id='word_1_306' title='bbox 604 4284 737 4343; x_wconf 88' lang='lat' dir='ltr'>namque</span> <span class='ocrx_word' id='word_1_307' title='bbox 749 4271 798 4327; x_wconf 85' lang='lat' dir='ltr'>vel</span> <span class='ocrx_word' id='word_1_308' title='bbox 807 4271 912 4328; x_wconf 89' lang='lat' dir='ltr'>inobe·</span> <span class='ocrx_word' id='word_1_309' title='bbox 967 4277 1028 4344; x_wconf 90' lang='lat' dir='ltr'>tur,</span> <span class='ocrx_word' id='word_1_310' title='bbox 1044 4273 1138 4346; x_wconf 90' lang='lat' dir='ltr'>quiet</span> <span class='ocrx_word' id='word_1_311' title='bbox 1152 4272 1319 4330; x_wconf 89' lang='lat' dir='ltr'>secundum</span> <span class='ocrx_word' id='word_1_312' title='bbox 1333 4272 1430 4328; x_wconf 87' lang='lat' dir='ltr'>Deum</span> <span class='ocrx_word' id='word_1_313' title='bbox 1445 4269 1565 4328; x_wconf 90' lang='lat' dir='ltr'>bomini</span> <span class='ocrx_word' id='word_1_314' title='bbox 1579 4267 1729 4342; x_wconf 87' lang='lat' dir='ltr'>superiori</span> <span class='ocrx_word' id='word_1_315' title='bbox 1737 4267 1792 4323; x_wconf 92' lang='lat' dir='ltr'>hu·</span> 
     </span>
     <span class='ocr_line' id='line_1_29' title="bbox 87 4357 1791 4433; baseline -0.003 -18"><span class='ocrx_word' id='word_1_316' title='bbox 87 4362 183 4417; x_wconf 86' lang='lat' dir='ltr'>dienti</span> <span class='ocrx_word' id='word_1_317' title='bbox 198 4361 307 4431; x_wconf 86' lang='lat' dir='ltr'>gratia,</span> <span class='ocrx_word' id='word_1_318' title='bbox 327 4360 375 4416; x_wconf 76' lang='lat' dir='ltr'>rel</span> <span class='ocrx_word' id='word_1_319' title='bbox 389 4361 562 4416; x_wconf 89' lang='lat' dir='ltr'>contumaci</span> <span class='ocrx_word' id='word_1_320' title='bbox 576 4359 781 4429; x_wconf 89' lang='lat' dir='ltr'>doctrina,vel</span> <span class='ocrx_word' id='word_1_321' title='bbox 797 4361 912 4416; x_wconf 92' lang='lat' dir='ltr'>nonin·</span> <span class='ocrx_word' id='word_1_322' title='bbox 968 4362 1081 4419; x_wconf 91' lang='lat' dir='ltr'>militer</span> <span class='ocrx_word' id='word_1_323' title='bbox 1096 4377 1128 4418; x_wconf 90' lang='lat' dir='ltr'>se</span> <span class='ocrx_word' id='word_1_324' title='bbox 1145 4361 1278 4433; x_wconf 87' lang='lat' dir='ltr'>subjicit,</span> <span class='ocrx_word' id='word_1_325' title='bbox 1292 4363 1322 4416; x_wconf 91' lang='lat' dir='ltr'>et</span> <span class='ocrx_word' id='word_1_326' title='bbox 1339 4360 1394 4416; x_wconf 92' lang='lat' dir='ltr'>ubi</span> <span class='ocrx_word' id='word_1_327' title='bbox 1408 4373 1500 4416; x_wconf 85' lang='lat' dir='ltr'>causa</span> <span class='ocrx_word' id='word_1_328' title='bbox 1514 4357 1570 4414; x_wconf 87' lang='lat' dir='ltr'>Dei</span> <span class='ocrx_word' id='word_1_329' title='bbox 1589 4357 1791 4430; x_wconf 86' lang='lat' dir='ltr'>impugnatur</span> 
     </span>
     <span class='ocr_line' id='line_1_30' title="bbox 88 4445 1794 4522; baseline -0.004 -16"><span class='ocrx_word' id='word_1_330' title='bbox 88 4448 569 4521; x_wconf 73' lang='lat' dir='ltr'>telligentipraeceptumdaretur.</span> <span class='ocrx_word' id='word_1_331' title='bbox 583 4448 913 4522; x_wconf 88' lang='lat' dir='ltr'>Idciroprimumaudi,</span> <span class='ocrx_word' id='word_1_332' title='bbox 968 4451 1096 4507; x_wconf 88' lang='lat' dir='ltr'>fidenter</span> <span class='ocrx_word' id='word_1_333' title='bbox 1109 4449 1300 4518; x_wconf 87' lang='lat' dir='ltr'>contradicit,</span> <span class='ocrx_word' id='word_1_334' title='bbox 1316 4448 1369 4522; x_wconf 90' lang='lat' dir='ltr'>qui</span> <span class='ocrx_word' id='word_1_335' title='bbox 1382 4451 1469 4505; x_wconf 84' lang='lat' dir='ltr'>cavet</span> <span class='ocrx_word' id='word_1_336' title='bbox 1483 4446 1611 4503; x_wconf 90' lang='lat' dir='ltr'>sollicite</span> <span class='ocrx_word' id='word_1_337' title='bbox 1628 4460 1666 4501; x_wconf 90' lang='lat' dir='ltr'>ne</span> <span class='ocrx_word' id='word_1_338' title='bbox 1688 4445 1721 4500; x_wconf 91' lang='lat' dir='ltr'>in</span> <span class='ocrx_word' id='word_1_339' title='bbox 1737 4458 1794 4499; x_wconf 89' lang='lat' dir='ltr'>sua</span> 
     </span>
     <span class='ocr_line' id='line_1_31' title="bbox 90 4532 1793 4611; baseline -0.003 -18"><span class='ocrx_word' id='word_1_340' title='bbox 90 4537 195 4595; x_wconf 74' lang='lat' dir='ltr'>isarel.</span> <span class='ocrx_word' id='word_1_341' title='bbox 219 4543 253 4593; x_wconf 91' lang='lat' dir='ltr'>ut</span> <span class='ocrx_word' id='word_1_342' title='bbox 276 4538 303 4592; x_wconf 88' lang='lat' dir='ltr'>si</span> <span class='ocrx_word' id='word_1_343' title='bbox 324 4537 479 4607; x_wconf 69' lang='lat' dir='ltr'>obediente,</span> <span class='ocrx_word' id='word_1_344' title='bbox 506 4541 589 4593; x_wconf 73' lang='lat' dir='ltr'>Deris</span> <span class='ocrx_word' id='word_1_345' title='bbox 614 4543 702 4608; x_wconf 77' lang='lat' dir='ltr'>treus,</span> <span class='ocrx_word' id='word_1_346' title='bbox 731 4542 766 4593; x_wconf 91' lang='lat' dir='ltr'>ut</span> <span class='ocrx_word' id='word_1_347' title='bbox 786 4537 914 4593; x_wconf 86' lang='lat' dir='ltr'>devotus</span> <span class='ocrx_word' id='word_1_348' title='bbox 969 4540 1127 4610; x_wconf 87' lang='lat' dir='ltr'>servitute,</span> <span class='ocrx_word' id='word_1_349' title='bbox 1142 4538 1190 4594; x_wconf 89' lang='lat' dir='ltr'>vel</span> <span class='ocrx_word' id='word_1_350' title='bbox 1202 4553 1257 4611; x_wconf 91' lang='lat' dir='ltr'>pro</span> <span class='ocrx_word' id='word_1_351' title='bbox 1276 4537 1386 4593; x_wconf 89' lang='lat' dir='ltr'>timore</span> <span class='ocrx_word' id='word_1_352' title='bbox 1407 4535 1542 4592; x_wconf 89' lang='lat' dir='ltr'>hominis</span> <span class='ocrx_word' id='word_1_353' title='bbox 1566 4537 1673 4591; x_wconf 89' lang='lat' dir='ltr'>contra</span> <span class='ocrx_word' id='word_1_354' title='bbox 1693 4532 1793 4589; x_wconf 89' lang='lat' dir='ltr'>Deum</span> 
     </span>
     <span class='ocr_line' id='line_1_32' title="bbox 93 4620 1792 4701; baseline -0.002 -22"><span class='ocrx_word' id='word_1_355' title='bbox 93 4628 215 4695; x_wconf 83' lang='lat' dir='ltr'>existas,</span> <span class='ocrx_word' id='word_1_356' title='bbox 232 4629 316 4681; x_wconf 81' lang='lat' dir='ltr'>Deus</span> <span class='ocrx_word' id='word_1_357' title='bbox 333 4643 420 4681; x_wconf 77' lang='lat' dir='ltr'>ten-us</span> <span class='ocrx_word' id='word_1_358' title='bbox 434 4632 492 4695; x_wconf 82' lang='lat' dir='ltr'>est,</span> <span class='ocrx_word' id='word_1_359' title='bbox 517 4631 552 4682; x_wconf 89' lang='lat' dir='ltr'>ut</span> <span class='ocrx_word' id='word_1_360' title='bbox 574 4626 734 4682; x_wconf 87' lang='lat' dir='ltr'>veritatem</span> <span class='ocrx_word' id='word_1_361' title='bbox 754 4641 912 4697; x_wconf 78' lang='lat' dir='ltr'>agnoscas.</span> <span class='ocrx_word' id='word_1_362' title='bbox 970 4628 1044 4701; x_wconf 89' lang='lat' dir='ltr'>quid</span> <span class='ocrx_word' id='word_1_363' title='bbox 1058 4628 1161 4698; x_wconf 84' lang='lat' dir='ltr'>faciat,</span> <span class='ocrx_word' id='word_1_364' title='bbox 1176 4627 1225 4683; x_wconf 90' lang='lat' dir='ltr'>vel</span> <span class='ocrx_word' id='word_1_365' title='bbox 1239 4631 1366 4683; x_wconf 74' lang='lat' dir='ltr'>terrente</span> <span class='ocrx_word' id='word_1_366' title='bbox 1385 4623 1597 4681; x_wconf 89' lang='lat' dir='ltr'>retributionis</span> <span class='ocrx_word' id='word_1_367' title='bbox 1619 4622 1738 4679; x_wconf 89' lang='lat' dir='ltr'>lucrum</span> <span class='ocrx_word' id='word_1_368' title='bbox 1758 4620 1792 4676; x_wconf 89' lang='lat' dir='ltr'>iu</span> 
     </span>
     <span class='ocr_line' id='line_1_33' title="bbox 93 4709 1796 4788; baseline -0.002 -21"><span class='ocrx_word' id='word_1_369' title='bbox 93 4714 207 4770; x_wconf 84' lang='lat' dir='ltr'>Deinde</span> <span class='ocrx_word' id='word_1_370' title='bbox 223 4715 362 4786; x_wconf 84' lang='lat' dir='ltr'>sequitur</span> <span class='ocrx_word' id='word_1_371' title='bbox 376 4719 584 4787; x_wconf 72' lang='lat' dir='ltr'>praeceptum:</span> <span class='ocrx_word' id='word_1_372' title='bbox 613 4716 725 4783; x_wconf 84' lang='lat' dir='ltr'>Ipsam</span> <span class='ocrx_word' id='word_1_373' title='bbox 751 4716 915 4785; x_wconf 81' lang='lat' dir='ltr'>adorabis,</span> <span class='ocrx_word' id='word_1_374' title='bbox 970 4716 1139 4772; x_wconf 90' lang='lat' dir='ltr'>intentione</span> <span class='ocrx_word' id='word_1_375' title='bbox 1173 4715 1287 4771; x_wconf 86' lang='lat' dir='ltr'>coelesti</span> <span class='ocrx_word' id='word_1_376' title='bbox 1315 4714 1440 4788; x_wconf 66' lang='lat' dir='ltr'>praemio</span> <span class='ocrx_word' id='word_1_377' title='bbox 1466 4713 1643 4784; x_wconf 88' lang='lat' dir='ltr'>anteponat.</span> <span class='ocrx_word' id='word_1_378' title='bbox 1676 4709 1735 4766; x_wconf 84' lang='lat' dir='ltr'>Sed</span> <span class='ocrx_word' id='word_1_379' title='bbox 1761 4709 1796 4764; x_wconf 91' lang='lat' dir='ltr'>in</span> 
     </span>
     <span class='ocr_line' id='line_1_34' title="bbox 93 4798 1796 4875; baseline -0.002 -20"><span class='ocrx_word' id='word_1_380' title='bbox 93 4800 150 4856; x_wconf 91' lang='lat' dir='ltr'>hoe</span> <span class='ocrx_word' id='word_1_381' title='bbox 162 4803 295 4874; x_wconf 86' lang='lat' dir='ltr'>pertinet</span> <span class='ocrx_word' id='word_1_382' title='bbox 305 4802 344 4856; x_wconf 86' lang='lat' dir='ltr'>ad</span> <span class='ocrx_word' id='word_1_383' title='bbox 359 4803 458 4857; x_wconf 85' lang='lat' dir='ltr'>tidem.</span> <span class='ocrx_word' id='word_1_384' title='bbox 476 4805 516 4857; x_wconf 83' lang='lat' dir='ltr'>Et</span> <span class='ocrx_word' id='word_1_385' title='bbox 530 4803 630 4857; x_wconf 85' lang='lat' dir='ltr'>cisotl</span> <span class='ocrx_word' id='word_1_386' title='bbox 640 4804 775 4871; x_wconf 83' lang='lat' dir='ltr'>servies,</span> <span class='ocrx_word' id='word_1_387' title='bbox 786 4802 843 4858; x_wconf 90' lang='lat' dir='ltr'>hoc</span> <span class='ocrx_word' id='word_1_388' title='bbox 853 4818 917 4875; x_wconf 80' lang='lat' dir='ltr'>per·</span> <span class='ocrx_word' id='word_1_389' title='bbox 971 4804 1075 4861; x_wconf 87' lang='lat' dir='ltr'>Graeco</span> <span class='ocrx_word' id='word_1_390' title='bbox 1088 4803 1280 4861; x_wconf 83' lang='lat' dir='ltr'>manifestior</span> <span class='ocrx_word' id='word_1_391' title='bbox 1293 4801 1445 4858; x_wconf 89' lang='lat' dir='ltr'>sententia</span> <span class='ocrx_word' id='word_1_392' title='bbox 1459 4815 1603 4873; x_wconf 80' lang='lat' dir='ltr'>expressa</span> <span class='ocrx_word' id='word_1_393' title='bbox 1616 4801 1672 4855; x_wconf 88' lang='lat' dir='ltr'>est.</span> <span class='ocrx_word' id='word_1_394' title='bbox 1690 4798 1796 4854; x_wconf 81' lang='lat' dir='ltr'>Graeca</span> 
     </span>
     <span class='ocr_line' id='line_1_35' title="bbox 92 4887 1796 4965; baseline -0.002 -20"><span class='ocrx_word' id='word_1_395' title='bbox 92 4891 169 4945; x_wconf 91' lang='lat' dir='ltr'>tinet</span> <span class='ocrx_word' id='word_1_396' title='bbox 186 4891 225 4946; x_wconf 88' lang='lat' dir='ltr'>ad</span> <span class='ocrx_word' id='word_1_397' title='bbox 245 4890 463 4962; x_wconf 88' lang='lat' dir='ltr'>operationem.</span> <span class='ocrx_word' id='word_1_398' title='bbox 477 4891 569 4946; x_wconf 87' lang='lat' dir='ltr'>Fides</span> <span class='ocrx_word' id='word_1_399' title='bbox 588 4890 667 4945; x_wconf 86' lang='lat' dir='ltr'>enim</span> <span class='ocrx_word' id='word_1_400' title='bbox 682 4906 811 4962; x_wconf 87' lang='lat' dir='ltr'>operans</span> <span class='ocrx_word' id='word_1_401' title='bbox 826 4906 863 4946; x_wconf 83' lang='lat' dir='ltr'>ex</span> <span class='ocrx_word' id='word_1_402' title='bbox 878 4891 919 4947; x_wconf 90' lang='lat' dir='ltr'>di·</span> <span class='ocrx_word' id='word_1_403' title='bbox 972 4909 1105 4965; x_wconf 88' lang='lat' dir='ltr'>namque</span> <span class='ocrx_word' id='word_1_404' title='bbox 1120 4893 1233 4949; x_wconf 91' lang='lat' dir='ltr'>locutio</span> <span class='ocrx_word' id='word_1_405' title='bbox 1258 4891 1394 4947; x_wconf 86' lang='lat' dir='ltr'>divinam</span> <span class='ocrx_word' id='word_1_406' title='bbox 1411 4890 1590 4946; x_wconf 87' lang='lat' dir='ltr'>servitutem</span> <span class='ocrx_word' id='word_1_407' title='bbox 1604 4887 1644 4944; x_wconf 86' lang='lat' dir='ltr'>ab</span> <span class='ocrx_word' id='word_1_408' title='bbox 1660 4887 1796 4943; x_wconf 87' lang='lat' dir='ltr'>humana</span> 
     </span>
     <span class='ocr_line' id='line_1_36' title="bbox 90 4976 1794 5055; baseline -0.002 -23"><span class='ocrx_word' id='word_1_409' title='bbox 90 4978 219 5033; x_wconf 86' lang='lat' dir='ltr'>lectione</span> <span class='ocrx_word' id='word_1_410' title='bbox 232 4979 400 5050; x_wconf 87' lang='lat' dir='ltr'>pericolum</span> <span class='ocrx_word' id='word_1_411' title='bbox 415 4979 499 5048; x_wconf 86' lang='lat' dir='ltr'>iacit,</span> <span class='ocrx_word' id='word_1_412' title='bbox 513 4979 587 5051; x_wconf 85' lang='lat' dir='ltr'>quia</span> <span class='ocrx_word' id='word_1_413' title='bbox 598 4994 652 5034; x_wconf 88' lang='lat' dir='ltr'>nec</span> <span class='ocrx_word' id='word_1_414' title='bbox 670 4994 747 5051; x_wconf 91' lang='lat' dir='ltr'>opus</span> <span class='ocrx_word' id='word_1_415' title='bbox 760 4979 825 5034; x_wconf 86' lang='lat' dir='ltr'>eine</span> <span class='ocrx_word' id='word_1_416' title='bbox 846 4979 915 5048; x_wconf 83' lang='lat' dir='ltr'>fide,</span> <span class='ocrx_word' id='word_1_417' title='bbox 971 4983 1094 5055; x_wconf 88' lang='lat' dir='ltr'>proprio</span> <span class='ocrx_word' id='word_1_418' title='bbox 1107 4979 1256 5037; x_wconf 73' lang='lat' dir='ltr'>vocabulo</span> <span class='ocrx_word' id='word_1_419' title='bbox 1274 4977 1439 5049; x_wconf 87' lang='lat' dir='ltr'>distinguit</span> <span class='ocrx_word' id='word_1_420' title='bbox 1451 4976 1534 5049; x_wconf 88' lang='lat' dir='ltr'>quod</span> <span class='ocrx_word' id='word_1_421' title='bbox 1559 4976 1713 5033; x_wconf 87' lang='lat' dir='ltr'>Latinitas</span> <span class='ocrx_word' id='word_1_422' title='bbox 1732 4988 1794 5030; x_wconf 89' lang='lat' dir='ltr'>non</span> 
     </span>
     <span class='ocr_line' id='line_1_37' title="bbox 91 5063 1798 5140; baseline -0.001 -21"><span class='ocrx_word' id='word_1_423' title='bbox 91 5083 145 5120; x_wconf 82' lang='lat' dir='ltr'>nee</span> <span class='ocrx_word' id='word_1_424' title='bbox 158 5066 232 5122; x_wconf 87' lang='lat' dir='ltr'>fides</span> <span class='ocrx_word' id='word_1_425' title='bbox 259 5067 308 5122; x_wconf 87' lang='lat' dir='ltr'>cui</span> <span class='ocrx_word' id='word_1_426' title='bbox 333 5071 454 5138; x_wconf 83' lang='lat' dir='ltr'>tempus</span> <span class='ocrx_word' id='word_1_427' title='bbox 479 5068 624 5140; x_wconf 89' lang='lat' dir='ltr'>suppetit,</span> <span class='ocrx_word' id='word_1_428' title='bbox 649 5071 770 5138; x_wconf 88' lang='lat' dir='ltr'>accepta</span> <span class='ocrx_word' id='word_1_429' title='bbox 792 5067 919 5124; x_wconf 89' lang='lat' dir='ltr'>estsine</span> <span class='ocrx_word' id='word_1_430' title='bbox 972 5071 1065 5128; x_wconf 89' lang='lat' dir='ltr'>habet</span> <span class='ocrx_word' id='word_1_431' title='bbox 1082 5069 1144 5125; x_wconf 88' lang='lat' dir='ltr'>:ibi</span> <span class='ocrx_word' id='word_1_432' title='bbox 1160 5069 1241 5125; x_wconf 89' lang='lat' dir='ltr'>enim</span> <span class='ocrx_word' id='word_1_433' title='bbox 1254 5067 1311 5124; x_wconf 90' lang='lat' dir='ltr'>Dei</span> <span class='ocrx_word' id='word_1_434' title='bbox 1326 5066 1458 5123; x_wconf 87' lang='lat' dir='ltr'>servitus</span> <span class='ocrx_word' id='word_1_435' title='bbox 1474 5067 1589 5135; x_wconf 83' lang='lat' dir='ltr'>latria,</span> <span class='ocrx_word' id='word_1_436' title='bbox 1604 5069 1634 5120; x_wconf 90' lang='lat' dir='ltr'>et</span> <span class='ocrx_word' id='word_1_437' title='bbox 1662 5063 1798 5119; x_wconf 88' lang='lat' dir='ltr'>humana</span> 
     </span>
     <span class='ocr_line' id='line_1_38' title="bbox 91 5151 1800 5228; baseline -0.003 -19"><span class='ocrx_word' id='word_1_438' title='bbox 91 5170 189 5226; x_wconf 88' lang='lat' dir='ltr'>opere.</span> <span class='ocrx_word' id='word_1_439' title='bbox 204 5155 352 5228; x_wconf 88' lang='lat' dir='ltr'>Proptera</span> <span class='ocrx_word' id='word_1_440' title='bbox 366 5155 460 5211; x_wconf 85' lang='lat' dir='ltr'>adora</span> <span class='ocrx_word' id='word_1_441' title='bbox 474 5160 552 5211; x_wconf 86' lang='lat' dir='ltr'>recte</span> <span class='ocrx_word' id='word_1_442' title='bbox 567 5154 725 5222; x_wconf 87' lang='lat' dir='ltr'>credendo,</span> <span class='ocrx_word' id='word_1_443' title='bbox 742 5156 821 5212; x_wconf 85' lang='lat' dir='ltr'>servi</span> <span class='ocrx_word' id='word_1_444' title='bbox 837 5157 914 5212; x_wconf 85' lang='lat' dir='ltr'>bene</span> <span class='ocrx_word' id='word_1_445' title='bbox 973 5162 1070 5214; x_wconf 72' lang='lat' dir='ltr'>dritta</span> <span class='ocrx_word' id='word_1_446' title='bbox 1077 5158 1257 5215; x_wconf 80' lang='lat' dir='ltr'>vacatur.Et</span> <span class='ocrx_word' id='word_1_447' title='bbox 1266 5157 1306 5213; x_wconf 95' lang='lat' dir='ltr'>ob</span> <span class='ocrx_word' id='word_1_448' title='bbox 1321 5156 1378 5212; x_wconf 89' lang='lat' dir='ltr'>hoc</span> <span class='ocrx_word' id='word_1_449' title='bbox 1389 5154 1558 5211; x_wconf 77' lang='lat' dir='ltr'>idololatrae</span> <span class='ocrx_word' id='word_1_450' title='bbox 1571 5152 1716 5226; x_wconf 89' lang='lat' dir='ltr'>appellati</span> <span class='ocrx_word' id='word_1_451' title='bbox 1726 5151 1800 5206; x_wconf 90' lang='lat' dir='ltr'>sunt</span> 
     </span>
     <span class='ocr_line' id='line_1_39' title="bbox 91 5237 1801 5329; baseline -0.002 -33"><span class='ocrx_word' id='word_1_452' title='bbox 91 5243 253 5314; x_wconf 88' lang='lat' dir='ltr'>operando.</span> <span class='ocrx_word' id='word_1_453' title='bbox 270 5244 371 5310; x_wconf 66' lang='lat' dir='ltr'>Quaeri</span> <span class='ocrx_word' id='word_1_454' title='bbox 387 5248 488 5299; x_wconf 86' lang='lat' dir='ltr'>autern</span> <span class='ocrx_word' id='word_1_455' title='bbox 509 5247 619 5316; x_wconf 86' lang='lat' dir='ltr'>potest,</span> <span class='ocrx_word' id='word_1_456' title='bbox 638 5244 663 5298; x_wconf 88' lang='lat' dir='ltr'>si</span> <span class='ocrx_word' id='word_1_457' title='bbox 683 5244 715 5299; x_wconf 92' lang='lat' dir='ltr'>id</span> <span class='ocrx_word' id='word_1_458' title='bbox 729 5243 812 5316; x_wconf 89' lang='lat' dir='ltr'>quod</span> <span class='ocrx_word' id='word_1_459' title='bbox 826 5244 915 5315; x_wconf 81' lang='lat' dir='ltr'>dixit,</span> <span class='ocrx_word' id='word_1_460' title='bbox 935 5273 958 5329; x_wconf 72' lang='lat' dir='ltr'>C</span> <span class='ocrx_word' id='word_1_461' title='bbox 973 5248 1027 5320; x_wconf 83' lang='lat' dir='ltr'>qni</span> <span class='ocrx_word' id='word_1_462' title='bbox 1042 5263 1107 5303; x_wconf 87' lang='lat' dir='ltr'>eam</span> <span class='ocrx_word' id='word_1_463' title='bbox 1122 5247 1300 5302; x_wconf 88' lang='lat' dir='ltr'>servitutem</span> <span class='ocrx_word' id='word_1_464' title='bbox 1315 5261 1408 5317; x_wconf 82' lang='lat' dir='ltr'>quam</span> <span class='ocrx_word' id='word_1_465' title='bbox 1421 5243 1485 5300; x_wconf 89' lang='lat' dir='ltr'>Deo</span> <span class='ocrx_word' id='word_1_466' title='bbox 1499 5243 1681 5311; x_wconf 89' lang='lat' dir='ltr'>debuerunt,</span> <span class='ocrx_word' id='word_1_467' title='bbox 1709 5237 1801 5296; x_wconf 85' lang='lat' dir='ltr'>idolis</span> 
     </span>
     <span class='ocr_line' id='line_1_40' title="bbox 91 5326 1801 5404; baseline -0.001 -21"><span class='ocrx_word' id='word_1_468' title='bbox 91 5334 122 5383; x_wconf 74' lang='lat' dir='ltr'>ri</span> <span class='ocrx_word' id='word_1_469' title='bbox 135 5335 207 5399; x_wconf 83' lang='lat' dir='ltr'>soti,</span> <span class='ocrx_word' id='word_1_470' title='bbox 221 5332 259 5386; x_wconf 87' lang='lat' dir='ltr'>ad</span> <span class='ocrx_word' id='word_1_471' title='bbox 273 5335 439 5404; x_wconf 89' lang='lat' dir='ltr'>utrumque</span> <span class='ocrx_word' id='word_1_472' title='bbox 454 5331 645 5387; x_wconf 84' lang='lat' dir='ltr'>referendum</span> <span class='ocrx_word' id='word_1_473' title='bbox 658 5336 714 5399; x_wconf 92' lang='lat' dir='ltr'>est,</span> <span class='ocrx_word' id='word_1_474' title='bbox 735 5336 770 5387; x_wconf 92' lang='lat' dir='ltr'>ut</span> <span class='ocrx_word' id='word_1_475' title='bbox 785 5332 915 5404; x_wconf 86' lang='lat' dir='ltr'>dicatur,</span> <span class='ocrx_word' id='word_1_476' title='bbox 972 5336 1169 5392; x_wconf 88' lang='lat' dir='ltr'>exhibebant.</span> <span class='ocrx_word' id='word_1_477' title='bbox 1195 5335 1252 5390; x_wconf 83' lang='lat' dir='ltr'>Sed</span> <span class='ocrx_word' id='word_1_478' title='bbox 1277 5334 1390 5390; x_wconf 90' lang='lat' dir='ltr'>Latina</span> <span class='ocrx_word' id='word_1_479' title='bbox 1409 5332 1516 5403; x_wconf 87' lang='lat' dir='ltr'>lingua</span> <span class='ocrx_word' id='word_1_480' title='bbox 1549 5335 1712 5400; x_wconf 88' lang='lat' dir='ltr'>utramque</span> <span class='ocrx_word' id='word_1_481' title='bbox 1742 5326 1801 5383; x_wconf 91' lang='lat' dir='ltr'>sub</span> 
     </span>
     <span class='ocr_line' id='line_1_41' title="bbox 93 5417 1797 5493; baseline -0.002 -19"><span class='ocrx_word' id='word_1_482' title='bbox 93 5420 199 5492; x_wconf 74' lang='lat' dir='ltr'>Ipsum</span> <span class='ocrx_word' id='word_1_483' title='bbox 213 5420 311 5477; x_wconf 84' lang='lat' dir='ltr'>solnm</span> <span class='ocrx_word' id='word_1_484' title='bbox 327 5420 470 5477; x_wconf 85' lang='lat' dir='ltr'>adorabis</span> <span class='ocrx_word' id='word_1_485' title='bbox 485 5423 514 5475; x_wconf 89' lang='lat' dir='ltr'>et</span> <span class='ocrx_word' id='word_1_486' title='bbox 527 5420 554 5473; x_wconf 89' lang='lat' dir='ltr'>ei</span> <span class='ocrx_word' id='word_1_487' title='bbox 569 5419 624 5474; x_wconf 88' lang='lat' dir='ltr'>soli</span> <span class='ocrx_word' id='word_1_488' title='bbox 636 5418 773 5474; x_wconf 80' lang='lat' dir='ltr'>servies?</span> <span class='ocrx_word' id='word_1_489' title='bbox 787 5420 844 5476; x_wconf 89' lang='lat' dir='ltr'>Sed</span> <span class='ocrx_word' id='word_1_490' title='bbox 860 5421 917 5478; x_wconf 90' lang='lat' dir='ltr'>hoc</span> <span class='ocrx_word' id='word_1_491' title='bbox 974 5424 1209 5480; x_wconf 88' lang='lat' dir='ltr'>eodemnomine</span> <span class='ocrx_word' id='word_1_492' title='bbox 1218 5423 1395 5478; x_wconf 88' lang='lat' dir='ltr'>servitutem</span> <span class='ocrx_word' id='word_1_493' title='bbox 1406 5417 1646 5493; x_wconf 87' lang='lat' dir='ltr'>comprehendit,</span> <span class='ocrx_word' id='word_1_494' title='bbox 1658 5420 1687 5472; x_wconf 89' lang='lat' dir='ltr'>ct</span> <span class='ocrx_word' id='word_1_495' title='bbox 1706 5429 1797 5490; x_wconf 87' lang='lat' dir='ltr'>prop-</span> 
     </span>
     <span class='ocr_line' id='line_1_42' title="bbox 92 5503 1802 5583; baseline 0.001 -24"><span class='ocrx_word' id='word_1_496' title='bbox 92 5509 247 5580; x_wconf 82' lang='lat' dir='ltr'>quomodo</span> <span class='ocrx_word' id='word_1_497' title='bbox 262 5515 341 5566; x_wconf 88' lang='lat' dir='ltr'>stare</span> <span class='ocrx_word' id='word_1_498' title='bbox 356 5510 479 5583; x_wconf 89' lang='lat' dir='ltr'>poterit,</span> <span class='ocrx_word' id='word_1_499' title='bbox 494 5508 568 5581; x_wconf 85' lang='lat' dir='ltr'>quia</span> <span class='ocrx_word' id='word_1_500' title='bbox 581 5522 659 5579; x_wconf 79' lang='lat' dir='ltr'>sape</span> <span class='ocrx_word' id='word_1_501' title='bbox 683 5508 716 5562; x_wconf 92' lang='lat' dir='ltr'>in</span> <span class='ocrx_word' id='word_1_502' title='bbox 730 5507 831 5565; x_wconf 86' lang='lat' dir='ltr'>Veteri</span> <span class='ocrx_word' id='word_1_503' title='bbox 846 5509 917 5567; x_wconf 83' lang='lat' dir='ltr'>Tes·</span> <span class='ocrx_word' id='word_1_504' title='bbox 976 5517 1057 5568; x_wconf 88' lang='lat' dir='ltr'>terea</span> <span class='ocrx_word' id='word_1_505' title='bbox 1076 5512 1234 5569; x_wconf 89' lang='lat' dir='ltr'>obscurior</span> <span class='ocrx_word' id='word_1_506' title='bbox 1256 5511 1423 5582; x_wconf 85' lang='lat' dir='ltr'>signifiatio</span> <span class='ocrx_word' id='word_1_507' title='bbox 1447 5511 1528 5564; x_wconf 89' lang='lat' dir='ltr'>iacta</span> <span class='ocrx_word' id='word_1_508' title='bbox 1552 5510 1608 5574; x_wconf 88' lang='lat' dir='ltr'>est,</span> <span class='ocrx_word' id='word_1_509' title='bbox 1633 5519 1702 5560; x_wconf 88' lang='lat' dir='ltr'>cum</span> <span class='ocrx_word' id='word_1_510' title='bbox 1729 5503 1802 5562; x_wconf 88' lang='lat' dir='ltr'>dici·</span> 
     </span>
     <span class='ocr_line' id='line_1_43' title="bbox 91 5591 1803 5670; baseline -0.001 -20"><span class='ocrx_word' id='word_1_511' title='bbox 91 5602 232 5654; x_wconf 82' lang='lat' dir='ltr'>lamento</span> <span class='ocrx_word' id='word_1_512' title='bbox 248 5603 370 5655; x_wconf 87' lang='lat' dir='ltr'>sanctos</span> <span class='ocrx_word' id='word_1_513' title='bbox 388 5600 472 5656; x_wconf 79' lang='lat' dir='ltr'>viros</span> <span class='ocrx_word' id='word_1_514' title='bbox 496 5613 558 5652; x_wconf 92' lang='lat' dir='ltr'>non</span> <span class='ocrx_word' id='word_1_515' title='bbox 582 5596 680 5652; x_wconf 86' lang='lat' dir='ltr'>solnm</span> <span class='ocrx_word' id='word_1_516' title='bbox 704 5597 827 5666; x_wconf 78' lang='lat' dir='ltr'>arigelos</span> <span class='ocrx_word' id='word_1_517' title='bbox 849 5598 919 5654; x_wconf 88' lang='lat' dir='ltr'>ado·</span> <span class='ocrx_word' id='word_1_518' title='bbox 977 5605 1027 5656; x_wconf 86' lang='lat' dir='ltr'>tur</span> <span class='ocrx_word' id='word_1_519' title='bbox 1044 5617 1049 5655; x_wconf 92' lang='lat'><strong>:</strong></span> <span class='ocrx_word' id='word_1_520' title='bbox 1066 5602 1107 5654; x_wconf 82' lang='lat' dir='ltr'>Ei</span> <span class='ocrx_word' id='word_1_521' title='bbox 1118 5601 1182 5655; x_wconf 83' lang='lat' dir='ltr'>soli</span> <span class='ocrx_word' id='word_1_522' title='bbox 1196 5600 1327 5668; x_wconf 82' lang='lat' dir='ltr'>serrics,</span> <span class='ocrx_word' id='word_1_523' title='bbox 1350 5596 1432 5670; x_wconf 81' lang='lat' dir='ltr'>quod</span> <span class='ocrx_word' id='word_1_524' title='bbox 1455 5596 1487 5650; x_wconf 92' lang='lat' dir='ltr'>in</span> <span class='ocrx_word' id='word_1_525' title='bbox 1502 5594 1607 5650; x_wconf 73' lang='lat' dir='ltr'>Graeco</span> <span class='ocrx_word' id='word_1_526' title='bbox 1621 5591 1803 5664; x_wconf 88' lang='lat' dir='ltr'>ambiguum</span> 
     </span>
    </p>
   </div>
   <div class='ocr_carea' id='block_1_8' title="bbox 234 5700 1758 5769">
    <p class='ocr_par' dir='ltr' id='par_1_8' title="bbox 234 5700 1758 5769">
     <span class='ocr_line' id='line_1_44' title="bbox 234 5700 1758 5769; baseline -0.003 -7"><span class='ocrx_word' id='word_1_527' title='bbox 234 5707 371 5765; x_wconf 74' lang='lat' dir='ltr'>Parnoi.</span> <span class='ocrx_word' id='word_1_528' title='bbox 392 5705 551 5763; x_wconf 80' lang='lat' dir='ltr'>CLXXVI.</span> <span class='ocrx_word' id='word_1_529' title='bbox 1641 5700 1658 5757; x_wconf 81' lang='lat'><strong>1</strong></span> <span class='ocrx_word' id='word_1_530' title='bbox 1749 5750 1758 5769; x_wconf 78' lang='grc'><strong>,</strong></span> 
     </span>
    </p>
   </div>
   <div class='ocr_carea' id='block_1_9' title="bbox 42 5892 208 6050">
    <p class='ocr_par' dir='ltr' id='par_1_9' title="bbox 42 5892 208 6050">
     <span class='ocr_line' id='line_1_45' title="bbox 42 5892 208 6050; baseline -0.018 0"><span class='ocrx_word' id='word_1_531' title='bbox 42 5892 208 6050; x_wconf 46' lang='grc' dir='ltr'>κῆν</span> 
     </span>
    </p>
   </div>
   <div class='ocr_carea' id='block_1_10' title="bbox 0 0 1915 6074">
    <p class='ocr_par' dir='ltr' id='par_1_10' title="bbox 0 0 1915 6074">
     <span class='ocr_line' id='line_1_46' title="bbox 0 0 1915 6074; baseline 0 0"><span class='ocrx_word' id='word_1_532' title='bbox 0 0 1915 6074; x_wconf 95' lang='lat' dir='ltr'> </span> 
     </span>
    </p>
   </div>
  </div>
 </body>
</html>
