3742 6082
35 124 39 130 '
85 161 119 216 g,
574 156 1327 247 sunniacumurmuuu.-rascr.1r.
1759 174 1795 231 sa

86 291 112 344 et
123 287 197 343 boni
214 301 277 342 non
292 285 472 342 necessitate
486 290 622 358 cogente,
636 288 689 344 sed
700 288 797 346 libera
807 290 911 347 volun·
926 294 953 350 Α
968 301 1006 354 ta
1019 314 1123 356 earum
1139 301 1333 358 refrenentur
1342 302 1492 374 potestate
1506 314 1544 355 ne
1574 300 1713 357 homines
1723 290 1790 356 ion.

85 381 143 433 tate
159 392 177 431 a
192 375 276 432 malo
300 377 475 444 abstinent;
501 376 642 433 similiter
655 381 685 432 et
697 379 771 433 mali
786 396 804 433 a
818 380 909 435 bono.
967 389 1031 443 tare
1045 388 1169 445 valeant
1179 394 1329 462 quantum
1342 389 1526 445 desiderant.
1540 388 1676 444 Virtutes
1691 389 1796 445 dicun·

84 467 159 523 Item
172 466 342 540 opponitur
355 465 392 520 de
403 464 462 521 h00
485 466 568 537 quod
587 466 796 540 Hieronymus
818 468 910 524 dicii:
967 478 1017 530 tur
1031 492 1086 548 per
1097 493 1175 549 quos
1190 479 1279 550 signa
1293 481 1323 534 et
1336 476 1788 549 miraculafrequentiusiiuut3

82 555 170 612 Solus
195 555 280 610 Deus
303 557 347 610 est
371 553 404 609 in
429 568 520 626 quern
545 558 703 626 peccatum
725 557 831 613 eadere
850 572 913 612 non
967 564 1140 635 archangeli
1153 567 1207 638 qui
1222 567 1340 638 majora
1354 567 1524 634 nuntiant3
1543 564 1643 636 angeli
1664 565 1717 637 qui
1735 564 1792 619 mi·

81 647 195 718 potest3
208 646 318 700 caetera
328 659 397 698 curn
404 642 494 699 liberi
505 644 625 700 arbitrii
634 645 696 700 sint
707 646 738 700 in
749 649 913 719 utramque
966 666 1042 708 nora
1056 654 1213 709 nuntiant.
1230 655 1269 709 hit
1283 655 1357 727 quia
1371 655 1472 724 majus
1497 653 1612 709 doniam
1634 656 1679 708 est
1693 652 1791 708 chari·

80 738 200 808 partem
224 733 345 788 flectere
368 732 559 790 voluntatem
582 750 670 791 suam
689 739 829 808 possunt.
854 736 913 792 Sed
965 744 1118 813 tauquam
1134 743 1261 798 scientia
1273 759 1281 811 3
1297 742 1364 799 ideo
1384 742 1522 814 superior
1546 741 1663 797 caeteris
1687 740 1794 796 ordoa

80 823 214 897 qualiter
240 823 297 880 hoc
331 822 565 894 intelligendum
596 825 647 893 sit,
674 840 712 880 ex
734 824 785 881 his
810 826 912 881 verbis
966 829 1098 900 digniori
1119 845 1230 886 nornen
1255 832 1380 903 accepit.
1411 831 1487 887 Item
1516 830 1617 902 majus
1642 833 1690 885 est
1716 829 1792 885 scire

82 913 193 970 Isidori
224 913 373 985 conjicere
401 928 576 985 possumus.
605 912 716 984 Angeli
744 914 912 969 mutabiles
965 933 1059 990 quam
1070 918 1218 990 judicare.
1244 919 1377 975 Scientia
1399 935 1531 991 namque
1545 918 1694 975 informat
1712 916 1791 989 judi·

80 1006 214 1072 natura;
239 1001 449 1058 immutabiles
469 1003 578 1074 gratia.
600 1002 688 1058 Unde
702 1002 823 1058 videtur
841 1018 910 1058 oon·
965 1008 1056 1062 cium.
1074 1008 1122 1062 Sic
1137 1012 1166 1063 et
1181 1008 1216 1063 de
1227 1007 1295 1063 aliis
1306 1006 1406 1077 colligi
1416 1010 1517 1078 potest
1530 1023 1584 1078 per
1597 1006 1720 1077 singula
1735 1021 1743 1074 3
1760 1007 1791 1060 et

80 1091 267 1148 celandum:
294 1091 372 1147 Boni
393 1090 493 1162 arigeli
516 1095 647 1163 possunt
668 1106 791 1164 peecare
806 1107 843 1147 ex
856 1106 912 1147 sua
964 1096 1185 1152 itasccundum
1199 1096 1410 1153 excellentiam
1434 1096 1594 1164 donorum,
1616 1095 1793 1166 assignatur

79 1181 243 1251 natura,id
257 1180 910 1254 est,eorumnaturan0nadhocrepuguai‚
965 1186 1142 1242 excellentia
1153 1187 1305 1243 ordinum.
1332 1187 1371 1242 Et
1391 1190 1494 1241 tamon
1520 1184 1598 1239 sicut
1627 1183 1793 1255 Gregorius

82 1286 138 1326 nec
152 1269 494 1327 iameneoncedendum
508 1270 651 1339 est,boni
666 1269 767 1341 angeli
781 1271 912 1342 possunt
965 1276 1008 1330 ait
1025 1292 1031 1330 z
1048 1275 1106 1331 illa
1120 1275 1358 1332 deusomnibus
1372 1277 1445 1330 sunt
1464 1273 1648 1329 communia.
1678 1272 1791 1328 Omnes

79 1374 213 1433 peccare.
237 1358 291 1415 sed
308 1359 413 1431 petius
434 1374 496 1415 ηοη
519 1361 651 1431 possunt
669 1373 802 1430 peccare,
819 1358 911 1414 idest
965 1364 1045 1419 enim
1061 1363 1169 1420 ardent
1182 1363 1341 1432 charitate,
1354 1362 1521 1419 etseientia
1533 1360 1616 1434 pleni
1627 1362 1700 1417 suut
1714 1375 1723 1429 3
1735 1358 1788 1417 sed

81 1449 180 1520 gratia
194 1463 249 1522 per
260 1464 353 1520 quam
364 1451 437 1503 sunt
448 1447 619 1503 confirmati
629 1447 668 1503 ad
679 1447 737 1503 hoc
747 1451 907 1520 repugnat.
964 1456 1081 1524 quanto
1097 1453 1278 1524 superiores,
1295 1454 1383 1509 tauto
1395 1451 1592 1508 excellentius
1601 1464 1664 1521 prae
1679 1447 1748 1504 aliis
1758 1462 1793 1504 ea

81 1538 118 1593 Et
132 1553 313 1611 quanquam
333 1536 407 1592 rnali
429 1537 492 1592 sint
506 1551 560 1609 per
574 1536 725 1592 malitiam
749 1537 909 1606 obstinati,
964 1541 1130 1612 possident.
1146 1540 1312 1611 Gregorius
1328 1557 1362 1594 :‹
1391 1539 1428 1594 In
1448 1538 1501 1594 illa
1530 1552 1651 1594 summa
1670 1536 1793 1593 civitate

83 1631 185 1682 tamen
199 1627 338 1682 vivacem
354 1640 478 1681 sensum
491 1640 553 1681 nou
569 1625 755 1681 amiserunt:
772 1624 860 1694 Quia,
876 1629 910 1681 ut
925 1640 951 1697 Β
965 1629 1096 1701 quisque
1111 1629 1184 1684 ordo
1199 1629 1266 1700 ejus
1281 1629 1324 1683 rei
1336 1628 1460 1683 nomine
1474 1631 1626 1696 censetur,
1648 1640 1742 1697 quam
1754 1625 1787 1679 in

80 1714 154 1771 dicit
170 1715 329 1785 Isidorus,¹
344 1713 456 1787 triplici
471 1714 612 1770 acumine
637 1713 772 1769 scientiae
785 1714 892 1784 vigent
900 1730 910 1783 3
965 1732 1091 1773 munere
1105 1716 1229 1789 plenius
1243 1717 1367 1789 accepit.
1388 1738 1399 1765 »
1784 1700 1788 1719 '

81 1804 256 1860 subtilitate
277 1807 408 1873 natura,
424 1803 612 1875 experientia
632 1807 815 1874 temporum,
829 1818 910 1858 reve·
1000 1807 1058 1862 Hic
1069 1807 1169 1862 oritur
1181 1807 1311 1879 quaestio
1324 1805 1512 1878 hujusmodi.
1529 1803 1561 1861 Si
1575 1804 1706 1877 quisque
1719 1802 1793 1860 ordo

79 1892 197 1949 latione
230 1892 423 1965 superiorum
461 1894 658 1963 potestatum.
693 1891 908 1963 Augustinus:
964 1895 1232 1968 pleniuspossidet
1245 1896 1359 1952 donum
1373 1893 1450 1949 illud
1475 1910 1493 1949 a
1519 1909 1580 1966 quo
1602 1893 1790 1962 nominatur,

81 1980 251 2054 Spiritibus
275 1980 366 2036 malis
388 1979 514 2051 quidam
535 1994 608 2036 vera
631 1979 667 2034 de
691 1979 911 2052 temporalibus
965 1990 1038 2040 tuuc
1053 1985 1200 2041 cherubin
1223 1987 1256 2039 in
1279 1985 1407 2040 scientia
1430 1984 1607 2056 praeminet
1622 1982 1790 2050 omnibus3

83 2070 175 2125 rebus
192 2085 282 2126 nasse
297 2070 531 2142 permittuntur,
545 2069 658 2141 partim
672 2084 780 2124 sensus
795 2068 911 2124 subtili·
965 2074 1016 2129 sed
1038 2074 1091 2146 qni
1119 2072 1218 2143 magis
1244 2072 1346 2142 diligit
1368 2070 1439 2143 plus
1472 2071 1627 2141 cognoscit
1657 2072 1792 2140 (tantum

82 2162 155 2229 tate,
184 2159 299 2231 partim
332 2159 519 2230 experientia
551 2159 723 2230 temporum
756 2157 911 2213 callidiore
964 2164 1046 2218 enim
1060 2163 1417 2234 cognosciturquautum
1443 2159 1582 2231 diligitur
1602 2159 1720 2228 Deus);
1740 2157 1793 2228 igi·

80 2253 206 2321 propter
219 2253 282 2305 tam
295 2263 440 2316 maguam
454 2246 679 2318 longitudinem
693 2247 765 2302 vitae
771 2263 780 2315 3
797 2247 909 2320 partim
965 2255 1015 2307 tur
1032 2251 1176 2323 seraphin
1191 2265 1252 2306 non
1278 2249 1377 2305 solum
1395 2249 1428 2304 in
1445 2249 1604 2316 charitate,
1622 2247 1675 2303 sed
1697 2247 1790 2303 etiam

82 2338 229 2393 asanctis
250 2336 367 2407 angehs
382 2336 465 2408 quod
481 2336 540 2408 ipsi
555 2336 595 2390 ab
614 2337 823 2408 omnipotente
845 2336 909 2391 Deo
964 2340 995 2395 in
1018 2340 1145 2396 seientia
1162 2338 1348 2411 praeemnet.
1371 2337 1459 2392 Unde
1488 2335 1614 2408 quidam
1638 2336 1681 2391 sic
1706 2351 1793 2407 expo

80 2426 207 2483 discunt
215 2426 343 2497 etJussu
353 2425 419 2497 ejus
432 2424 491 2480 sibi
504 2424 722 2482 revelantibus.
734 2425 909 2497 Aliquando
963 2432 1043 2484 nunt
1065 2429 1278 2484 auctoritatem
1293 2426 1388 2482 illam.
1414 2425 1490 2498 Ejus
1512 2425 1556 2480 rei
1578 2425 1701 2481 nomine
1717 2423 1791 2481 ordo

80 2521 184 2573 autem
206 2515 287 2571 idem
309 2514 434 2569 nefandi
457 2513 586 2585 spiritus
607 2515 699 2570 etiarn
721 2530 789 2586 quae
809 2514 909 2586 ipsius
964 2518 1095 2590 quisque
1109 2520 1261 2587 censetur,
1275 2531 1369 2588 quam
1384 2515 1417 2570 iu
1431 2527 1557 2569 munere
1571 2513 1692 2585 plenius
1705 2527 1786 2568 acce·

79 2604 217 2662 auctoris
225 2606 298 2658 sunt
306 2601 390 2658 velut
398 2601 564 2658 divinando
575 2601 910 2674 praedicunt.Queeritur
963 2607 1018 2679 pit.
1035 2605 1160 2662 Plenius
1174 2620 1236 2661 non
1252 2603 1291 2660 ad
1309 2618 1429 2672 omues,
1446 2601 1496 2658 sed
1513 2601 1553 2657 ad
1572 2601 1733 2657 inferiores
1747 2601 1792 2656 iu·

75 2698 184 2750 utrum
210 2691 329 2765 praesoii
351 2690 466 2746 fuerint
488 2690 536 2745 sui
561 2705 660 2746 casus.
686 2689 743 2746 Sed
767 2691 793 2746 si
817 2707 908 2747 suum
963 2694 1121 2765 telligitur,
1133 2693 1182 2749 vel
1198 2708 1254 2749 nos
1268 2706 1433 2765 possumus
1443 2690 1542 2747 dicere
1552 2689 1635 2762 quod
1645 2689 1699 2746 illa
1714 2705 1791 2745 com·

76 2797 182 2840 meum
198 2781 417 2854 praescierunt3
443 2782 498 2835 aut
516 2779 615 2834 vitare
631 2779 805 2849 noluerunt,
820 2783 850 2836 et
864 2779 909 2835 ita
962 2784 1081 2856 paratio
1095 2783 1150 2839 fiat
1162 2797 1223 2838 non
1238 2781 1277 2836 ad
1289 2780 1423 2852 angelos,
1445 2779 1499 2836 sed
1513 2777 1552 2834 ad
1567 2777 1627 2833 alia
1643 2777 1735 2848 dona,
1750 2777 1793 2834 Si·

77 2871 167 2928 stulti
188 2873 220 2926 et
239 2869 368 2942 maligni
394 2873 481 2925 eraut
503 2872 574 2924 aute
595 2884 701 2925 casum
711 2884 721 2939 3
742 2872 796 2925 aut
810 2869 908 2926 vitare
963 2875 1014 2927 cut
1028 2871 1109 2927 enim
1122 2871 1155 2925 in
1167 2869 1345 2926 hominibus
1359 2882 1428 2924 cum
1451 2867 1532 2923 idem
1546 2866 1660 2923 habeat
1687 2865 1791 2938 plures

76 2959 254 3029 voluerunt,
271 2958 324 3014 sed
338 2974 400 3015 non
412 2961 591 3031 potuerunt,
604 2959 689 3014 etita
703 2961 790 3014 erant
801 2958 905 3014 miseri
920 2985 943 3044 c
961 2962 1112 3029 virtutes3
1125 2963 1229 3015 tamen
1243 2973 1338 3014 unam
1352 2955 1473 3029 plenius
1487 2954 1556 3010 aliis
1573 2971 1579 3010 :
1596 2958 1632 3010 ut
1656 2953 1674 3009 J
1677 2954 1716 3009 ob
1738 2969 1790 3027 pa·

75 3053 246 3121 antequam
262 3047 413 3103 caderent.
432 3047 560 3121 Propter
580 3046 646 3102 haec
659 3047 906 3105 inconvenientia
961 3049 1112 3118 tientiam,
1131 3046 1232 3103 David
1244 3045 1451 3102 humilitatem
1468 3059 1474 3098 :
1490 3043 1534 3098 ita
1557 3043 1635 3098 etin
1659 3041 1787 3113 angelis.

75 3137 152 3194 dicit
167 3137 362 3209 Augustinus
382 3153 473 3210 super
493 3137 648 3208 Genesim,
672 3152 724 3195 eos
746 3138 795 3195 sui
816 3153 906 3195 oasim
959 3136 1047 3194 Unde
1061 3136 1105 3193 sic
1119 3135 1229 3209 exponi
1244 3136 1345 3207 potest
1357 3132 1410 3189 iila
1434 3132 1622 3188 auctoritas:
1647 3131 1722 3203 Ejus
1743 3131 1788 3187 rei

75 3243 140 3285 aon
155 3228 254 3284 fuisse
268 3228 422 3300 praescios.
959 3227 1084 3283 nomine
1097 3229 1238 3283 censetur
1247 3240 1340 3298 quam
1355 3224 1388 3280 in
1397 3221 1653 3294 munereplenius
1662 3220 1787 3292 accepit.

186 3316 263 3373 Car.
279 3316 316 3372 V.
335 3317 378 3373 De
397 3319 554 3373 ordinum
575 3319 797 3374 distinctione.
959 3314 1158 3388 Nonplanius
1172 3314 1242 3370 aliis
1254 3312 1371 3384 angelis
1382 3310 1594 3380 omnibus‚sed
1606 3308 1782 3366 aliisdonis.

111 3405 186 3462 Post
202 3404 379 3478 supradicta
392 3405 558 3462 videndum
580 3410 626 3462 est
645 3408 728 3479 quod
749 3407 907 3480 Scriptura
994 3405 1052 3460 Hic
1068 3406 1163 3460 restat
1178 3403 1331 3476 inquirere
1345 3405 1452 3458 utrum
1464 3399 1586 3457 ordines
1607 3399 1661 3456 isti
1676 3415 1694 3454 a
1713 3413 1791 3455 crea·

77 3509 188 3550 novem
204 3493 327 3550 ordines
341 3493 518 3565 arigelorurn
533 3497 665 3552 testatur
682 3510 748 3552 esse
764 3496 796 3552 in
811 3496 905 3569 pluri·
960 3493 1042 3550 tione
1057 3493 1106 3549 sui
1125 3493 1250 3548 fuerint.
1275 3490 1362 3556 Quod
1384 3490 1430 3545 ita
1449 3488 1546 3546 inisse
1569 3491 1700 3557 constat,
1717 3502 1787 3544 cum

77 3581 136 3637 bus
148 3581 237 3639 locis.
253 3581 294 3637 Et
307 3582 508 3638 inveniuntur
523 3583 555 3638 in
569 3583 638 3638 istis
663 3583 822 3640 ordinibus
847 3583 906 3639 tria
959 3582 1128 3637 auctoritas
1158 3580 1239 3636 dicat
1270 3579 1306 3635 de
1330 3576 1460 3650 singulis
1488 3576 1648 3633 ordinibus
1669 3576 1791 3648 aliquos

77 3675 165 3727 terna
176 3686 264 3740 esae3
278 3673 309 3726 et
321 3672 354 3727 in
365 3686 552 3744 unaquoque
566 3675 629 3727 tres
643 3673 777 3742 ordines,
792 3676 828 3729 ut
839 3672 906 3729 Tri·
958 3670 1111 3727 cecidisse.
1125 3668 1184 3725 Sed
1198 3684 1236 3724 ex
1247 3668 1308 3723 alia
1321 3669 1407 3739 parte
1423 3681 1486 3722 non
1504 3667 1606 3738 potest
1628 3664 1688 3721 dici
1703 3663 1787 3737 quod

76 3760 186 3816 nitatis
201 3758 372 3815 similitudo
394 3759 427 3815 in
450 3760 494 3815 eie
508 3775 570 3831 prae
589 3760 657 3816 aliis
679 3761 826 3817 creaturis
849 3762 905 3817 im·
960 3763 1034 3816 tunc
1049 3759 1199 3815 charitate
1213 3755 1364 3812 arderent.
1385 3753 1455 3810 Non
1475 3768 1545 3824 ergo
1568 3751 1691 3809 videtur
1705 3751 1789 3824 quod

75 3863 184 3921 pressa
198 3847 350 3904 videatur.
366 3846 446 3903 Sunt
460 3847 540 3903 enim
557 3851 619 3904 tres
634 3849 756 3906 ordines
775 3850 907 3923 superio
960 3851 1034 3904 tunc
1056 3850 1136 3903 esset
1157 3844 1312 3917 seraphin.
1338 3842 1386 3899 Ad
1410 3841 1467 3898 hcc
1490 3842 1592 3915 potest
1614 3840 1674 3898 dici
1695 3840 1789 3913 quod,

75 3952 135 4007 res,
149 3940 214 3993 tres
227 3936 398 4006 interiores,
412 3941 473 3993 tres
486 3937 589 3994 medii.
609 3937 809 4012 Superiores:
830 3954 907 3996 sera·
959 3937 1101 4010 quamvis
1125 3937 1160 3992 in
1191 3933 1341 4008 principio
1363 3931 1526 3988 creationis
1552 3944 1615 3987 non
1647 3929 1789 3986 arderent

74 4027 164 4098 phin,
187 4025 347 4095 cherubin,
373 4026 477 4081 throni
491 4041 501 4095 3
528 4027 621 4083 medii
639 4043 646 4082 t
670 4027 905 4098 dominationes,
958 4028 1118 4097 charitate,
1133 4027 1275 4083 tamenin
1289 4024 1347 4081 hcc
1361 4025 1427 4079 eret
1439 4021 1490 4078 ille
1505 4020 1579 4077 ordo
1589 4018 1789 4076 discretusab

74 4117 257 4187 potestates,
272 4114 463 4187 principatus
477 4130 486 4183 3
504 4114 682 4172 inferiores:
700 4117 842 4188 virtutes,
859 4132 905 4172 ar·
959 4117 1038 4188 aliis,
1055 4117 1129 4190 quia
1143 4116 1182 4171 ad
1196 4113 1385 4186 diligendum
1408 4110 1542 4168 habilior
1565 4109 1682 4166 caeteris
1710 4111 1787 4165 erat.

75 4201 230 4275 changeii,
246 4203 356 4275 angeli.
371 4203 430 4259 Hic
450 4203 545 4274 igitur
571 4204 738 4262 videndum
761 4209 808 4263 est
831 4205 906 4279 quid
959 4206 1133 4263 sicutenim
1146 4203 1285 4261 videmus
1299 4203 1333 4258 iu
1347 4200 1527 4274 corporibus
1541 4198 1624 4272 quod
1634 4199 1790 4254 innatura

76 4292 269 4366 appellemus
282 4292 431 4361 ordinem,
443 4296 474 4348 et
487 4297 591 4349 utrum
605 4295 644 4349 ab
663 4295 731 4367 ipsa
754 4296 905 4352 creatione
919 4335 947 4392 D
961 4311 1018 4351 sua
1031 4294 1173 4369 quaedam
1187 4296 1261 4349 sunt
1275 4292 1344 4348 aliis
1358 4290 1458 4361 magis
1464 4288 1561 4345 solida
1574 4291 1605 4344 et
1617 4287 1717 4359 firma,
1724 4302 1789 4343 ma·

76 4380 171 4437 iuerit
191 4379 248 4436 illa
266 4379 422 4437 distinctio
442 4381 595 4438 ordinum.
620 4382 701 4439 Ordo
727 4383 905 4455 angelorum
961 4387 1009 4459 gis
1023 4387 1116 4442 etiam
1129 4385 1198 4440 aliis
1210 4382 1326 4439 munda
1341 4385 1370 4437 et
1385 4381 1468 4436 clara
1480 4395 1489 4450 3
1503 4379 1547 4436 sic
1561 4381 1591 4434 et
1607 4377 1712 4435 inillis
1728 4379 1788 4451 spi·

78 4469 191 4525 dicitur
206 4467 555 4527 multitudocoelestium
570 4471 777 4544 spiritualium
792 4473 846 4545 qui
860 4472 905 4528 in·
961 4474 1124 4532 ritualibus
1144 4471 1265 4529 naturis
1286 4469 1502 4527 convenientes
1523 4482 1628 4524 eorum
1661 4467 1790 4540 puritati

79 4561 127 4612 tra
142 4572 175 4613 se
190 4572 255 4630 prae
271 4557 340 4613 aliis
354 4558 386 4613 in
402 4557 506 4630 aliquo
521 4560 601 4617 dono
625 4560 855 4617 assimilantur:
872 4565 907 4618 ut
960 4566 991 4619 et
1009 4561 1194 4619 excellentia
1208 4560 1283 4616 etin
1299 4558 1432 4615 essentia
1446 4560 1476 4613 et
1489 4556 1523 4613 in
1537 4557 1637 4614 torma
1648 4555 1785 4612 differen-

79 4646 226 4720 seraphin
245 4647 300 4719 qui
321 4663 384 4720 prae
406 4647 475 4703 aliis
499 4649 607 4706 ardent
633 4650 802 4720 charitate3
827 4666 907 4707 sera·
961 4653 1011 4708 tiae
1023 4651 1136 4723 gradus
1150 4651 1183 4706 iu
1198 4650 1265 4722 ipso
1277 4647 1461 4705 conditionis
1480 4645 1604 4703 exordio
1622 4647 1790 4718 potuerunt

78 4735 155 4808 phin
166 4735 249 4791 euim
265 4737 488 4808 iuterpretatur
503 4741 634 4795 arciens.
651 4739 829 4810 Cherubim,
852 4740 907 4812 qui
962 4755 1037 4811 esse,
1051 4740 1166 4812 quibus
1177 4738 1231 4794 alii
1244 4738 1426 4810 superiores,
1442 4735 1495 4791 alii
1510 4734 1679 4790 interiores.
1695 4733 1789 4806 Supe-

78 4839 142 4897 prae
157 4824 228 4880 aliis
242 4825 274 4879 in
290 4825 577 4898 scientiaeminent,
598 4827 747 4885 cherubin
775 4844 908 4901 namque
961 4830 1058 4885 riores
1069 4828 1124 4901 qui
1139 4830 1251 4883 nature
1275 4825 1374 4896 magis
1386 4823 1526 4893 subtiles,
1548 4822 1710 4879 interiores
1736 4822 1790 4895 qui

76 4912 301 4986 iuterpretatur
313 4916 489 4982 plenitudo
510 4919 666 4974 scientiar.
695 4918 838 4975 Thronus
860 4918 907 4972 iu·
962 4915 1191 4973 naturamiuus
1207 4914 1346 4984 subtiles,
1362 4917 1392 4970 et
1407 4912 1560 4985 sapientia
1584 4912 1785 4984 miuuspers-

77 5006 267 5074 terpretatur
279 5005 381 5059 sedec.
394 5003 511 5060 Throni
522 5021 594 5078 ergo
605 5011 765 5078 vocantur,
779 5010 814 5062 ut
839 5006 909 5063 Gre·
961 5006 1080 5078 picaoes
1094 5003 1209 5061 conditi
1223 5007 1306 5059 sunt.
1323 5002 1382 5058 Sed
1397 5003 1474 5058 istas
1493 5001 1692 5058 discretiones
1716 4999 1792 5056 invi·

77 5090 185 5162 gorius
200 5092 254 5160 ait,
270 5092 325 5164 qui
340 5095 428 5147 tanta
442 5094 615 5152 divinitatis
630 5097 730 5167 gratia
741 5095 906 5169 replentur,
963 5094 1068 5151 sibiles
1082 5093 1287 5150 invisibilium
1302 5091 1386 5148 solus
1400 5090 1569 5165 ponderare
1587 5089 1690 5163 potuit
1707 5105 1713 5144 :
1730 5088 1788 5153 Qui

76 5182 113 5235 ut
126 5179 216 5235 ineis
231 5179 335 5236 sedeat
348 5180 441 5252 Deus,
459 5185 489 5238 et
510 5199 565 5256 per
579 5200 630 5242 eos
651 5185 766 5257 judicia
787 5200 843 5240 sua
857 5185 907 5241 de·
962 5185 1075 5241 amaia
1091 5185 1128 5238 in
1142 5196 1280 5238 attinere
1293 5186 1323 5236 et
1337 5183 1520 5250 praestereat
1536 5192 1694 5236 incasura
1715 5176 1786 5233 iecit

77 5272 196 5325 cernat.
212 5268 446 5328 Dominationee
465 5274 519 5345 qui
544 5277 728 5347 potestatem
755 5275 907 5348 principa·
964 5273 1049 5344 (Sap.
1066 5272 1123 5341 xri.

77 5360 170 5414 tuum
204 5359 435 5416 transcendunt.
460 5361 654 5435 Principatus
676 5369 827 5420 vocantur
853 5365 907 5436 qui
999 5361 1152 5427 Quaeritur
1165 5375 1205 5415 an
1222 5375 1328 5416 omnes
1339 5359 1475 5431 ejusdem
1486 5358 1604 5416 ordinis
1616 5370 1705 5429 pares
1717 5357 1790 5409 sunt

78 5447 141 5502 sibi
155 5446 301 5518 subjectis
316 5448 390 5504 dum
405 5466 473 5522 quse
489 5456 562 5506 suut
584 5451 905 5525 agenda-disponunt:
963 5454 993 5506 et
1005 5448 1148 5522 aequales.
1166 5447 1254 5514 Quod
1268 5447 1454 5520 quibusdam
1471 5447 1575 5502 visum
1590 5449 1645 5501 est.
1670 5441 1729 5499 Sed
1752 5441 1787 5498 il·

79 5532 125 5587 eis
150 5533 190 5588 ad
209 5536 360 5608 explenda
384 5538 489 5595 divina
508 5542 656 5613 mysteria
681 5541 905 5614 principantur.
962 5539 1016 5596 lud
1030 5541 1204 5610 neapotest
1222 5540 1303 5593 stare
1318 5552 1388 5593 cum
1403 5536 1560 5606 Scriptura
1579 5531 1661 5587 dicat
1675 5530 1792 5588 Luciie

79 5619 253 5680 Potestates
268 5626 323 5696 qui
338 5625 395 5682 hoc
409 5630 567 5699 potentius
580 5631 697 5686 caeteris
715 5630 748 5685 iu
761 5644 817 5685 suo
827 5629 908 5686 ordi·
963 5642 1032 5683 rum
1047 5627 1166 5683 cunctis
1180 5625 1249 5681 aliis
1260 5624 1502 5680 excellentiorem
1516 5635 1525 5689 3
1552 5634 1644 5691 quem
1670 5622 1791 5676 constat

78 5724 120 5767 ue
132 5718 327 5786 acceperuut,
341 5719 376 5772 ut
386 5717 517 5776 virtutes
533 5719 667 5777 adversae
679 5720 783 5791 eisque
797 5718 909 5790 subjee
963 5717 1059 5773 fuisse
1073 5716 1110 5773 de
1124 5716 1229 5774 ordine
1244 5727 1398 5788 supremo,
1413 5712 1443 5766 'et
1458 5706 1801 5765 tameninardine'dla
