3742 6082
122 192 170 247 tlt
353 255 358 260 ¹
507 188 660 247 uuaouts
678 190 724 247 DE
745 190 773 247 S.
793 190 941 247 baronti
961 191 1037 251 OPP.
1056 191 1146 252 PARS
1164 193 1212 250 tu.
1230 222 1266 235 -
1279 191 1438 250 tirsum.
1784 191 1834 247 tlt

158 312 391 384 AEarotuntinm
403 328 476 370 cara
492 315 553 370 sice
563 320 629 383 post
648 316 856 386 acritudinem
881 318 949 386 refi—
963 322 987 374 Α
1008 319 1130 391 quentia
1143 316 1263 390 legendi
1277 314 1514 372 commendatur.
1542 318 1723 389 Frequenter
1750 312 1837 370 debet

123 403 495 475 cicadarum,sicealiqaa
508 404 714 462 imbecillitate
727 406 787 463 sice
801 407 889 463 etiam
907 408 951 476 se·
1006 408 1104 477 legere
1119 424 1223 465 servus
1248 405 1308 463 ltei.
1337 404 1427 461 valde
1455 403 1535 460 enim
1563 408 1608 460 est
1630 402 1710 460 utilis
1735 402 1837 459 divina

124 491 444 558 bribeslabcrantiam,
457 495 552 551 olieai
563 493 647 551 debet
660 496 952 567 injnnqi,atipsede
1005 498 1102 555 lectio.
1120 501 1195 555 Nam
1207 495 1430 571 perlectionem
1454 493 1597 550 discimus
1622 493 1696 567 quid
1720 508 1836 560 cavere,

124 581 247 637 cellario
259 587 350 651 petat,
365 582 445 651 quod
467 583 574 654 cuique
585 600 659 653 opus
674 599 733 641 esse
748 587 949 655 prospexerit.
1005 589 1076 662 quid
1090 602 1189 658 egere,
1205 602 1267 659 quo
1277 584 1398 642 tendere
1411 583 1586 641 debeamus.
1599 581 1840 639 llincPsalmista

159 669 317 740 Eligendus
333 674 376 725 est
391 671 480 727 irater
496 670 604 728 timens
620 676 714 730 Deum
729 674 782 747 qui
811 673 890 730 circa
908 673 951 729 in·
1004 677 1066 732 ait:
1095 676 1234 732 Lucerna
1253 674 1379 744 pedibus
1402 673 1473 729 meis
1495 672 1616 729 verbnm
1632 677 1717 728 tuum
1742 671 1837 743 (Psal.

122 758 226 814 firmem
241 774 344 815 curam
359 760 525 817 maximam
539 766 631 832 gerat,
647 767 675 818 et
701 763 785 836 quod
803 779 881 836 opus
910 763 952 819 eis
1004 764 1326 837 crvurti‘erieetiouem
1342 778 1448 818 sensus
1461 766 1489 817 et
1501 760 1665 818 intellectus
1677 765 1836 832 augentur.

122 847 209 904 luerit
221 846 389 904 ministrare
404 849 446 905 eis
458 849 588 928 studeat,
600 857 627 908 et
642 868 678 908 co
705 852 803 909 studio
822 857 851 909 et
877 852 950 910 affe·
1005 855 1102 912 Lectio
1117 853 1335 911 adorationem
1350 868 1405 908 nos
1422 851 1540 908 instruit
1567 856 1596 907 et
1624 850 1664 907 ad
1689 851 1838 924 operatio

122 941 171 992 ctu
184 935 226 991 eis
240 935 398 1005 deserviat,
415 955 449 995 ac
477 940 501 995 si
520 939 578 1012 ipsi
591 940 718 998 Domino
745 945 814 998 lesu
836 942 950 998 Christo
1003 961 1085 1013 nem,
1099 948 1128 1002 et
1139 960 1195 1000 nos
1215 942 1357 999 inlormat
1369 941 1407 997 ad
1423 939 1688 1014 contemplativam
1699 939 1839 997 vitamet

121 1024 291 1082 deserviret.
308 1030 373 1098 lpse
398 1027 508 1084 etenim
535 1028 669 1085 dicturus
694 1035 738 1087 est
768 1031 799 1086 in
825 1030 948 1102 judicic.
1005 1034 1145 1091 activam.
1162 1032 1231 1089 ideo
1241 1032 1272 1088 in
1283 1030 1399 1087 Psalmo
1413 1032 1542 1087 :Beatus
1555 1031 1611 1098 cir,
1621 1028 1772 1098 scribitur,
1786 1031 1840 1101 qui

120 1114 263 1183 Infirmas
275 1117 334 1185 sai,
348 1122 375 1172 et
391 1118 533 1174 visitastis
548 1134 594 1175 me
610 1119 730 1188 (Mallb.
746 1120 824 1191 xxv).
843 1123 876 1176 Et
900 1120 951 1177 ite·
1004 1127 1036 1181 in
1054 1125 1116 1195 leae
1127 1123 1248 1179 Domini
1261 1120 1423 1177 meditatur
1446 1120 1493 1176 die
1522 1134 1558 1176 ac
1581 1124 1667 1176 noete
1695 1119 1791 1190 (Psoi.
1805 1120 1834 1190 ι).

121 1217 209 1258 rum:
225 1202 310 1270 Quod
324 1207 378 1260 ani
392 1221 430 1262 ea
443 1209 573 1263 minimis
587 1210 659 1264 meis
679 1210 802 1279 fecistis,
818 1209 893 1265 mibi
905 1211 951 1280 se·
1005 1216 1072 1270 llaec
1087 1217 1157 1269 sunt
1170 1226 1265 1282 arma,
1280 1209 1417 1267 videlicet
1430 1208 1536 1278 oratic,
1554 1207 1642 1264 lectio
1658 1212 1687 1264 et
1701 1208 1836 1282 operatio

123 1291 204 1346 cistis
220 1290 325 1362 (ibid).
343 1293 455 1350 Debent
468 1310 539 1365 ergo
555 1295 692 1353 fortiores
718 1297 951 1354 imbecillitatem
1004 1301 1116 1376 quibus
1130 1299 1268 1356 diabolus
1282 1300 1482 1370 expugnatur.
1500 1299 1644 1352 llaeesunt
1654 1295 1836 1352 instrumen-

121 1383 241 1451 portare
266 1379 465 1439 infirmorum.
503 1385 548 1440 Sic
581 1385 660 1441 enim
700 1385 802 1443 divina
822 1387 951 1443 charitas
1003 1397 1035 1448 te
1050 1390 1284 1464 quibusaeterna
1298 1387 1452 1444 beatitudo
1467 1385 1640 1459 aequiritur.
1671 1385 1720 1441 llis
1745 1384 1836 1441 armis

122 1467 303 1541 adimpletur
318 1475 390 1526 teste
419 1473 562 1545 apostolo
575 1475 628 1548 qui
644 1476 704 1532 ait:
726 1478 813 1533 Alter
825 1477 951 1533 alterius
1004 1481 1075 1536 vitia
1088 1478 1337 1553 comprimuntur,
1346 1477 1393 1532 his
1404 1474 1552 1532 alimentis
1565 1473 1691 1531 virtutes
1699 1473 1837 1530 nutriun-

122 1565 354 1627 oneraporlate,
370 1566 399 1617 et
424 1565 466 1619 sie
493 1565 696 1634 adimplebitis
720 1568 811 1637 legem
838 1566 953 1623 Christi
1005 1572 1061 1624 tur.
1079 1567 1245 1634 Semeleia
1270 1565 1395 1621 lectione
1419 1567 1565 1633 cessatur,
1592 1562 1682 1619 debet
1709 1579 1838 1620 manum

122 1647 235 1718 (Galat.
250 1649 296 1719 vr).
314 1651 371 1706 Lex
387 1651 493 1709 Christi
504 1660 549 1710 est
563 1654 691 1711 dileetio.
704 1654 872 1714 Dilectionis
885 1656 985 1727 olii-g
1004 1656 1138 1731 operatio
1148 1654 1303 1727 subsequi,
1311 1652 1650 1726 quiaotiositasinimica
1661 1652 1834 1723 estanimae,

122 1736 202 1792 cium
217 1741 262 1792 est
276 1738 402 1795 invicem
429 1758 521 1799 onera
547 1748 651 1800 nostre
677 1750 805 1817 portare.
830 1746 951 1803 Diversa
1004 1751 1033 1804 et
1047 1746 1188 1819 antiquus
1203 1744 1296 1801 hostis
1308 1759 1429 1816 querna
1447 1741 1572 1798 lectione
1588 1741 1649 1798 sive
1674 1741 1714 1798 ab
1729 1741 1837 1798 oratio·

121 1840 193 1881 vero
209 1830 345 1900 tempora
365 1834 394 1885 et
421 1830 547 1887 diversae
572 1833 759 1890 infirmitates
779 1835 892 1892 iaciunt
918 1840 952 1893 ut
1004 1839 1211 1892 nevacantem
1226 1832 1380 1899 invenerit,
1397 1831 1482 1887 facile
1497 1829 1536 1886 ed
1564 1829 1636 1886 vitia
1662 1828 1751 1903 rapit.
1781 1830 1837 1884 Per

122 1929 215 1971 onera
232 1921 337 1973 nostra
349 1924 506 1992 portemus
523 1920 663 1979 invicem.
679 1924 755 1980 Nihil
780 1930 881 1982 autem
909 1926 950 1983 sic
1004 1942 1093 1980 usum
1107 1939 1241 1996 namque
1255 1922 1389 1978 lectionis
1403 1920 1522 1977 discetis
1543 1919 1672 1993 qualiter
1685 1923 1715 1976 et
1725 1934 1782 1975 vos
1795 1917 1837 1975 vi·

121 2004 231 2078 probat
242 2006 374 2063 amicum
389 2024 483 2082 quam
496 2011 594 2066 oneris
607 2012 695 2069 amici
725 2015 864 2088 portatio.
894 2015 950 2072 Sed
1005 2015 1079 2071 vatis
1094 2018 1122 2070 et
1136 2013 1210 2069 alios
1226 2011 1440 2084 doceatis3per
1454 2026 1602 2066 manuum
1615 2008 1834 2083 operationem,

70 2158 73 2163 ¹
122 2093 225 2168 etipse
239 2095 376 2154 infirmus
391 2100 438 2155 eui
451 2116 506 2173 pro
522 2102 571 2158 Dei
585 2118 688 2160 amore
704 2106 839 2172 servitur,
862 2105 952 2162 dehet
1004 2108 1034 2160 et
1048 2102 1181 2175 eorporis
1196 2100 1440 2163 macerationem,
1456 2102 1485 2155 et
1496 2098 1573 2154 vitiis
1585 2097 1728 2154 alimenta
1742 2111 1836 2166 nega·

120 2199 248 2257 pensare
263 2191 292 2242 et
306 2205 498 2263 summopere
513 2208 616 2249 cavere
631 2208 668 2249 ne
677 2195 880 2267 superfluitate
894 2214 951 2254 sua
1003 2192 1082 2263 bitis,
1099 2197 1127 2246 et
1137 2190 1241 2246 vestris
1256 2188 1483 2245 necessitatibus
1494 2187 1686 2253 subvenietis,
1700 2191 1730 2242 ct
1743 2185 1836 2242 babe-

122 2278 174 2330 aut
185 2274 371 2348 impatientia
386 2278 443 2335 sibi
457 2281 635 2338 servientem
650 2283 812 2340 contristet.
830 2286 952 2343 Student
1004 2282 1073 2338 bitis
1089 2280 1169 2337 unde
1196 2280 1371 2336 necessitate
1394 2278 1574 2352 patientibus
1597 2275 1711 2350 aliquid
1739 2275 1835 2349 porri-

121 2367 221 2420 autem
233 2367 293 2421 lieo
306 2367 417 2436 gratias
432 2383 530 2438 agere,
553 2386 591 2426 ne
603 2371 760 2428 infirmitas
788 2390 856 2447 quie
880 2375 951 2432 elata
1005 2372 1093 2445 gatis.

121 2455 165 2507 est
177 2452 203 2509 ei
222 2452 262 2510 ad
274 2456 484 2527 purgationem
512 2459 632 2527 animae,
663 2465 794 2518 vertatur
815 2463 854 2518 ad
879 2479 951 2534 aug·
1047 2463 1225 2517 Vestimenta
1239 2475 1317 2530 cero,
1334 2464 1361 2517 et
1376 2460 1577 2516 calceamenta
1585 2456 1706 2530 periendo
1717 2455 1835 2526 saeririt

120 2545 257 2598 mentum
272 2543 370 2616 culpa.
1004 2551 1207 2621 indigentibus
1232 2552 1400 2607 necessaria
1425 2551 1499 2605 dare
1527 2564 1587 2604 nort
1613 2547 1758 2617 disserant
1780 2545 1834 2601 sub

155 2631 225 2688 Siue
239 2639 339 2690 autem
360 2637 414 2707 qai
427 2636 554 2693 vestibus
565 2640 626 2695 sice
638 2640 691 2711 qni
711 2640 860 2697 codicibus
875 2658 951 2712 pree·
1006 2656 1131 2714 quorum
1144 2640 1281 2695 custodia
1295 2645 1375 2709 sarii,
1392 2641 1643 2711 praenoscantur.

116 2724 362 2791 beneolentiae
376 2740 512 2782 enarrare
524 2729 655 2784 serviant
666 2727 816 2796 fratribus
829 2731 900 2787 sais.
1041 2734 1100 2787 tloc
1115 2727 1251 2801 estquod
1267 2728 1404 2801 superius
1417 2728 1530 2783 dictum
1546 2729 1600 2794 est,
1624 2729 1656 2781 ut
1676 2725 1741 2780 siae
1754 2741 1835 2781 mur·

155 2807 239 2864 Tales
255 2825 287 2865 se
299 2811 469 2883 exhibeant,
485 2819 518 2870 ut
532 2831 567 2870 ea
578 2815 720 2872 charitate
732 2817 873 2874 fratribus
886 2820 948 2876 suis
1008 2832 1093 2872 mure
1110 2816 1243 2873 serviant
1254 2817 1396 2873 iratribus
1418 2817 1489 2874 suis.
1513 2812 1679 2888 nequando
1692 2813 1836 2870 differunt

120 2895 299 2969 deserviant,
314 2914 352 2955 ne
366 2900 423 2973 ipsi
449 2902 487 2959 de
515 2902 679 2961 ministerio
708 2905 764 2962 sibi
787 2909 948 2966 commisso
1002 2905 1173 2962 necessaria
1185 2904 1268 2976 dare,
1284 2904 1395 2962 iaciant
1406 2905 1512 2961 fratres
1525 2918 1725 2973 murmurare,
1736 2901 1834 2959 etsint

119 2987 461 3062 peccentinmurmure,
477 3009 533 3050 nec
559 2993 634 3050 alios
663 3012 717 3068 per
745 3014 831 3054 suam
857 2999 949 3069 negti·
966 3029 986 3086 c
1002 2994 1121 3050 occasio
1136 2994 1260 3067 peccati.
1284 2994 1428 3050 Studeant
1454 3008 1526 3064 ergo
1553 2991 1662 3048 servire
1689 2990 1831 3047 fratribus

119 3075 249 3145 gentiam
264 3077 376 3137 iaciant
391 3098 589 3140 murmurare.
610 3086 703 3141 Grave
718 3091 875 3157 peccatum
901 3094 946 3145 est
1002 3085 1062 3140 suis
1076 3090 1196 3159 propter
1210 3086 1313 3152 iteum,
1334 3088 1362 3140 et
1376 3082 1547 3140 necessaria
1562 3081 1704 3152 congruis
1717 3086 1831 3155 tempo-

118 3168 315 3223 murmuratio
329 3174 454 3228 testante
473 3173 613 3243 Gregorio
641 3174 693 3246 qui
724 3175 785 3232 ait:
811 3178 945 3247 Regnum
1000 3175 1083 3230 ribus
1111 3174 1289 3231 ministrare.
1320 3177 1353 3229 Et
1378 3172 1632 3230 hoclaciantsine
1660 3187 1827 3239 murmure,

118 3255 261 3313 caelorum
276 3261 379 3316 nullas
390 3263 442 3332 qni
451 3269 622 3319 murmurat
636 3265 754 3334 accipit,
769 3267 873 3322 nullas
894 3270 947 3339 qni
1000 3264 1063 3320 sine
1079 3263 1207 3334 tristitia,
1224 3263 1287 3319 sine
1302 3262 1455 3330 dilatione,
1471 3278 1540 3318 oum
1561 3261 1673 3332 gaudio
1686 3265 1714 3318 et
1728 3259 1829 3318 hilari-

117 3344 227 3414 aeeipit
240 3352 595 3418 muratararepoleritiit
607 3350 758 3409 Salomon:
772 3355 946 3413 Precordia
1000 3357 1068 3420 tate,
1085 3352 1157 3425 quia
1173 3352 1301 3409 hilarem
1327 3353 1462 3408 datorem
1483 3352 1583 3422 diligit
1607 3351 1685 3407 Deus
1698 3351 1744 3418 (ll
1757 3351 1827 3408 Cor.

116 3432 199 3503 fatui
211 3436 288 3492 sicut
302 3443 369 3493 rota
380 3439 464 3493 carri
474 3438 578 3507 (Ereti.
591 3442 701 3512 xxxiii),
716 3442 817 3499 lenum
847 3446 950 3516 portat
998 3445 1048 3514 ιι),
1064 3445 1096 3497 ut
1110 3457 1199 3498 omne
1212 3441 1295 3517 quod
1309 3456 1385 3514 opus
1400 3440 1496 3497 osteis
1512 3439 1680 3496 secundum
1700 3439 1828 3496 modum

116 3525 335 3581 etmurmurat.
353 3524 435 3581 Tales
460 3542 531 3597 ergo
560 3533 629 3584 sunt
656 3529 686 3584 in
714 3534 945 3603 congregatione
999 3530 1248 3601 congregationis,
1264 3535 1292 3586 et
1304 3529 1530 3602 possibilitatem
1545 3527 1603 3584 loci
1617 3528 1771 3596 habeant;
1801 3531 1831 3585 et

116 3611 168 3683 qui
183 3629 272 3670 carne
296 3613 407 3673 subditi
434 3631 495 3671 non
520 3624 669 3675 cessante
695 3622 942 3679 murmuratione.
999 3619 1041 3676 cis
1051 3619 1102 3691 qui
1116 3618 1249 3675 serviunt
1259 3619 1295 3675 sit
1308 3619 1405 3690 major
1419 3635 1456 3675 er
1471 3616 1541 3674 inde
1556 3633 1671 3674 merces
1697 3634 1716 3674 a
1731 3616 1830 3674 liomi-

115 3702 275 3773 Apostolus
292 3719 298 3760 :
315 3704 416 3776 Neque
426 3711 695 3779 murmuraveritis,
717 3711 793 3768 sicat
821 3712 943 3783 quidam
998 3725 1048 3765 no.
1066 3712 1097 3763 ln
1113 3707 1296 3764 indumentis
1311 3723 1381 3763 vero
1409 3713 1438 3763 et
1465 3706 1675 3763 calceamentis
1704 3704 1828 3762 elerico-

115 3804 215 3847 eorum
241 3802 518 3864 murataraoerunt,
544 3805 571 3854 st
598 3813 616 3856 a
637 3800 825 3874 serpentibus
851 3804 945 3872 pecie·
997 3814 1065 3853 rum
1081 3813 1232 3868 congruus
1248 3796 1414 3853 servandus
1426 3800 1471 3852 est
1485 3795 1603 3864 modus,
1622 3811 1660 3851 ne
1684 3795 1826 3869 pretiosa,

115 3884 188 3933 runt
201 3882 232 3944 (l
245 3882 313 3937 Cor.
328 3885 368 3951 x).
393 3887 490 3950 Quare
516 3903 535 3942 e
559 3889 757 3962 serpentibus,
787 3890 843 3945 nisi
871 3892 944 3964 quia
997 3887 1044 3942 vel
1058 3885 1461 3960 nitidasintsupramodum
1476 3890 1528 3942 aut
1543 3884 1633 3941 nimis
1649 3884 1772 3957 abjecta
1800 3888 1829 3941 et

115 3979 238 4036 serpens
264 3983 433 4025 venenosus
463 3977 518 4041 est,
540 3979 568 4030 et
592 3977 690 4031 omnis
705 3977 756 4049 qui
776 3983 944 4036 murmurat
996 3974 1067 4031 vilia
1082 3993 1088 4040 ;
1105 3991 1159 4032 nec
1173 3975 1316 4032 habentia
1330 3975 1578 4048 compositionem
1589 3974 1753 4048 plusquam
1777 3973 1829 4030 de·

114 4066 264 4109 venenum
278 4054 390 4112 diaboli
405 4058 495 4114 hahet
514 4059 544 4114 in
558 4060 670 4131 lingua.
697 4065 850 4121 lacobus:
875 4069 944 4123 Lin-
997 4068 1052 4130 cet,
1069 4079 1124 4120 nec
1136 4063 1417 4137 incompositionem
1427 4063 1605 4137 ultraquam
1615 4062 1828 4136 oportet.Talia

113 4156 175 4212 quc
191 4143 354 4214 inquietum
382 4147 506 4219 matum,
532 4150 626 4219 plena
654 4166 763 4208 veneno
787 4155 943 4224 mortifero
997 4169 1068 4224 ergo
1082 4153 1140 4209 sint
1151 4159 1184 4210 ut
1197 4153 1371 4224 religionem
1387 4153 1477 4209 simul
1492 4152 1702 4210 commendent
1715 4155 1746 4207 et
1768 4151 1826 4208 ho·

113 4231 189 4303 (lae.
205 4235 255 4307 ur).
269 4234 441 4293 Cavendum
454 4244 497 4295 est
511 4255 583 4310 ergo
598 4241 681 4296 nobis
696 4255 889 4314 omurnmre,
905 4260 943 4302 ne
996 4248 1153 4301 aestatem.
1170 4246 1299 4303 Caveant
1314 4259 1386 4314 ergo
1401 4244 1506 4300 fratres
1517 4244 1629 4317 quibus
1651 4258 1826 4298 necessaria

113 4325 267 4394 mortifero
282 4331 309 4382 et
320 4326 467 4385 diabolico
478 4345 636 4399 pereamus
650 4346 770 4387 veneno.
996 4332 1252 4399 ministrantur,ne
1263 4332 1337 4404 quid
1345 4338 1485 4407 expetant
1494 4333 1734 4406 importune,aut
1742 4331 1824 4404 quod

150 4413 271 4471 Codices
285 4423 366 4471 certa
381 4419 456 4474 bora
470 4424 624 4488 petantur,
654 4427 740 4476 extra
765 4420 869 4479 boram
889 4426 943 4496 qai
970 4389 1057 4479 'non
1073 4422 1494 4492 deceateorumreligionem.
1510 4426 1585 4479 itam
1599 4420 1749 4495 quidquid
1778 4437 1825 4475 su·

109 4503 231 4570 petierit
245 4519 305 4557 non
321 4507 460 4573 accipiat.
994 4510 1145 4584 pertinum
1159 4509 1280 4578 babent,
1294 4511 1480 4568 mortiferum
1495 4516 1539 4569 est
1552 4511 1620 4568 illis.
1636 4510 1823 4584 carpendam

150 4588 291 4660 Superius
303 4591 437 4664 praecipit
451 4592 560 4651 instare
589 4597 774 4655 orationibus
803 4604 941 4677 tempori·
994 4616 1065 4671 ergo
1080 4600 1274 4672 quoniamea
1289 4618 1358 4674 quie
1373 4602 1558 4675 expendunt,
1572 4599 1742 4657 oblationes
1758 4603 1823 4656 sunt

111 4675 170 4732 bus
183 4677 361 4735 constitutis.
378 4683 524 4755 Tempora
538 4701 609 4755 ergo
634 4693 703 4743 sunt
729 4689 941 4762 distinguenda
993 4689 1128 4746 fidelium
1142 4706 1198 4763 pro
1209 4691 1413 4765 redemptione
1422 4697 1623 4765 peccatorum.
1637 4693 1671 4747 Et
1684 4690 1754 4747 ideo
1763 4704 1821 4746 non

112 4763 223 4837 quibus
238 4765 492 4840 debemusorare‚
508 4777 537 4829 et
550 4774 661 4846 quibus
690 4776 836 4835 debemus
862 4780 941 4849 lege·
994 4778 1157 4849 glorientur
1172 4779 1281 4836 talibus
1297 4781 1347 4849 uti,
1360 4781 1413 4837 sed
1427 4781 1525 4850 magis
1540 4780 1674 4849 timeant,
1695 4779 1779 4852 quod
1794 4779 1821 4835 in

113 4871 154 4911 re.
170 4857 209 4910 lie
222 4868 312 4928 opere
325 4874 446 4932 quoque
462 4862 531 4918 alibi
546 4865 689 4922 admonet
716 4872 748 4922 ut
762 4868 862 4924 nullus
882 4870 940 4926 sibi
994 4868 1087 4924 Veteri
1101 4873 1289 4927 Testamento
1306 4871 1343 4927 de
1359 4869 1564 4927 sacerdotibus
1576 4869 1692 4926 dictum
1705 4875 1760 4941 est,
1771 4870 1820 4926 ini·

113 4942 227 5017 aliquid
263 4953 410 5019 operetur,
451 4950 504 5007 sed
531 4953 633 5010 omnia
661 4971 754 5028 opera
779 4963 878 5014 vestra
908 4958 939 5014 in
992 4958 1138 5031 quitatem
1152 4960 1256 5032 populi
1270 4976 1320 5016 eos
1336 4959 1445 5017 debere
1458 4962 1587 5032 portare.
1613 4961 1646 5015 Et
1669 4958 1819 5016 ideonum

113 5046 209 5087 unum
234 5031 317 5090 fiant.
345 5038 410 5093 llaec
435 5039 491 5094 tria
513 5042 706 5100 commendat
721 5044 809 5100 nobis
836 5046 939 5116 regula
993 5062 1106 5117 magno
1122 5047 1225 5103 timore
1240 5047 1354 5103 solliciti
1370 5047 1429 5104 sint
1441 5062 1532 5120 super
1544 5063 1595 5103 eos
1608 5064 1742 5121 quorum
1770 5049 1819 5104 do

112 5135 181 5193 quae
191 5121 300 5179 animae
315 5130 424 5182 nostrae
436 5127 523 5184 valde
539 5135 608 5186 sunt
620 5132 801 5198 necessaria,
829 5133 939 5190 scilieet
993 5136 1039 5192 nis
1054 5136 1243 5209 participant,
1258 5137 1330 5210 quia
1344 5152 1491 5207 magnum
1506 5141 1550 5193 est
1564 5137 1743 5211 periculum.
1773 5140 1819 5196 Sa·

64 5291 67 5297 ,
112 5210 289 5282 orationem,
312 5211 481 5286 lectionem,
518 5219 733 5290 operationem.
770 5223 844 5276 Nam
874 5239 939 5278 ora·
992 5224 1108 5280 lubrius
1137 5230 1183 5281 est
1204 5230 1304 5283 autem
1336 5241 1485 5299 pauperes
1520 5226 1636 5293 Christi,
1658 5227 1737 5284 sicut
1760 5229 1820 5301 jam

41 5304 45 5311 “
111 5296 191 5355 tione
205 5300 400 5368 mundamur,
416 5302 541 5360 lectione
556 5305 741 5376 instruimur,
766 5310 938 5380 operatione
992 5311 1169 5385 praedictum
1183 5316 1236 5384 est,
1253 5329 1372 5387 semper
1397 5314 1497 5371 minus
1519 5331 1606 5386 egere
1634 5331 1729 5388 quain
1754 5315 1819 5390 plus

111 5385 329 5456 beatificamur,
344 5389 419 5446 sicut
435 5392 560 5464 Spiritus
577 5400 697 5449 sanctus
710 5393 781 5450 dicit
805 5395 834 5451 in
860 5396 938 5452 Psal-
991 5399 1114 5456 habere.
1135 5405 1209 5457 Nam
1222 5403 1300 5458 unde
1313 5419 1461 5477 pauperes
1474 5403 1586 5460 erimus
1596 5404 1651 5460 nisi
1662 5405 1819 5478 penuriam

112 5491 163 5532 mo
180 5477 330 5534 :Labores
343 5495 487 5535 mantiam
503 5487 623 5536 tuarum
646 5484 717 5553 qnia
732 5485 936 5554 rnarrdieeabis,
992 5493 1115 5561 propter
1129 5489 1222 5547 Deum
1237 5492 1446 5564 equanimiter
1470 5494 1645 5565 portemus?
1669 5494 1819 5559 Quantum

113 5562 214 5619 beatas
230 5571 296 5622 eset
310 5567 380 5623 bene
393 5568 446 5622 tibi
459 5569 518 5623 erit
533 5569 625 5637 (Psoi.
651 5572 764 5642 exxvut
798 5572 872 5638 Quia
886 5591 938 5630 au·
992 5593 1063 5648 ergo
1089 5580 1281 5636 meminimus
1308 5598 1364 5638 nos
1391 5581 1492 5639 illicita
1530 5584 1730 5653 commisisse,
1762 5591 1820 5641 tan·

112 5651 174 5707 tem
187 5651 261 5710 dicit
273 5657 307 5711 ut
324 5655 443 5715 codices
454 5655 579 5728 singulis
590 5655 697 5717 diebus
709 5663 858 5738 petantur,
882 5663 938 5723 fre-
991 5669 1057 5726 tum
1070 5673 1187 5744 oportet
1199 5685 1218 5729 a
1230 5670 1317 5729 licitis
1328 5670 1490 5730 abstinere.
1501 5676 1556 5731 Per
1568 5675 1819 5749 augustamenim
