3742 6082
57 197 129 255 lim

713 189 762 246 it!
778 181 1104 248 mmmmm

1694 193 1769 261 nrt

58 325 119 377 net.
135 321 232 392 AEqua
245 320 290 374 est
303 316 384 374 enim
397 318 446 375 via
462 317 593 376 Domini.
605 316 740 391 AEqmtas
763 313 819 370 via
845 313 890 367 est
904 311 930 368 d
943 315 1063 370 canem
1076 316 1226 390 corripiat,
1241 321 1270 376 et
1279 319 1427 379 emendet.
1440 323 1586 394 angardi
1599 333 1670 383 reto
1683 326 1768 400 aptet

58 411 332 483 temperamentum
347 407 426 465 vita.
440 408 523 464 Unde
536 408 632 465 David
647 425 655 463 ε
683 408 721 463 Ia
748 404 889 476 ueritate
942 400 989 454 tus
1002 405 1048 458 est
1061 419 1160 460 sermo
1175 405 1279 478 durus,
1295 407 1334 464 de
1348 422 1410 482 qno
1435 410 1543 468 dicitur
1558 430 1565 469 ε
1599 415 1653 471 Vns
1667 419 1767 473 cutem

58 507 111 556 tua
126 499 245 567 vivifica
259 512 305 554 mc
331 497 424 569 (Psoi.
439 499 549 571 cruri).
567 496 701 571 AEquitas
712 495 779 552 vitre
792 492 887 550 viriti-

58 588 136 645 catio
151 590 195 643 est
207 584 327 643 animae.

182 678 252 733 Gar.
269 678 300 732 ll.
315 676 468 746 nepam
480 676 568 733 modo
582 676 615 733 ta
626 674 761 744 sareu.

941 501 1008 546 cum
1023 495 1199 553 custedutc
1213 496 1397 569 imperabitis
1412 500 1463 568 etr,
1488 507 1516 558 ει
1539 511 1607 560 cura
1630 507 1768 575 ρειειιιιε

940 575 1058 673 (Εεεειιι
1071 582 1184 654 miv).

1125 674 1191 730 Gar.
1206 675 1272 731 llVl.
1285 676 1330 732 Dc
1343 677 1467 746 septeno
1480 677 1577 736 modo.

92 769 143 822 Est
155 768 258 821 autem
272 764 389 838 primus
403 764 514 820 modus
529 765 684 834 signorum
710 762 826 819 bonum
840 759 888 816 vei
977 758 1127 830 Septimus
1140 762 1252 819 modus
1267 769 1312 822 est
1325 764 1481 839 aequalitas
1507 766 1613 839 pulsus
1639 768 1769 829 natmeli

55 856 172 913 malum
187 853 422 924 significantium
437 853 796 911 fortitudojnfirmisuum
805 866 886 907 mor.
939 843 1109 920 similantis,
1139 850 1185 907 vel
1202 851 1392 926 inequalitas
1411 854 1528 927 pulsus,
1555 861 1589 912 ut
1614 857 1708 914 modo
1731 862 1769 915 stt

54 943 131 1000 bum
157 943 244 1000 lacile
266 943 429 1011 tolerantis,
453 943 501 999 rel
519 943 657 999 debilitas
669 941 782 998 intirmi
797 954 885 996 suum
940 949 1080 1007 mugnus,
1101 941 1193 998 modo
1202 957 1326 1015 parvus,
1342 943 1434 1000 modo
1442 944 1535 1016 tortis,
1546 946 1639 1004 modo
1649 945 1766 1004 debinc

56 1032 199 1089 morbum
212 1032 275 1106 pati
284 1032 474 1105 nequeuntis.
491 1032 661 1089 infirmatur
675 1031 885 1105 quitentatun
939 1026 1058 1084 Arterioe
1070 1031 1238 1103 procedunt
1251 1033 1380 1104 acorde,
1393 1035 1549 1109 aequalitas
1563 1036 1669 1111 pulsus
1680 1036 1712 1094 in
1724 1044 1770 1094 are

56 1121 183 1177 moritur
200 1120 253 1195 qui
268 1122 417 1193 desperat.
430 1121 508 1190 Licet
516 1121 607 1192 igitur
619 1120 727 1194 aliquis
736 1118 886 1177 interdum
939 1114 1018 1171 teriis
1033 1122 1078 1175 est
1091 1119 1231 1178 identitas
1246 1122 1324 1192 rita,
1337 1125 1504 1197 procedens
1519 1140 1556 1182 ex
1567 1124 1677 1183 affectu
1704 1136 1769 1182 cor·

55 1209 209 1283 peccet,si
234 1214 337 1266 umen
364 1209 443 1266 adeo
467 1209 551 1267 tortis
565 1214 710 1280 remanet,
723 1207 886 1266 utabono
938 1201 1200 1266 diadumenum
1215 1226 1301 1267 mens
1316 1212 1768 1283 incontrartmnvertiter,tunc

55 1315 146 1372 opere
156 1314 219 1356 non
234 1303 342 1367 cesset,
357 1299 479 1370 signum
491 1303 536 1356 est
560 1299 625 1356 hoec
648 1297 721 1356 boni
744 1295 886 1354 fortitudo
939 1308 992 1365 per
1014 1295 1148 1355 diversos
1167 1303 1266 1357 motus
1290 1301 1478 1376 inaequalitas
1497 1303 1606 1360 mentis
1631 1303 1770 1375 designet

56 1387 177 1444 infirmi.
191 1387 243 1445 Sin
257 1392 360 1445 autem
373 1389 444 1460 aegri
453 1389 575 1445 animus
588 1388 665 1444 adeo
677 1386 764 1444 luerit
777 1384 885 1442 debilis

54 1481 89 1533 ut
102 1480 198 1533 cesset
209 1476 249 1534 ab
263 1476 374 1533 affectu
384 1474 473 1533 bonae
488 1475 680 1549 operationis,
695 1475 816 1546 signum
839 1476 886 1530 est

55 1565 160 1621 mortis
170 1569 202 1623 et
212 1564 321 1622 future
332 1565 545 1622 damnationis.

251 1673 319 1728 Car.
336 1674 378 1728 xl.
396 1670 578 1729 Βεεεεειηάο
590 1671 686 1730 modo.

91 1776 248 1834 Secundus
262 1777 372 1835 modus
384 1776 489 1836 levitas
499 1779 609 1836 infirmi
621 1777 706 1836 facile
717 1794 749 1835 se
762 1793 885 1834 moven-

55 1866 104 1929 tis,
116 1864 160 1921 vel
175 1865 306 1937 maritas
321 1864 431 1923 infirmi
446 1867 571 1925 inertem
598 1872 716 1924 motum
733 1867 882 1924 habentis.

55 1958 129 2011 Cum
143 1954 236 2013 homo
250 1957 370 2014 interior
380 1957 481 2032 aliqua
496 1958 656 2015 tentatione
667 1957 791 2015 affectus
810 1957 885 2014 labi·

54 2048 112 2115 tur,
127 2044 153 2100 si
167 2043 243 2101 adeo
255 2045 329 2102 levis
344 2050 400 2117 est,
414 2051 446 2102 ut
457 2045 544 2114 facile
560 2046 599 2104 ad
613 2047 751 2103 virtutem
764 2061 884 2103 conver-

55 2139 143 2206 tatur,
164 2134 377 2209 recnperandae
400 2134 502 2193 salutis
518 2153 587 2211 spes
602 2137 755 2206 tribuitur3
772 2135 817 2192 sin
833 2152 884 2192 au·

55 2229 115 2280 tem
140 2228 223 2281 tanta
248 2229 294 2282 est
317 2225 448 2297 gravitas
475 2226 586 2283 infirmi
600 2230 633 2284 ut
649 2226 816 2283 obstinatus
831 2240 883 2282 ne·

54 2317 303 2387 qrreatapeccalo
311 2315 455 2387 converti,
466 2315 591 2388 signum
607 2315 678 2372 mali
694 2319 740 2372 est
748 2316 881 2383 eventus,

55 2401 229 2475 sempiterni
242 2401 381 2459 videlicet
390 2402 536 2460 interitus.

939 1384 1107 1455 periculum
1122 1391 1237 1448 mortis.

1131 1496 1198 1552 Car.
1212 1496 1289 1553 xv11.
1305 1497 1350 1555 De
1359 1503 1463 1556 octcco
1477 1498 1575 1556 modo.

974 1598 1101 1656 Octavus
1115 1603 1225 1659 modus
1240 1608 1284 1661 est
1296 1603 1438 1663 fortitudo
1450 1605 1564 1663 virtutis
1578 1605 1610 1663 iu
1621 1604 1690 1664 loco
1714 1600 1766 1663 de·

938 1687 1093 1762 coctionis,
1109 1690 1156 1747 vel
1172 1690 1309 1751 debilitas
1321 1695 1436 1751 virtutis
1449 1694 1480 1751 in
1492 1691 1559 1752 loco
1574 1694 1766 1753 decoctionis.

937 1775 1053 1834 Primus
1063 1780 1257 1852 decoctionis,
1274 1783 1358 1841 locus
1372 1788 1417 1841 est
1424 1785 1609 1856 stomachus,
1619 1784 1715 1859 hepar
1725 1800 1768 1840 se·

939 1866 1066 1936 cundus,
1083 1874 1190 1927 caetera
1206 1872 1344 1929 membra
1354 1874 1466 1930 tertius.
1481 1874 1555 1931 Cum
1566 1875 1668 1930 autem
1682 1871 1768 1930 cibus

939 1955 1047 2013 animae
1060 1956 1238 2032 decoquitur
1264 1961 1296 2017 in
1315 1962 1470 2018 stomacho
1489 1961 1642 2018 memorie
1656 1976 1710 2035 per
1723 1977 1768 2018 re·

938 2046 1153 2120 cordationem,
1167 2049 1198 2106 iu
1209 2048 1307 2106 calore
1319 2051 1436 2125 hepatis
1446 2066 1500 2125 per
1512 2049 1713 2121 dilectionem,
1735 2049 1767 2107 in

937 2135 1050 2190 caeteris
1065 2136 1209 2194 membris
1225 2154 1279 2211 per
1293 2138 1510 2212 operationem,
1526 2142 1596 2195 tunc
1625 2136 1767 2196 fortitudo

938 2223 1053 2280 virtutis
1077 2229 1121 2282 est
1145 2226 1175 2284 in
1203 2226 1270 2285 loco
1285 2227 1479 2286 decoctionis.
1497 2227 1525 2287 Si
1539 2243 1609 2284 vero
1634 2226 1769 2304 sequitur

938 2310 1074 2370 debilitas
1091 2315 1213 2387 virtutis,
1234 2316 1354 2388 signum
1369 2322 1413 2375 est
1427 2318 1541 2374 mortis.

1135 2423 1201 2478 Car.
1213 2424 1304 2480 llvlll.
1318 2424 1362 2480 De
1378 2439 1456 2480 nono
1471 2423 1569 2480 modo.

264 2513 331 2568 CAP·
347 2512 401 2568 ΧΠ·
417 2513 461 2569 De
476 2513 562 2569 ῑθνῖῑθ
576 2512 672 2569 771040·
974 2529 1075 2582 Nonus
1099 2527 1209 2584 modus
1233 2533 1278 2586 est
1295 2528 1467 2597 laudabilis,
1492 2529 1540 2585 vel
1563 2527 1767 2602 vituperabilis

90 2618 201 2675 Tertius
215 2619 324 2676 modus
336 2624 383 2676 est
400 2619 513 2692 effigies
521 2623 550 2677 et
561 2619 720 2693 dispositio
729 2619 883 2676 membro-
937 2616 1077 2688 purgatio
1089 2632 1143 2689 per
1161 2617 1315 2674 sudorem.
1331 2618 1412 2675 Sicut
1424 2619 1505 2675 cuim
1521 2618 1551 2674 in
1576 2617 1712 2690 quolibet
1724 2617 1768 2673 in·

54 2725 123 2764 rum
137 2708 194 2765 sibi
204 2725 280 2766 sano
294 2709 410 2778 similis,
429 2709 475 2766 vel
489 2710 660 2767 distributio
675 2709 882 2767 membrorum
937 2704 1025 2760 lirino
1038 2704 1213 2778 aperiuntur
1224 2707 1324 2763 carnis
1339 2707 1417 2781 pori,
1434 2711 1466 2763 ut
1479 2722 1533 2780 per
1547 2706 1689 2762 sudorum
1714 2705 1769 2763 liat

54 2797 162 2869 effigiei
175 2814 238 2856 non
252 2799 310 2856 sibi
323 2815 399 2856 sano
415 2799 529 2856 similis.
547 2797 665 2870 Effigies
675 2798 882 2855 membrorum
937 2793 1075 2866 pingatis
1090 2794 1198 2862 morbi,
1216 2795 1257 2851 sic
1272 2811 1325 2869 per
1341 2796 1559 2853 contessionem
1592 2794 1707 2868 peccati
1733 2793 1768 2852 tit

54 2891 98 2942 est
111 2885 143 2941 in
159 2885 289 2944 interiori
301 2887 424 2945 homine
450 2887 627 2961 compositio
654 2902 784 2955 morum,
801 2890 829 2944 et
853 2887 882 2942 in
936 2882 1096 2940 laudabilis
1111 2885 1251 2957 purgatio
1261 2885 1365 2943 animi.
1387 2884 1537 2943 Laudatur
1555 2884 1646 2941 etiam
1673 2883 1767 2941 sudor

53 2974 199 3031 membris
211 2975 339 3033 externis
349 2975 519 3033 distributio
531 2976 694 3034 actionum.
712 2975 767 3043 Qui
789 2976 882 3033 bomo
938 2973 1098 3031 mediocris
1112 2974 1295 3032 sibabeatur
1306 2975 1335 3032 in
1351 2976 1494 3032 omnibus
1507 2972 1662 3031 membris.
1691 2975 1767 3032 Cum

54 3067 125 3120 tnnc
136 3068 183 3121 est
197 3064 253 3122 sibi
269 3081 343 3122 sano
370 3065 484 3135 similis,
513 3066 651 3140 quandlu
678 3066 810 3123 actiones
837 3035 918 3122 sec
936 3078 1007 3119 vero
1032 3062 1157 3121 sudora
1174 3067 1347 3122 totomanat
1358 3080 1493 3139 corpore,
1512 3063 1650 3120 omnium
1674 3077 1768 3119 mem-

53 3159 187 3226 quantur
201 3158 471 3228 temperamentum
493 3155 639 3228 religiosa
658 3156 776 3214 mentis.
803 3158 883 3213 Tunc
937 3151 1061 3208 brorum
1076 3152 1280 3211 tortitudinem
1294 3153 1573 3227 (quodestsignnm
1586 3150 1671 3224 boui)
1686 3149 1766 3208 desi-

54 3259 123 3300 vero
151 3259 214 3301 non
237 3248 281 3302 est
304 3244 361 3302 sibi
380 3261 455 3302 sano
469 3245 585 3315 similis,
609 3247 733 3320 quando
751 3245 885 3303 variatur
939 3246 1020 3311 gnat.
1049 3241 1185 3299 Similiter
1213 3247 1330 3316 oportet
1355 3247 1387 3300 ut
1399 3243 1492 3300 sudor
1505 3239 1701 3299 contessionis
1713 3238 1768 3297 liet

938 3330 976 3388 de
990 3336 1113 3405 peccato
1125 3332 1285 3405 cujuslibet
1307 3332 1499 3406 operationis.
1517 3331 1575 3390 Sed
1588 3346 1659 3388 cum
1673 3328 1767 3387 sudor

938 3420 1099 3477 fittantum
1127 3421 1158 3478 in
1184 3421 1319 3496 quadam
1345 3421 1479 3496 corporis
1502 3425 1598 3495 parte,
1626 3417 1709 3476 velut
1735 3415 1767 3475 in

939 3511 1046 3585 capite,
1057 3511 1088 3568 id
1103 3511 1248 3583 contingit
1262 3528 1299 3568 ex
1310 3511 1518 3568 membrorum
1531 3508 1693 3566 debilitata.
1709 3507 1768 3563 lle-

939 3600 1038 3658 raliter
1063 3606 1163 3658 autem
1184 3616 1238 3675 per
1259 3615 1374 3670 aegrum
1399 3597 1591 3668 intelligimus
1618 3594 1767 3662 animum,

938 3706 992 3764 per
1019 3695 1111 3763 caput
1135 3690 1340 3759 intentionem,
1373 3704 1427 3762 per
1464 3686 1614 3759 reliquum
1654 3697 1767 3756 corpus

940 3779 1094 3836 actionum
1123 3778 1313 3853 sequentium
1338 3776 1591 3843 distributionem,
1607 3787 1660 3855 per
1675 3770 1767 3828 sudo-

54 3349 108 3406 per
120 3350 215 3409 opera
229 3335 440 3409 perversitatis.

244 3445 312 3500 Gir.
326 3446 395 3501 lllll.
414 3446 459 3501 De
472 3450 581 3516 cuono
594 3444 691 3500 modo.

90 3549 220 3613 Quartus
234 3546 344 3606 modus
358 3552 403 3606 est
415 3547 529 3607 sanitas
552 3551 669 3619 mentis,
683 3550 712 3607 et
726 3547 819 3607 facilis
833 3564 885 3623 ap·

57 3636 180 3708 petitus.
197 3635 246 3694 Vel
259 3639 444 3711 perturbatio
458 3639 576 3707 mentis,
593 3644 622 3695 et
633 3637 763 3696 difficilis
772 3638 885 3712 appeti-

56 3729 112 3782 tus.
130 3728 217 3783 Sana
230 3727 337 3785 mentis
352 3742 418 3785 esse
445 3727 562 3798 dicitur,
591 3729 643 3802 qui
669 3743 688 3784 a
710 3726 885 3785 rectitudine

56 3814 174 3871 consilii
194 3831 258 3872 non
279 3817 434 3874 alienatur.
452 3816 548 3874 Facile
560 3833 631 3873 vero
643 3816 746 3873 cibum
759 3816 883 3890 appetit,
1143 3868 1148 3879 ,
1381 3866 1417 3878 ..
1525 3864 1530 3875 Ι
1579 3863 1584 3875 Ι
1632 3862 1638 3874 ,
1726 3859 1732 3872 ,

55 3907 108 3975 qui
137 3903 264 3960 verbum
287 3904 355 3962 ,Μ
382 3906 475 3980 (quod
496 3910 541 3963 est
554 3904 639 3963 cibus
658 3905 776 3978 animm)
791 3904 885 3961 uben·
939 3885 1001 3925 rem
1022 3868 1251 3926 confessionem.
1281 3871 1355 3926 Cum
1379 3869 1469 3938 rgrtur
1493 3864 1603 3938 ahans
1630 3864 1766 3920 mtentm

55 3997 99 4046 ter
114 3991 206 4050 audit.
221 3993 275 4059 Qui
299 3999 398 4053 autem
424 4000 469 4054 est
479 3996 606 4053 turbata
620 3995 738 4064 mentis,
756 3996 785 4050 ει
799 3993 885 4064 cutus
939 3975 1009 4016 ”⁹¹¹¹
1025 3975 1112 4060 {uam
1138 3957 1252 4060 midai
1279 3962 1308 4014 et
1329 3958 1386 4014 ¹¹⁰⁰
1401 3955 1484 4058 ΨΜ
1499 3954 1577 4055 ΨΕῙΫ
1591 3951 1682 4035 ⁸⁰⁸⁸st
1710 3948 1768 4007 ‘¹¹³¹

55 4084 100 4137 est
113 4082 262 4155 apperitus
278 4083 417 4155 djfflcffis,
433 4087 459 4143 si
472 4086 599 4143 ,erbum
613 4085 679 4142 ,Μ
700 4098 762 4141 non
789 4096 883 4156 appe,
938 4067 1088 4120 conscius,
1104 4049 1234 4106 creditur
1252 4051 1376 4106 excusat
1385 4044 1589 4121 vituperabilis
1599 4041 1767 4113 aeschinus

53 4172 106 4241 tat,
120 4186 241 4230 necesse
256 4178 299 4231 est
310 4178 343 4231 ut
353 4181 482 4234 mortem
500 4179 653 4250 perpetuu.
680 4171 884 4231 damnationis
938 4140 1077 4214 P⁰r3⁸fi⁰
1090 4139 1219 4240 ‘smmis’
1235 4138 1307 4212 ΨΜ
1335 4137 1428 4238 8ῗάοΓ
1453 4131 1651 4192 ⁰⁰¹1f⁰⁸⁸¹⁰⁰i⁸
1665 4144 1768 4231 WP‘

53 4259 195 4315 incurrat,
938 4246 1001 4289 non
1016 4233 1121 4304 aperit,
1136 4245 1214 4303 quos
1228 4233 1382 4284 excusatio
1394 4225 1514 4283 clausos
1528 4238 1583 4297 per
1594 4222 1768 4280 obstinatio

939 4334 1010 4377 nem
1023 4319 1148 4390 stringit.

1128 4411 1195 4466 Car.
1209 4409 1274 4480 lllll.
1290 4406 1334 4463 De
1347 4405 1452 4462 dolore
1465 4401 1583 4472 capitu.

977 4522 1076 4591 capot
1089 4532 1187 4576 mecm
1202 4517 1296 4583 dcteo,
1306 4514 1386 4570 dicit
1393 4509 1562 4583 pccrpctrt
1570 4502 1768 4580 scotlt'ltec.

940 4614 989 4686 rr).
1005 4614 1080 4669 Cum
1098 4613 1199 4666 cutem
1208 4609 1299 4680 capnt
1312 4604 1349 4661 sil
1359 4598 1524 4677 principale
1536 4596 1709 4655 membrum
1718 4595 1771 4651 ho-

941 4701 1040 4766 minis,
1052 4713 1106 4771 per
1118 4698 1220 4771 ipsum
1229 4693 1413 4766 significatur
1421 4702 1498 4763 opus
1513 4684 1678 4761 principale
1688 4694 1772 4740 men-

941 4792 987 4857 tis,
996 4779 1083 4844 dolor
1091 4797 1163 4842 vero
1178 4782 1282 4855 capitis
1299 4784 1345 4837 est
1358 4779 1508 4853 appetitus
1521 4774 1685 4831 mundanae
1706 4768 1770 4831 telt-

942 4870 1372 4941 citatisonaeldcodoloresse
1398 4866 1517 4935 dicitur,
1532 4864 1606 4940 qnia
1627 4864 1771 4940 ducentur

942 4984 1012 5024 cum
1021 4965 1137 5032 labore,
1148 4959 1318 5035 possidetur
1331 4971 1401 5014 cnm
1416 4956 1532 5028 timore,
1543 4955 1686 5014 amittitur
1700 4966 1771 5010 cum

943 5061 1082 5109 murore.
1096 5052 1149 5106 Per
1158 5056 1287 5123 puerum
1301 5044 1494 5116 intelligimus
1502 5044 1664 5119 puritatem
1674 5041 1771 5112 culus

942 5142 1015 5199 libet
1025 5139 1196 5215 prenitentis
1211 5136 1408 5194 animae.Puer
1417 5133 1703 5207 lgitnrcaputsuum
1716 5127 1769 5186 do·

942 5231 991 5299 let,
1003 5238 1073 5287 cum
1087 5228 1248 5302 puritatem
1256 5223 1365 5281 anima
1373 5223 1410 5280 de
1418 5219 1654 5292 transgressione
1661 5216 1771 5274 mentis

940 5317 1134 5396 poenitet.sed
1143 5314 1303 5391 pradictus
1311 5329 1386 5388 puer
1399 5310 1446 5369 bis
1461 5313 1551 5383 caput
1563 5316 1653 5364 suum
1663 5305 1770 5378 doluit,

264 5394 330 5449 ω·
351 5394 405 5449 xv·
421 5394 465 5450 ⁰³
481 5399 566 5452 ³²²‘0
578 5393 675 5450 ”¹⁰d0·
940 5401 1770 5485 dumpuritasanimoededolectationeetconsensnpee-

94 5501 199 5556 Sextus
213 5502 322 5559 modus
333 5505 378 5558 est
392 5503 525 5560 suavitas
538 5502 670 5577 spiritns,
685 5500 733 5558 vel
746 5502 886 5573 angustia
940 5501 998 5559 cati
1013 5499 1102 5556 flevit.
1118 5498 1315 5555 Convertetur
1328 5493 1416 5550 dolor·
1428 5491 1502 5560 ejus,
1514 5487 1611 5561 inquit
1621 5484 1726 5557 David,
1736 5487 1769 5544 in

57 5589 188 5663 spiritus.
205 5591 340 5650 suavitas
355 5593 486 5667 spiritus,
502 5594 601 5664 idest,
616 5591 763 5650 interioris
788 5591 884 5650 homi·
939 5596 1031 5661 caput
1040 5592 1104 5661 ejas
1114 5587 1208 5660 (Prot.
1221 5585 1284 5658 ru).
1300 5582 1389 5638 Dolor
1398 5579 1470 5637 item
1490 5577 1596 5652 capitis
1624 5578 1670 5635 esi
1691 5591 1771 5636 mor·

57 5679 105 5739 nb
119 5682 164 5736 εει
176 5694 276 5738 sermo
286 5682 519 5754 consolatorius,
534 5686 567 5743 ut
581 5696 651 5744 cum
672 5680 792 5746 lenitate
817 5692 892 5757 pec.
929 5682 990 5742 bus
1011 5677 1115 5737 nimie
1137 5664 1772 5751 cupiditatlstluldolorlncapdtcoltv'ertl·

254 4370 321 4426 Car.
336 4373 402 4426 xlv.
416 4373 460 4429 Dc
472 4376 576 4445 quinto
589 4375 685 4432 modo.
897 4388 921 4445 Β

92 4473 218 4540 Quintus
232 4472 342 4530 modus
352 4479 396 4530 est
409 4478 541 4533 suavitas
555 4481 653 4535 somni
667 4485 799 4554 tempore
812 4494 883 4537 con·

56 4577 131 4633 gruo
146 4561 226 4629 iacti,
239 4565 267 4618 et
277 4560 430 4619 infirmum
442 4563 588 4634 juvantis,
603 4567 650 4622 vel
663 4569 776 4625 malitia
787 4566 885 4624 somni

55 4668 118 4708 non
147 4668 283 4724 congruo
309 4658 442 4727 tempore
468 4653 549 4724 iacti,
565 4659 594 4710 et
607 4654 727 4713 infirmo
739 4657 883 4713 nocentis

55 4744 200 4813 Tempore
210 4757 345 4812 congruo
360 4741 480 4812 dormit,
496 4743 549 4817 qui
562 4742 674 4800 dormit
685 4743 716 4799 in
730 4747 828 4811 nocte,
855 4744 886 4801 id

57 4835 113 4901 est,
126 4831 179 4903 qui
194 4831 361 4905 tranquillae
374 4833 483 4890 mentis
493 4837 539 4890 est
550 4832 581 4889 in
591 4832 778 4889 adversitate.
789 4833 886 4889 lubae

56 4921 155 4995 quiete
171 4924 265 4978 [teum
281 4922 421 4992 somniat,
437 4927 466 4979 et
481 4921 657 4995 hujusmodi
671 4937 796 4979 somnus
806 4921 887 4978 infir-

55 5026 142 5066 mum
153 5010 259 5081 juvat;
275 5009 387 5068 dormit
399 5027 470 5069 vero
485 5012 517 5069 iu
531 5028 593 5069 non
607 5027 727 5083 conguo
742 5015 885 5085 tempore,

55 5101 108 5176 qui
124 5101 235 5157 dormit
248 5100 279 5158 in
292 5101 350 5169 die,
366 5102 465 5171 idest,
479 5102 531 5177 qui
546 5103 708 5161 delectatur
718 5103 749 5160 in
759 5100 887 5159 munda·

54 5208 96 5248 na
108 5190 314 5265 prosperitate.
329 5192 381 5248 Hic
395 5192 476 5250 enim
504 5209 630 5250 somnus
650 5196 764 5267 quanto
788 5206 887 5262 magis

56 5282 155 5355 placet
168 5285 250 5339 tanto
263 5282 362 5353 magis
378 5283 499 5341 infirmo
512 5289 609 5342 nocet.
