3742 6082
77 224 125 283 aa
306 182 314 193 ’
584 219 639 277 ue
656 218 942 283 sacmuuuns.
962 224 1073 286 maru
1091 227 1106 285 r
1124 228 1225 288 rans
1242 231 1277 288 v.
1724 251 1778 312 246

77 347 136 404 vult
150 348 256 419 ipsum
271 345 354 418 quod
369 349 416 400 est
427 360 490 400 rem
502 346 661 419 approbat,
674 346 706 401 in
718 362 900 420 eoveroquo
915 351 942 408 A
955 358 1085 424 possunt
1101 360 1130 411 et
1144 357 1268 428 tugiunt
1298 359 1336 415 ab
1361 361 1564 436 intelligentia
1585 375 1615 426 et
1639 389 1775 436 sermone

76 434 137 491 mlt
152 436 268 507 ipsum,
284 435 356 505 qrria
372 437 418 488 est
433 438 534 489 aetum
552 435 604 489 rei.
623 434 659 489 ln
674 438 899 506 celantemque
953 445 1068 499 nostro.

76 522 898 597 approbatremetnonactumrei,vultaliquidetnon·
954 527 1027 585 Can
1046 531 1156 589 XXVI.
1179 538 1222 590 Dc
1250 552 1363 594 rerum
1393 545 1508 599 ardiae
1536 549 1572 601 ia
1595 554 1717 618 praeriis
1745 565 1776 613 et

75 612 143 669 dum
159 612 261 668 adhuc
274 627 339 667 esse
353 611 421 666 vult
436 610 518 683 quod
532 611 609 666 vult.
628 611 663 666 ln
679 627 713 666 eo
734 628 805 667 vero
817 612 900 684 quod
1196 629 1348 681 sacrandis
1369 634 1400 684 et
1420 635 1537 689 tertiis.

75 701 223 775 approbat
239 705 340 755 actum
354 701 396 754 rei
410 703 440 754 et
455 715 516 753 nou
525 700 624 771 ipsam
635 716 698 754 rem
709 700 826 772 ⁴aliquid
836 716 900 756 esse
991 704 1039 760 Sic
1062 707 1156 777 igitur
1177 717 1297 768 coristat
1321 731 1420 772 rerum
1439 720 1523 790 ordo,
1540 728 1573 779 ut
1592 732 1662 797 post
1679 732 1777 802 prima

75 790 336 859 vult,etuondu1n
349 793 450 843 tamen
462 790 562 860 ipsum
575 790 640 844 vult
652 788 734 860 quod
745 806 809 844 esse
821 790 899 868 vult,
955 795 1124 863 posteriora
1136 804 1314 868 seqirantur.
1332 802 1434 860 Prima
1449 811 1586 867 oranium
1609 831 1710 873 rerum
1733 825 1778 876 est

76 880 180 952 Neque
195 880 278 933 enim
295 879 410 942 bonurn
420 882 465 933 est
476 894 540 932 esse
552 894 640 933 omne
652 879 733 950 qrrod
744 879 902 950 ipsumbo
956 880 1099 937 voluntas
1115 883 1276 957 Creatoris,
1287 894 1432 959 ‹prorriam
1448 912 1483 951 ex
1498 899 1565 970 ipsa
1580 910 1649 959 sum
1663 910 1775 964 orrrnia.

75 984 146 1024 num
159 974 218 1035 est;
235 966 493 1039 quemadmodum
508 967 673 1038 aliquando
690 968 772 1039 quod
785 968 901 1023 triadum
956 968 1030 1024 Post
1044 971 1142 1041 ipsam
1166 983 1338 1045 sequuntur
1352 996 1420 1051 qliae
1444 992 1516 1041 sunt
1531 1006 1567 1043 ex
1582 992 1658 1062 ipsa.
1675 996 1778 1053 Prima

77 1061 118 1115 est
132 1072 200 1114 esse
217 1057 319 1129 ipsum
332 1056 448 1111 malum
464 1072 524 1111 non
541 1062 597 1112 est.
614 1056 652 1111 Et
665 1072 725 1112 non
739 1056 808 1112 vult
819 1055 902 1111 Deus
957 1061 1107 1129 suntquis
1118 1063 1229 1117 suntin
1240 1080 1285 1123 ea:
1297 1070 1589 1146 secundasuntqura
1602 1090 1774 1145 exeasunt.

78 1149 133 1205 nisi
146 1146 233 1220 quod
244 1147 360 1202 honum
376 1149 432 1216 est,
450 1147 542 1202 etiarn
558 1162 627 1201 cum
645 1147 747 1220 ipsum
770 1161 835 1202 esse
849 1146 901 1201 bo·
957 1143 1030 1209 Quae
1042 1146 1073 1200 in
1089 1162 1123 1201 ea
1138 1155 1211 1206 siant
1222 1156 1336 1209 aeterna
1348 1162 1430 1226 sunt,
1446 1176 1500 1216 nee
1515 1166 1642 1232 grrrdum
1661 1170 1775 1231 habent

77 1251 148 1293 num
161 1251 226 1291 non
242 1239 297 1291 est.
316 1236 354 1290 Et
369 1250 430 1290 non
445 1234 513 1291 vult
530 1250 596 1290 esse
606 1235 666 1290 nisi
679 1235 761 1307 quod
775 1249 841 1290 esse
855 1234 905 1289 bo
957 1247 1012 1287 nec
1028 1238 1258 1309 successionem,
1272 1245 1417 1312 quoniam
1430 1248 1462 1301 in
1476 1252 1593 1309 unitate
1606 1259 1777 1318 consistunt

77 1340 148 1381 num
156 1328 215 1393 est,
228 1324 322 1379 etiam
332 1339 402 1378 cum
411 1324 513 1396 ipsum
520 1323 636 1379 bonum
646 1326 773 1379 nonest.
788 1323 902 1378 Etcum
958 1325 987 1376 ct
1005 1321 1037 1376 in
1053 1326 1223 1382 aeternitate
1246 1344 1307 1385 non
1331 1335 1499 1393 transeunt.
1517 1340 1590 1403 Quae
1605 1359 1642 1398 ex
1657 1361 1691 1400 ea
1706 1354 1778 1406 sunt

76 1412 140 1469 vult
154 1412 275 1484 ahquid
287 1413 360 1484 quia
374 1413 490 1468 bonum
514 1416 570 1481 est,
586 1415 615 1467 et
637 1413 739 1484 ipsum
762 1426 903 1468 essenon
957 1415 1059 1465 creata
1074 1417 1146 1468 sunt
1158 1430 1212 1486 per
1226 1432 1303 1487 eam,
1313 1435 1381 1491 qliae
1396 1439 1518 1481 cansam
1535 1440 1732 1502 sumpserunt
1742 1454 1779 1493 ex

78 1502 140 1558 vult
154 1503 230 1574 quia
244 1502 360 1557 bonum
376 1518 437 1557 nou
448 1505 504 1569 est,
517 1501 673 1574 perficitur
682 1501 825 1557 voluntas
838 1502 904 1573 ejus
957 1497 1025 1568 ipsa
1040 1501 1317 1561 nonsubstantiam
1333 1509 1364 1563 in
1378 1511 1455 1581 ipsa:
1471 1517 1544 1585 qiria
1554 1517 1659 1574 divina
1670 1528 1779 1580 natura

79 1594 106 1646 et
120 1607 183 1647 non
198 1595 336 1646 remanet
350 1591 415 1646 sine
430 1591 548 1659 ellectu,
567 1591 659 1645 etiam
674 1605 742 1645 cum
769 1605 818 1644 res
842 1604 904 1643 non
959 1586 1203 1646 substantialiter
1226 1608 1264 1647 ea
1278 1610 1309 1649 se
1330 1612 1390 1652 non
1414 1604 1519 1669 genuit
1534 1621 1602 1675 quae
1618 1612 1781 1669 causaliter

79 1679 242 1754 perficitur,
256 1680 331 1752 quia
343 1680 385 1734 sie
398 1678 465 1734 vult
480 1682 509 1733 et
524 1679 639 1734 bonum
663 1677 805 1749 estquod
825 1675 902 1731 vult.
920 1671 944 1726 B
959 1676 1082 1744 creavit,
1099 1678 1172 1749 quia
1182 1687 1351 1753 nonpotest
1366 1690 1546 1746 naturaliter
1556 1694 1636 1750 idem
1651 1714 1716 1754 esse
1726 1703 1780 1772 qui

79 1768 199 1823 Etcum
214 1783 278 1823 nou
292 1767 360 1823 vult
374 1766 502 1838 aliquid,
518 1767 591 1837 quia
607 1766 721 1821 malum
734 1769 800 1833 est;
817 1768 846 1819 et
860 1764 904 1835 ip·
959 1761 1030 1817 fecit
1043 1767 1073 1818 ct
1087 1766 1169 1836 quod
1183 1768 1298 1825 tactum
1314 1777 1368 1826 est.
1385 1774 1457 1840 Quae
1482 1779 1576 1849 igitur
1599 1784 1680 1841 facta
1706 1793 1779 1844 eunt

82 1871 224 1911 semesae
240 1855 316 1924 vult,
333 1856 406 1926 quia
419 1856 534 1910 borium
550 1858 614 1909 cst:
629 1854 785 1925 perficitur
797 1852 903 1908 volun·
960 1865 1057 1915 unum
1072 1868 1133 1908 non
1148 1860 1231 1925 sunt,
1248 1862 1278 1912 et
1300 1860 1332 1914 iu
1348 1861 1396 1917 his
1418 1866 1558 1935 quaedam
1577 1873 1677 1941 prima
1696 1881 1779 1947 sunt,

81 1949 126 2001 tas
139 1960 211 1999 oram
224 1960 273 2000 res
287 1944 451 2015 perficitur,
467 1943 593 2015 quiasie
607 1941 674 1996 vult
687 1945 716 1996 et
730 1941 846 1996 bonum
860 1943 906 1994 est
960 1939 1100 2008 qiuedam
1115 1942 1247 1997 secunda
1255 1959 1264 2011 ;
1290 1961 1350 2002 non
1375 1950 1474 2019 prima
1489 1953 1528 2008 ad
1551 1958 1651 2027 prima
1675 1962 1726 2017 sed
1742 1963 1780 2018 ad

82 2032 254 2104 quodvult.
276 2032 315 2087 Et
330 2032 443 2103 simper
457 2030 602 2102 impletur
614 2029 757 2085 voluntas
771 2029 837 2099 ejus
851 2043 860 2096 3
877 2030 907 2082 et
960 2026 1093 2081 secunda
1107 2029 1215 2099 prima.
1232 2031 1305 2095 Quae
1320 2035 1401 2091 enim
1423 2038 1461 2093 ad
1476 2042 1575 2111 prima
1596 2052 1667 2103 ante
1688 2065 1720 2104 se
1735 2066 1779 2105 se·

83 2135 241 2193 nunquam
257 2135 379 2175 cassum
404 2122 449 2174 est
463 2118 688 2191 beneplacitum
703 2117 806 2185 illius,
834 2117 907 2188 quia
960 2116 1059 2170 cunda
1075 2119 1198 2174 suntad
1214 2123 1356 2193 secunda,
1372 2141 1391 2179 a
1405 2141 1436 2181 se
1453 2135 1526 2186 sunt
1539 2134 1660 2204 prima,
1689 2143 1719 2194 et
1734 2154 1778 2194 se-

83 2208 196 2264 bonum
208 2212 256 2263 est
271 2208 385 2281 simper
395 2208 477 2280 quod
484 2208 586 2263 vultet
598 2211 644 2263 est
659 2222 777 2279 semper
784 2208 819 2260 ut
828 2204 903 2260 vult.
960 2204 1060 2259 cunda
1074 2206 1113 2261 ab
1126 2206 1202 2278 ipsis
1216 2225 1225 2277 3
1255 2212 1345 2266 tertia
1368 2218 1441 2270 eunt
1464 2217 1501 2272 ad
1516 2221 1625 2291 prima.
1648 2224 1721 2289 Quae
1747 2229 1780 2283 iu

85 2296 120 2351 lu
133 2296 199 2352 haec
216 2300 291 2351 sunt
305 2297 442 2368 quinque
456 2297 622 2368 proposita,
635 2295 907 2367 beneplacitum‚et
959 2291 1119 2349 voluntate
1140 2294 1195 2350 Dei
1211 2301 1325 2354 aeterna
1341 2305 1372 2356 et
1393 2303 1562 2362 invisibilia
1585 2316 1668 2380 sunt,
1682 2315 1781 2384 prima

84 2384 254 2457 permissio,
270 2385 417 2456 operati0,
431 2387 461 2439 et
470 2385 631 2457 praeceptio
644 2388 673 2438 et
688 2381 906 2457 prohihitiollt
960 2381 1098 2436 omnium
1116 2386 1198 2438 sunt.
1214 2383 1288 2449 Quae
1302 2402 1340 2442 ex
1353 2389 1511 2449 voluntate
1524 2396 1581 2453 Dei
1602 2402 1781 2472 temporalia

83 2471 284 2544 distinguitur
296 2471 520 2544 beneplacitum
541 2473 574 2527 in
593 2488 628 2528 eo
649 2487 709 2544 quo
727 2487 775 2527 res
799 2484 905 2541 appro·
960 2472 990 2524 et
1004 2469 1173 2526 invisibilia
1187 2477 1260 2528 sunt
1272 2477 1405 2532 secunda
1417 2485 1490 2536 sunt
1504 2489 1573 2554 post
1586 2488 1696 2559 prima,
1712 2506 1781 2562 quaa

82 2560 181 2631 batur,
195 2565 225 2616 et
237 2562 271 2616 in
285 2576 320 2615 eo
330 2577 391 2632 quo
407 2562 594 2633 approbatur
609 2564 696 2616 actus
713 2560 765 2614 rei.
792 2559 832 2613 Et
846 2557 906 2612 dis·
961 2558 1139 2630 temporalia
1154 2564 1183 2614 et
1197 2560 1332 2618 visibilia
1346 2567 1436 2621 tertia
1447 2576 1517 2640 post
1530 2576 1671 2631 secunda.
1688 2579 1726 2633 lit
1748 2580 1780 2634 in

82 2651 235 2722 tinguitur
249 2651 385 2722 operatio
399 2651 432 2705 in
448 2665 481 2705 eo
496 2649 579 2722 quod
592 2653 745 2722 operatur,
770 2651 800 2703 et
824 2647 856 2701 in
872 2662 906 2701 eo
960 2647 1036 2719 ipsis
1044 2648 1219 2705 visibilibus
1228 2667 1295 2722 quae
1308 2655 1470 2711 rationalia
1480 2666 1553 2716 sunt
1563 2666 1781 2738 propinquiora

84 2739 161 2811 quod
177 2742 377 2811 cooperatur,
394 2739 466 2810 quia
483 2738 543 2793 alia
558 2739 631 2793 farcit
645 2738 728 2793 Deus
753 2734 906 2808 operando
961 2738 1033 2790 sunt
1051 2736 1270 2808 invisibilibus,
1283 2743 1358 2812 quia
1377 2744 1409 2798 in
1435 2745 1502 2817 ipso
1526 2748 1693 2807 invisibilia
1707 2761 1781 2811 sunt

84 2842 148 2899 quae
164 2826 250 2882 selus
264 2826 348 2896 facit,
364 2826 424 2881 alia
439 2826 627 2898 cooperando
650 2841 717 2898 quar
742 2823 825 2880 solus
845 2838 906 2878 nou
960 2838 1028 2894 quae
1043 2824 1205 2880 rationalia
1229 2832 1311 2883 sunt.
1328 2829 1489 2887 Ponuntur
1509 2850 1579 2905 ergo
1600 2839 1699 2908 primo
1714 2842 1780 2899 loco

85 2915 162 2970 inclt.
181 2914 221 2970 Et
233 2914 435 2985 distinguitur
450 2915 610 2987 preceptio
635 2915 668 2969 in
690 2929 756 2969 eam
781 2927 849 2984 quae
872 2910 907 2965 fit
961 2925 1060 2967 causae
1085 2913 1296 2985 primordiales
1324 2922 1353 2972 et
1380 2919 1552 2977 invisibiles
1578 2929 1608 2979 et
1634 2927 1777 2987 increatae

85 3004 272 3059 extrinsecus
286 3020 339 3075 per
352 3019 532 3072 sennonem,
546 3007 576 3058 et
591 3004 622 3058 in
638 3017 704 3057 eam
725 3016 793 3073 quae
812 3001 847 3055 tit
860 2999 906 3053 in·
926 2998 1160 3060 Gereandorum
1182 3003 1319 3058 omnium
1334 3004 1366 3058 in
1383 3010 1485 3062 mente
1504 3008 1617 3067 divina.
1642 3014 1780 3074 Secundo

86 3092 233 3148 trinsecus
255 3108 310 3165 per
324 3092 566 3164 inspirationem.
592 3092 631 3146 Et
655 3092 775 3146 constat
796 3088 829 3143 in
857 3086 906 3141 his
959 3084 1779 3167 loeoangelicanaturainm'sibilisquidemsedereata.

88 3182 227 3237 omnibus
241 3181 367 3253 quodde
376 3180 535 3236 voluntate
549 3179 605 3235 Dei
619 3174 781 3234 dicendum
795 3176 906 3242 iuerat,
960 3172 1062 3229 Tertio
1077 3173 1142 3231 loco
1155 3176 1291 3233 humana
1303 3180 1434 3238 visibilis
1446 3189 1476 3239 et
1488 3190 1599 3256 creata,
1614 3193 1780 3249 secundum

88 3269 163 3341 quod
178 3273 226 3325 est
237 3269 461 3341 heneplacitum
473 3269 539 3341 ejus
548 3272 578 3323 et
587 3268 710 3339 signum
724 3263 906 3337 beneplaciti
961 3258 1079 3333 aliquid
1091 3262 1258 3320 invisibilis
1272 3270 1302 3321 et
1319 3270 1485 3326 seeundum
1501 3273 1618 3346 aliquid
1637 3280 1778 3338 visibilis.

87 3356 189 3429 ipsius.
205 3357 335 3430 Propter
348 3356 430 3429 quod
445 3360 474 3412 et
487 3355 592 3412 multae
607 3355 752 3410 dicuntur
765 3353 906 3410 volunta·
961 3346 1482 3427 Quartolococreaturacorporeain
1494 3364 1557 3417 toto
1566 3365 1697 3422 visibilis
1708 3372 1737 3423 et
1746 3369 1780 3425 in

87 3448 128 3501 tes
142 3447 210 3518 ejus
222 3460 293 3501 cum
309 3445 348 3500 sit
363 3460 426 3500 una
440 3444 584 3500 voluntas
599 3443 707 3515 ipsius,
734 3441 809 3514 quia
833 3442 907 3495 sunt
961 3441 1025 3493 toto
1036 3440 1221 3511 temporalis.
1229 3442 1302 3498 Post
1309 3445 1424 3516 pamas
1433 3463 1504 3520 ergo
1514 3466 1622 3508 causas
1630 3455 1780 3513 increatas

87 3534 180 3590 multa
194 3532 463 3604 signavoluntatis
475 3531 676 3604 ipsius.Siout
688 3530 905 3603 scriptumest:
961 3528 991 3580 et
1013 3526 1184 3584 invisibiles
1198 3530 1295 3587 exibit
1306 3534 1518 3606 consideratio,
1536 3542 1565 3594 et
1579 3543 1719 3612 precedet
1743 3544 1782 3599 ad

87 3624 205 3693 Magna
224 3626 305 3677 sunt
318 3635 415 3691 opera
431 3621 561 3677 Domini
573 3621 907 3690 eaquiaitaiaomnea
961 3613 1129 3684 angelicam
1155 3621 1298 3674 naturam
1323 3622 1502 3679 rationalem
1526 3630 1556 3681 et
1580 3627 1778 3688 invisibilem.

87 3714 269 3765 voluntates
284 3713 356 3777 ejus
372 3709 474 3779 (Psaz.
490 3708 559 3778 cx),
576 3711 699 3781 propter
714 3723 748 3762 ea
777 3722 846 3778 quaa
869 3720 906 3760 ex
960 3700 1078 3757 Deinde
1092 3703 1131 3758 ad
1145 3703 1313 3762 humanam
1328 3709 1480 3766 visibilem
1495 3715 1525 3768 et
1538 3715 1729 3786 rationalem,
1744 3718 1781 3775 de

87 3797 149 3869 ipsa
162 3800 194 3852 et
208 3796 377 3852 secundum
391 3796 459 3867 ipsa
473 3794 664 3851 suntmulta.
680 3792 738 3849 Hic
753 3791 790 3848 de
804 3791 909 3847 volun·
961 3804 1023 3860 qua
1041 3792 1233 3863 propositum
1251 3795 1385 3866 primum
1406 3798 1466 3854 fuit
1485 3803 1520 3855 ut
1540 3808 1779 3862 consummetur·

87 3886 144 3940 tate
158 3885 216 3941 Dei
231 3884 376 3952 diximus,
393 3884 538 3955 quoniam
551 3884 618 3955 ipsa
633 3886 678 3938 est
701 3882 801 3954 prima
815 3894 908 3935 causa
961 3876 1040 3934 Nam
1060 3878 1096 3934 de
1110 3879 1286 3938 visibilibus
1311 3884 1434 3956 quidem
1459 3902 1528 3958 quae
1542 3893 1696 3961 postrema
1709 3895 1783 3949 sunt

89 3987 183 4029 rerum
199 3974 339 4028 omnium
359 3972 438 4027 sicut
452 3971 541 4026 nobis
553 3971 745 4043 propositum
760 3968 908 4036 iuerat,et
960 3964 1073 4022 idcirco
1087 3969 1218 4040 primam
1232 3972 1473 4043 propositionem
1485 3976 1622 4048 lecimus,
1634 3982 1671 4036 ut
1682 3980 1719 4036 de
1732 3981 1781 4037 his

89 4060 250 4117 secundum
278 4058 514 4130 intelligentiam
541 4057 695 4131 prosecuti
717 4071 834 4112 sumus.
869 4054 908 4108 Et
962 4069 1030 4126 quae
1044 4060 1150 4128 patent
1165 4057 1204 4113 ad
1216 4057 1380 4117 latentium
1392 4064 1596 4134 cognitionem
1610 4067 1779 4125 humanam

91 4153 156 4205 sunt
169 4148 230 4205 alia
244 4147 345 4205 multa
359 4148 499 4205 fortassis
522 4162 590 4219 quae
604 4145 819 4218 comprehendi
845 4156 908 4198 aon
960 4148 1094 4202 mentem
1106 4146 1295 4205 commodius
1309 4148 1497 4208 duceremus.

859 4357 1037 4380 ψ

679 4560 859 4679 PARS
901 4556 1188 4702 Quium.

98 4813 143 4874 DE
151 4819 377 4879 CREATIONE
388 4821 444 4880 AN
445 4821 639 4881 GELORUM
654 4822 705 4879 ΕΤ
716 4821 891 4892 NATURA,
902 4821 954 4878 ET
963 4819 1291 4879 CONFIRMATIONE
1310 4822 1361 4880 ET
1379 4823 1518 4896 Larsa,
1537 4825 1589 4884 ET
1607 4826 1785 4887 GAE'I'ERIS

670 4915 763 4982 QUAE
775 4916 831 4972 AD
845 4913 951 4972 IPSOS
964 4912 1205 4970 PERTINENT.

140 5273 212 5333 Car.
227 5275 252 5331 Ι.
269 5272 349 5340 Quae
362 5276 402 5329 cte
416 5274 545 5343 angelis
560 5274 630 5327 sint
645 5274 857 5341 inquirenda.
963 5270 1069 5345 quales
1085 5271 1264 5329 effectisunt
1279 5272 1352 5329 dum
1363 5272 1572 5334 dividerentur
1583 5279 1740 5335 aversione
1754 5281 1785 5334 et

123 5362 290 5419 Donatum
304 5362 482 5433 angelorum
503 5360 646 5433 postalia
660 5375 729 5432 que
741 5360 822 5416 dicta
836 5365 909 5417 suut
962 5362 1169 5431 conversione,
1184 5364 1214 5417 et
1229 5363 1381 5432 quomodo
1396 5363 1537 5437 dispositi
1560 5371 1632 5421 sunt
1651 5365 1724 5421 dum
1735 5367 1784 5438 ju·
1827 5428 1835 5441 ⁸

93 5446 125 5505 de
137 5451 243 5507 mundi
257 5449 391 5518 exordio,
405 5452 434 5504 et
448 5448 559 5503 idcirco
570 5448 729 5519 praemissa
741 5451 814 5503 sunt
827 5451 863 5503 ut
872 5446 908 5502 de
962 5446 1137 5504 dicerentur
1163 5447 1360 5505 damnatione
1386 5453 1416 5506 et
1443 5451 1671 5523 glorificatione.
1684 5453 1723 5509 lit
1748 5452 1786 5510 de

90 5536 261 5594 visibilibus
275 5535 314 5592 ad
325 5535 496 5593 invisibilia
510 5535 761 5604 conscendamus,
772 5534 912 5607 quaestio·
964 5549 1092 5590 numero
1106 5538 1136 5592 et
1154 5534 1191 5591 de
1214 5535 1384 5606 ordinibus,
1400 5537 1481 5593 etde
1502 5537 1689 5609 excellentia,
1705 5540 1787 5597 etde

89 5638 156 5683 nem
167 5625 352 5699 proponitis,
361 5624 484 5697 quando
495 5624 588 5680 creati
600 5628 674 5680 sunt
688 5623 788 5694 angeli
801 5634 831 5678 et
841 5637 912 5696 qua·
964 5621 1152 5692 hominibus,
1167 5625 1198 5678 et
1217 5621 1253 5678 de
1268 5623 1439 5680 differentia
1450 5624 1611 5696 donorum,
1623 5628 1655 5682 et
1669 5626 1708 5684 de
1722 5628 1784 5686 offi-

87 5712 129 5772 les
142 5712 217 5772 tacti
233 5715 309 5771 sunt
321 5710 395 5770 dum
411 5711 614 5770 conderentur
624 5711 779 5785 primum
803 5709 912 5768 deiude
965 5709 1021 5767 ciis
1043 5712 1074 5767 et
1101 5709 1138 5767 de
1162 5708 1381 5778 moderatione,
1397 5713 1427 5767 et
1446 5709 1801 5784 gmomaueueuats
