3742 6082
61 189 115 259 ὅθί
540 196 597 255 DE
612 193 900 258 sesualdum.
918 192 1029 255 LIBRI
1046 194 1078 257 11
1095 195 1198 257 PARS
1214 198 1298 260 XIV.
1386 260 1389 265 ,
1717 223 1773 287 ⁶oe

61 315 136 387 quia
151 319 182 374 et
197 317 300 390 ipsum
316 319 395 377 velle
418 321 535 380 bonum
557 340 595 381 01
613 325 678 383 [κο
700 329 757 382 est,
773 325 888 383 Idcirco
901 330 928 388 Α
943 324 989 377 cet
1007 322 1082 394 qnia
1095 338 1133 380 ex
1145 325 1304 386 voluntate
1318 329 1400 389 bone
1421 338 1477 405 eet,
1490 340 1521 393 et
1541 341 1665 412 signum
1676 347 1767 420 justi.

62 407 167 461 tamur
177 406 293 480 inipso
312 408 436 466 homine
451 411 564 469 dicitur
588 429 653 471 esee
673 413 797 487 quando
817 413 891 470 velit
944 410 994 465 tiae
1011 415 1041 466 et
1054 411 1204 471 bonitatis
1219 431 1288 488 quae
1302 419 1335 475 iu
1347 420 1416 492 ipsa
1430 422 1589 485 voluntate
1600 436 1647 488 est
1658 434 1767 507 placet.

61 492 137 564 quia
148 494 340 553 extrinsecus
354 498 431 554 velle
443 499 578 558 hominis
596 503 742 575 impedire
755 517 817 558 non
837 517 889 574 po·
943 496 1094 554 Voluntas
1108 501 1207 572 placet
1219 519 1275 575 pro
1294 521 1328 562 eo
1361 510 1444 580 quod
1461 513 1495 569 in
1513 515 1583 588 ipsa
1595 523 1666 590 est;
1692 539 1770 597 opue

62 581 133 637 teet.
151 581 200 637 Ad
214 582 272 640 hoo
286 589 321 640 ur
335 586 411 642 velit
431 588 509 645 nihil
523 590 600 646 soris
613 591 775 662 queritur,
791 594 890 646 totum
943 585 1042 656 placet
1055 603 1110 659 pro
1124 605 1159 645 eo
1174 607 1282 664 exque
1294 595 1397 667 ipsum
1423 605 1478 657 eet.
1501 602 1588 662 Sicut
1601 611 1673 681 ergo
1699 613 1766 669 sole

62 668 94 724 iu
113 669 184 742 ipso
202 675 345 746 estquod
357 675 396 732 ed
408 677 466 733 hoc
480 678 654 735 iaciendum
667 694 745 752 opus
757 678 891 735 est.Nou
941 672 1064 743 justitia
1078 679 1124 731 est
1137 692 1192 749 pro
1209 696 1270 752 qua
1284 686 1315 738 et
1326 684 1470 744 voluutas
1481 690 1616 762 placetet
1626 713 1704 770 opus
1717 716 1771 758 vo.

63 759 176 828 quaerit
187 760 306 833 aliquid
317 767 404 820 extra
418 780 450 821 ee
465 770 500 823 ut
514 767 591 824 velle
609 767 721 824 habeat
735 768 768 824 iu
784 781 825 823 se.
841 765 889 822 Id·
942 759 1083 832 luntatis,
1097 764 1140 818 sic
1152 781 1215 822 nou
1228 767 1296 825 duae
1308 772 1361 826 sed
1374 790 1437 829 una
1450 779 1613 841 retributio
1628 790 1685 856 est,
1701 804 1766 861 que

63 844 145 902 circo
156 847 235 903 velle
248 852 296 905 est
309 851 433 924 inipso,
448 868 537 925 posse
550 855 584 910 in
597 855 665 927 ipso
680 869 742 911 non
757 856 814 922 est,
829 852 890 909 nisi
944 850 1350 915 etvoluntaeremuneretur
1364 865 1485 936 etopus
1500 868 1680 930 voluntatis.
1699 876 1769 935 Une

63 932 417 1010 eliudlorisappouetur
428 941 690 1014 adexplicandum
699 942 890 999 voluntatem
943 953 1015 1011 ergo
1030 942 1193 1001 retributio
1208 949 1254 1002 eet
1269 954 1376 1019 quaet
1394 952 1486 1011 homo
1497 965 1687 1020 remunerari
1697 965 1769 1024 diei·

64 1021 149 1094 quod
160 1025 287 1096 quando
301 1026 406 1084 adesse
421 1028 540 1100 debeat,
553 1030 604 1088 uel
617 1031 734 1100 abesse,
747 1031 780 1087 iu
794 1033 892 1102 potes·
943 1030 995 1083 tur
1006 1029 1081 1101 quia
1094 1029 1139 1086 illi
1150 1031 1251 1103 datur,
1262 1038 1293 1091 et
1299 1037 1443 1097 voluntas
1453 1051 1643 1106 remunerari
1654 1052 1769 1112 dicitur

63 1112 128 1166 tate
143 1110 281 1170 hominis
294 1130 356 1172 nou
376 1120 432 1174 est.
453 1117 569 1175 Idcirco
592 1118 717 1192 quande
741 1134 803 1175 non
823 1117 891 1174 vult
943 1117 1017 1188 quia
1030 1133 1085 1190 pro
1099 1118 1263 1179 illudatur.
1278 1123 1318 1180 lit
1331 1140 1409 1199 opus
1431 1139 1621 1193 remunerari
1649 1140 1763 1199 dicitur

62 1196 699 1279 bonumnonculpaturnislipseouando
712 1210 814 1264 autem
828 1222 890 1265 uon
942 1204 975 1260 in
999 1221 1061 1277 quo
1088 1208 1232 1267 voluntas
1256 1212 1326 1284 ipsa
1347 1215 1466 1288 placere
1493 1228 1639 1282 meretur.
1664 1227 1765 1288 liliam

62 1290 175 1358 potest,
186 1289 212 1345 ei
224 1291 294 1348 vult
304 1293 427 1364 quidem
440 1300 565 1368 propter
576 1295 767 1354 veluntatem
781 1295 891 1367 impos
943 1293 1067 1364 quando
1079 1311 1141 1353 non
1155 1303 1601 1381 operatur,voluntasplecetiu
1614 1313 1672 1371 hoc
1682 1318 1767 1390 quod

63 1374 199 1434 nihilitae
225 1394 288 1436 uon
314 1381 487 1455 imputatur
513 1401 522 1454 ;
548 1385 575 1441 ei
601 1388 703 1441 autem
733 1399 795 1441 non
822 1383 891 1441 vult
943 1381 1042 1439 voluit
1053 1387 1183 1456 operari,
1205 1392 1236 1445 et
1261 1390 1298 1448 de
1326 1393 1410 1466 ipseo
1433 1410 1523 1468 opere
1546 1400 1655 1472 placet,
1672 1406 1766 1462 etiam

62 1469 190 1538 propter
199 1465 637 1543 impossibilitatem‚voluntos
645 1477 887 1531 nonexcusatur.
943 1470 1067 1540 quando
1080 1472 1158 1530 illud
1165 1474 1263 1534 iacere
1276 1494 1337 1535 uon
1352 1486 1462 1554 potest.
1479 1485 1604 1560 Semper
1616 1506 1689 1563 ergo
1701 1493 1766 1566 pla·

63 1551 178 1611 Totum
191 1572 263 1628 ergo
277 1560 420 1617 meritum
435 1562 468 1618 in
482 1562 643 1619 voluntate
662 1567 717 1619 eet.
732 1561 889 1628 Quantum
944 1560 990 1613 cet
1003 1558 1148 1618 voluntas
1156 1579 1212 1635 pro
1221 1581 1320 1639 opere,
1334 1574 1365 1625 et
1379 1571 1470 1628 homo
1485 1573 1587 1650 [opus]
1606 1594 1767 1652 nunquam

63 1640 123 1711 vis,
138 1646 260 1701 tautum
274 1649 409 1705 mereris.
425 1649 483 1706 Sed
498 1650 574 1706 dicis
603 1667 609 1705 :
638 1650 669 1706 Si
692 1649 791 1707 solum
813 1648 890 1705 velle
903 1654 928 1711 Β
942 1644 1041 1717 placet
1055 1649 1115 1705 uisi
1130 1666 1185 1723 pro
1199 1653 1368 1714 voluntate.
1385 1659 1502 1718 Tamen
1523 1666 1646 1737 quando
1674 1669 1768 1727 homo

63 1731 212 1788 meritum
236 1738 294 1804 est,
316 1741 346 1792 et
374 1738 400 1794 si
428 1739 572 1795 meritum
602 1739 737 1795 hominis
760 1738 794 1795 in
825 1736 891 1794 sola
946 1730 1049 1809 [opus]
1078 1753 1134 1810 pro
1162 1740 1320 1800 voluntate
1344 1745 1453 1819 placet,
1473 1750 1542 1807 ideo
1563 1753 1672 1826 placet,
1698 1758 1768 1816 ideo

64 1822 187 1875 muetat
198 1821 366 1880 voluntate.
383 1825 463 1891 Quid
475 1842 546 1898 ergo
560 1843 638 1899 opus
652 1827 726 1883 iacit
747 1824 762 1881 i
783 1826 890 1882 Habeo
945 1823 1020 1892 quia
1046 1824 1116 1897 ipsa
1143 1828 1287 1887 voluntte
1311 1832 1420 1905 plassei·
1448 1836 1577 1902 Quando
1597 1847 1701 1902 autem
1719 1861 1770 1903 vo·
1833 1885 1835 1888 >

63 1906 257 1971 volunlatem
268 1915 299 1969 et
311 1913 422 1971 sufficit
435 1915 522 1971 mihi.
530 1915 611 1980 Quid
625 1929 746 1971 neeesse
760 1918 806 1971 eet
820 1929 889 1986 ope
943 1907 1049 1968 luntas
1063 1919 1187 1987 propter
1200 1932 1278 1990 opus
1291 1920 1399 1991 placet,
1415 1939 1477 1981 non
1492 1927 1537 1984 sic
1550 1929 1660 2002 placet,
1677 1935 1767 2005 quast

64 1995 138 2065 rari,
152 1997 179 2053 si
198 2014 276 2072 opus
299 2001 377 2057 nihil
398 2002 473 2059 iacit
498 2001 512 2056 l
539 2002 597 2059 Sed
611 2002 802 2059 voluntatem
824 2002 890 2058 eine
945 2012 1021 2071 opus
1034 2005 1340 2078 proptereeplaeeat,
1354 2014 1384 2067 et
1398 2011 1678 2091 volumuspropter
1690 2035 1769 2094 opus

65 2097 156 2154 opere
167 2085 280 2144 habere
294 2103 356 2146 nou
368 2094 465 2162 potes,
477 2091 601 2163 quando
615 2106 708 2164 opera
721 2089 890 2164 potesNon
945 2101 1014 2144 cum
1028 2091 1132 2162 potius
1150 2097 1274 2165 propter
1288 2110 1321 2150 es
1333 2096 1479 2158 voluntas
1493 2102 1622 2175 placeat,
1638 2110 1669 2163 el
1688 2123 1767 2183 opus

64 2176 112 2228 est
120 2173 267 2232 voluutas
277 2178 304 2233 si
314 2193 376 2234 non
386 2180 620 2252 operaturquod
631 2179 775 2252 potest.Si
787 2182 890 2235 autem
943 2182 1067 2250 propter
1080 2179 1280 2239 voluntatem.
1294 2185 1351 2242 Sed
1365 2187 1479 2246 dicitur
1487 2198 1693 2271 propteropus
1703 2200 1768 2274 pla·

64 2276 128 2317 non
139 2266 242 2335 potest
256 2267 385 2338 operari,
400 2268 511 2324 sufficit
525 2268 594 2340 ipse
608 2268 711 2338 sibi,et
723 2268 816 2323 habet
828 2284 888 2323 me·
944 2279 1011 2321 esre
1024 2267 1178 2338 voluutas,
1193 2271 1269 2342 quia
1282 2273 1350 2345 ipse
1373 2275 1519 2335 voluntas
1539 2285 1640 2354 operis
1665 2291 1721 2358 eet,
1736 2292 1768 2346 et

63 2351 160 2408 ritum
186 2369 278 2410 suum
309 2360 433 2429 propter
467 2373 510 2428 se,
533 2358 568 2414 iu
603 2372 666 2430 quc
689 2357 755 2414 sole
779 2356 889 2430 placet,
943 2351 1078 2426 deopere
1093 2359 1234 2431 estquod
1247 2358 1355 2432 placet.
1372 2362 1454 2422 Velle
1469 2368 1551 2427 euim
1566 2386 1686 2447 semper
1710 2376 1764 2433 all·

63 2440 148 2512 quod
160 2441 243 2498 hona
257 2447 313 2500 θοι,
944 2442 1019 2512 quid
1030 2443 1107 2501 velle
1120 2449 1177 2515 est,
1197 2451 1227 2504 et
1238 2447 1337 2520 placet
1347 2450 1449 2523 homo,
1462 2457 1537 2528 qula
1551 2460 1621 2517 vult
1645 2462 1764 2537 eliquid

96 2528 158 2586 Sed
168 2530 379 2590 dicisiterum:
394 2533 426 2590 Si
438 2537 537 2591 totum
552 2535 694 2592 meritum
708 2535 742 2591 in
751 2534 890 2592 volunta·
942 2535 1067 2603 propter
1080 2532 1270 2592 voluntatem
1283 2538 1400 2609 iustam
1413 2558 1482 2614 quae
1496 2544 1534 2602 de
1549 2547 1654 2621 aliquo
1668 2555 1725 2623 eet,
1738 2556 1769 2610 et

61 2621 93 2673 te
106 2621 164 2687 est,
177 2618 258 2675 nihii
270 2621 403 2693 amplius
417 2638 455 2679 ex
469 2637 560 2694 opere
573 2626 629 2693 est,
645 2623 738 2679 etiam
761 2623 886 2696 quaudo
942 2617 1010 2675 ideo
1022 2620 1108 2691 juste
1122 2626 1178 2692 est,
1195 2625 1269 2696 quia
1278 2630 1324 2683 est
1340 2627 1376 2683 de
1391 2643 1453 2700 quo
1468 2647 1533 2690 esse
1553 2634 1652 2694 dehet.
1666 2638 1707 2696 Et
1720 2644 1766 2696 ta·

60 2706 166 2778 ipsum
180 2722 258 2780 opus
268 2725 338 2766 cum
352 2710 511 2767 voluntate
526 2714 589 2781 est,
607 2726 702 2783 quere
716 2726 787 2782 ergo
811 2725 889 2783 opus
941 2706 981 2764 lis
996 2712 1043 2765 est
1054 2710 1156 2782 quelle
1171 2713 1342 2772 essedebet.
1359 2715 1408 2773 Sic
1422 2733 1493 2790 erge
1506 2721 1539 2777 in
1554 2723 1714 2783 voluntate
1725 2732 1771 2786 to-

61 2796 231 2867 requiritur
245 2799 272 2854 si
285 2815 341 2872 prc
353 2814 444 2872 opere
457 2801 567 2858 merito
581 2801 716 2857 hominis
738 2800 816 2856 nihil
840 2799 889 2855 ad·
942 2798 1009 2852 tum
1037 2799 1181 2856 meritum
1207 2805 1254 2858 eet
1276 2803 1369 2860 etiam
1396 2805 1579 2879 sirespectu
1600 2814 1699 2885 operis
1713 2815 1765 2888 sit,

58 2882 167 2954 jioitur
179 2885 228 2941 vel
241 2886 400 2944 aufertur?
413 2888 494 2945 Audi
507 2904 610 2960 quare.
626 2888 697 2945 Ideo
704 2887 887 2960 postvolun-
942 2884 1024 2955 quod
1042 2900 1120 2958 opus
1130 2889 1241 2945 eivenit
1268 2891 1333 2946 eive
1352 2894 1468 2950 nonsit
1482 2910 1491 2963 ;
1519 2896 1597 2953 nihil
1610 2899 1643 2955 iu
1657 2901 1766 2960 volun·

61 2974 158 3028 tatem
172 2974 265 3032 etiam
293 2992 371 3050 opus
398 2978 577 3049 requiritur,
600 2981 633 3033 ut
648 2978 716 3050 ipsc
730 2992 821 3050 opere
835 2991 922 3056 vec
942 2974 1005 3028 tate
1018 2974 1123 3031 minus
1136 2979 1193 3046 est,
1208 2977 1401 3036 nisiiorteiu
1427 2981 1484 3039 hoc
1518 2987 1601 3057 quod
1620 2989 1770 3050 volantes·
1833 3005 1838 3013 ’

59 3056 167 3118 luntas
185 3069 343 3135 augeatur.
360 3066 433 3122 Tale
456 3070 503 3123 est
517 3081 568 3123 cor
587 3067 723 3123 hominis
739 3069 774 3123 ut
797 3080 888 3137 opere
942 3059 1009 3137 ipsa
1023 3064 1122 3134 maj0r
1147 3065 1271 3121 lieretsi
1286 3067 1388 3139 ipsum
1412 3085 1490 3142 opus
1510 3072 1605 3131 lieret.
1633 3077 1666 3134 Si
1692 3094 1775 3152 ergo·

62 3162 120 3205 suo
135 3151 457 3224 ampliosinardeecat‚
471 3155 581 3211 eivead
596 3155 767 3211 bonitatem
775 3168 889 3209 amam-
941 3153 1247 3234 magnummontem
1263 3153 1375 3212 hahere
1387 3157 1445 3227 vie,
1461 3173 1607 3232 marnam
1620 3164 1764 3225 habero·

62 3235 135 3294 dam
148 3239 176 3295 ei
188 3245 305 3298 rectum
321 3247 367 3299 est
381 3259 390 3312 3
406 3244 471 3299 eive
487 3243 526 3299 ad
546 3244 700 3299 malitium
716 3243 742 3300 si
756 3256 888 3316 pravum
940 3234 1102 3295 luntatem.
1114 3240 1228 3311 Magna
1239 3242 1361 3299 fiducie.
1379 3245 1514 3304 Tantum
1526 3253 1653 3310 mereris
1667 3268 1765 3328 quar·

60 3329 121 3381 eet.
136 3325 185 3382 lta
198 3330 344 3401 utrinque
358 3332 485 3387 affatus
494 3347 583 3404 opere
597 3332 744 3402 nututur,
761 3335 797 3388 ut
808 3345 886 3388 cres·
941 3327 1007 3382 tum
1020 3328 1078 3385 vie.
1095 3328 1228 3387 Possunt
1239 3346 1305 3388 esse
1318 3332 1478 3390 voluntate
1489 3350 1589 3409 pares,
1605 3343 1659 3414 qui
1674 3343 1767 3402 iacui·

60 3417 123 3484 cat,
136 3419 167 3472 et
176 3418 307 3490 amplior
318 3420 381 3489 sit;
399 3423 433 3476 ut
445 3420 499 3476 vix
520 3420 585 3476 fieri
603 3424 705 3493 potest
729 3424 764 3477 ut
778 3419 887 3477 uolun-
941 3417 1003 3471 tate
1016 3421 1089 3473 sunt
1105 3418 1250 3491 impares·
1273 3420 1408 3479 Multum
1431 3422 1516 3480 dedit
1536 3425 1682 3489 Zaohaeus
1710 3435 1764 3508 qul

60 3504 215 3576 mopere
228 3522 285 3562 suc
298 3523 360 3563 „011
381 3512 539 3579 augeatur·
556 3507 712 3575 Quantum
737 3523 809 3579 0130
833 3523 886 3565 vo·
940 3501 1026 3560 dives
1041 3509 1115 3576 erat,
1126 3510 1156 3562 et
1170 3507 1303 3564 multum
1318 3509 1461 3567 habebat.
1482 3512 1581 3571 Vidua
1610 3517 1663 3574 illa
1693 3536 1764 3594 quae

57 3588 165 3648 luntas
178 3597 424 3665 crescit,tautum
438 3597 581 3653 meritum
590 3598 710 3666 crescit,
721 3600 752 3653 et
761 3600 884 3653 tantum
939 3590 1001 3648 duo
1012 3593 1237 3665 minutamitit,
1248 3613 1359 3669 parum
1373 3599 1484 3656 habult
1499 3605 1530 3656 el
1541 3618 1650 3674 parum
1679 3607 1769 3666 dedit·

57 3680 163 3752 ipsum
177 3696 256 3754 opus
268 3684 422 3741 voluntati
437 3689 492 3740 aut
506 3684 629 3756 prodest
642 3685 676 3741 in
686 3685 815 3753 bonum,
831 3688 886 3741 aut
939 3683 1084 3737 ettamen
1096 3687 1218 3738 tantum
1234 3684 1318 3740 dedit
1332 3690 1483 3757 quantum
1493 3687 1649 3748 Zachaeus.
1663 3694 1763 3754 Mino·

56 3768 91 3824 in
105 3769 222 3826 melum
237 3775 326 3829 nocet
340 3777 492 3846 quantum
514 3773 613 3845 ipsam
628 3771 820 3829 voluntatem
846 3771 886 3827 ad
938 3783 987 3825 res
996 3769 1159 3825 facultates
1170 3770 1298 3840 ferebat,
1314 3772 1367 3828 sed
1386 3788 1490 3846 parem
1504 3776 1695 3839 voluntatem
1711 3783 1763 3841 ha·

56 3857 201 3915 affectum
210 3860 437 3931 bonitatie,sive
448 3861 585 3930 malitie,
594 3859 786 3917 accendendo
801 3874 883 3915 exer·
937 3857 1039 3913 behet.
1054 3857 1233 3914 Siatteudes
1245 3874 1314 3932 quae
1323 3859 1463 3919 dederint
1477 3864 1598 3923 diversa
1607 3868 1757 3946 invenies,

55 3951 113 4003 oet.
128 3947 168 4004 Et
182 3950 208 4005 si
223 3950 677 4022 fertecontigerittantamssse
690 3947 882 4005 voluntatem
938 3946 964 4001 si
992 3945 1133 4002 attendas
1155 3946 1237 4004 uude
1261 3946 1400 4005 dederint
1425 3952 1672 4023 pariainveuies.
1690 3959 1761 4020 Non

55 4036 88 4091 iu
104 4052 140 4093 eo
155 4037 209 4109 qui
219 4042 440 4112 nonoperatur‚
449 4043 568 4111 quanta
580 4038 667 4094 estin
676 4036 729 4093 iilo
739 4036 793 4109 qui
806 4050 884 4108 epus
937 4038 1040 4091 eutem
1054 4034 1253 4106 peneatDeus
1266 4040 1419 4108 quantum
1434 4038 1535 4111 datur,
1547 4044 1600 4100 sed
1613 4061 1652 4103 er
1662 4064 1760 4121 quau·

55 4128 177 4180 exercet
189 4143 201 4193 ;
215 4126 269 4182 ubi
284 4127 388 4183 eedem
403 4125 547 4183 voluntas
562 4129 618 4196 est,
634 4125 779 4182 meritum
791 4123 882 4180 dissi·
936 4124 969 4178 to
978 4121 1076 4178 detur.
1088 4122 1121 4179 Si
1135 4138 1206 4195 ergo
1221 4124 1355 4197 ubiplus
1367 4126 1459 4184 datur
1473 4131 1567 4187 stubi
1584 4135 1689 4192 minus
1704 4138 1761 4196 dir·

55 4211 129 4268 mile
140 4227 208 4269 esee
221 4230 284 4270 non
299 4219 408 4287 potest.
937 4211 1036 4267 ferens
1050 4212 1195 4268 meritum
1209 4228 1271 4268 nou
1283 4217 1341 4284 eet,
1362 4215 1389 4270 si
1404 4216 1532 4289 aequalis
1546 4222 1693 4296 utrinque
1706 4242 1759 4284 vo·

91 4298 150 4356 Sed
164 4301 360 4358 dioisiterum
377 4320 384 4358 :
400 4302 433 4358 Si
446 4306 546 4360 totum
570 4302 714 4360 meritum
728 4302 761 4358 in
774 4300 880 4358 volun·
897 4337 926 4394 D
939 4299 1044 4356 luntas
1055 4302 1206 4357 habeatur
1220 4318 1228 4370 ;
1243 4317 1314 4373 ergo
1328 4303 1383 4359 ubi
1402 4304 1520 4377 aliquid
1533 4306 1635 4380 datur,
1666 4316 1696 4369 et
1706 4314 1775 4373 ubi'

56 4392 121 4444 tate
136 4395 192 4461 est,
207 4406 279 4462 ergo
294 4407 371 4465 opus
386 4393 502 4449 bonum
515 4407 578 4448 non
593 4395 816 4460 remuneratur,
829 4388 884 4447 sed
940 4389 1018 4445 nihil
1030 4390 1133 4460 datur,
1145 4390 1288 4447 differens
1299 4392 1443 4448 meritum
1459 4407 1525 4450 esse
1536 4410 1598 4452 uon
1608 4402 1719 4472 petest,
1735 4402 1762 4461 si

56 4476 124 4533 sola
135 4477 292 4536 voluntas.
308 4480 383 4536 Vide
407 4480 560 4552 quomodo
579 4480 636 4536 hoc
649 4479 818 4550 intelligere
833 4492 882 4535 ve·
937 4478 1066 4551 aequalie
1082 4479 1227 4550 utrinque
1242 4478 1387 4536 voluntas
1411 4480 1573 4540 habeatur.
1598 4485 1671 4544 Ideo
1697 4489 1766 4548 dixi

54 4564 105 4622 lis⁴
122 4567 202 4623 Nam
213 4568 380 4625 secundum
394 4568 512 4641 aliquid
527 4572 558 4624 et
569 4568 628 4624 hoc
647 4568 795 4624 veraciter
810 4566 883 4622 dici·
936 4567 1005 4636 tihi,
1020 4571 1130 4623 utnon
1145 4566 1285 4640 desperes
1299 4568 1465 4625 siiecultes
1486 4570 1570 4628 deest
1595 4575 1663 4648 ilbi,
1678 4576 1762 4638 adsit

55 4656 120 4723 tur,
133 4655 216 4727 quod
231 4656 367 4713 hominis
390 4658 611 4714 volunteseive
625 4656 664 4712 ad
677 4656 793 4712 bonum
819 4656 884 4711 slvc
936 4653 1340 4727 benevoluutae,quantum
1349 4657 1399 4712 vls
1412 4661 1534 4715 tantum
1546 4664 1682 4722 mereris.
1698 4668 1761 4726 Fac

55 4741 96 4797 ed
109 4742 238 4813 mmum,
251 4745 317 4801 sole
330 4750 553 4802 remuneratur.
567 4745 607 4801 Et
629 4759 751 4800 rursum
778 4758 885 4800 conve
937 4758 1007 4813 ergo
1021 4742 1212 4799 voluntatem
1226 4745 1411 4815 megnamel
1424 4746 1473 4800 vis
1488 4746 1600 4805 habere
1614 4754 1760 4814 meritum
1776 4756 1781 4765 '

55 4830 177 4887 nieuter
198 4832 321 4904 dieitur,
345 4835 428 4906 quod
451 4850 531 4908 opus
549 4837 580 4891 et
602 4832 747 4890 voluutas
766 4835 797 4888 et
816 4833 883 4904 ipse
936 4847 1095 4903 magnum.
1107 4831 1188 4887 Beue
1201 4831 1258 4888 hoc
1272 4832 1363 4888 scivit
1375 4835 1529 4905 peccatrix
1542 4835 1777 4918 maenaque

54 4919 150 4975 etiam
163 4919 254 4976 homo
268 4921 375 4978 volens
391 4926 420 4979 et
435 4938 569 4997 operans
588 4938 643 4995 pro
671 4921 829 4978 voluntate
853 4923 884 4975 et
936 4919 1069 4975 multum
1088 4918 1199 4976 habuit
1214 4919 1298 4992 quod
1323 4920 1539 4995 dimitteretur,
1564 4941 1627 4985 nou
1655 4933 1762 4992 attulit

54 5023 146 5081 opere
159 5014 383 5066 remuneratur.
394 5011 514 5068 Dicitur
524 5011 668 5067 voluntas
682 5008 882 5078 remunerari,
936 5007 1142 5063 substantiam
1160 5022 1316 5079 magnam,
1332 5007 1385 5064 sed
1398 5008 1591 5071 dilectionem
1602 5030 1758 5091 magnam.

54 5097 131 5168 quia
139 5098 173 5153 in
185 5098 255 5171 ipse
262 5100 407 5156 meritum
423 5104 554 5156 constat.
571 5099 691 5156 Dicitur
705 5101 735 5154 et
749 5108 827 5171 opus
841 5111 883 5153 re
935 5094 1069 5151 Multum
1085 5099 1193 5151 contra
1213 5095 1356 5152 multum.
1366 5096 1505 5155 Simulta
1518 5105 1649 5174 pecunie
1660 5109 1760 5181 meeis

53 5187 222 5256 munerari,
231 5189 307 5260 quia
317 5189 351 5244 iu
364 5189 433 5261 ipso
445 5191 568 5244 constat
581 5202 674 5243 causa
684 5186 750 5242 sive
764 5185 882 5242 occasio
936 5199 1029 5255 quam
1039 5183 1188 5239 charitate
1199 5183 1308 5254 multe,
1322 5185 1473 5258 iniquitas
1487 5191 1585 5246 multa
1599 5193 1758 5253 redimere·

53 5274 202 5331 merendi.
219 5276 370 5333 Voluntas
384 5280 598 5334 remuneratur
615 5290 671 5348 pro
688 5288 789 5347 opere,
804 5289 882 5347 opus
936 5276 998 5342 tur,
1011 5272 1160 5329 feliciores
1183 5272 1295 5329 divites
1316 5279 1417 5330 essent
1431 5290 1525 5348 quam
1546 5294 1705 5353 pauperes,
1728 5287 1759 5340 et

53 5367 271 5420 remuneratur
285 5379 341 5437 pro
358 5365 528 5436 voluntate,
544 5364 694 5421 Voluntas
713 5378 884 5420 remunera·
936 5376 1039 5418 secure
1053 5376 1177 5434 peccare
1185 5366 1320 5435 possent,
1332 5368 1485 5436 quantum
1494 5365 1604 5424 vellent
1619 5372 1650 5425 et
1660 5384 1757 5442 quau·

53 5455 107 5506 tur
132 5466 189 5524 pro
211 5467 311 5525 opere,
333 5455 407 5527 quia
433 5455 467 5511 in
492 5454 545 5510 illo
560 5457 595 5509 ut
613 5452 745 5526 placeret
758 5452 879 5509 meruit.
936 5449 990 5505 diu
1001 5449 1124 5507 vellent.
1138 5451 1174 5506 In
1188 5451 1265 5523 ipsis
1278 5451 1360 5507 euim
1374 5455 1455 5509 esset
1468 5452 1636 5526 redemptio
1655 5460 1767 5530 pecca-¹

52 5538 141 5612 Opus
152 5546 367 5598 remuneratur
381 5559 436 5616 pro
450 5543 619 5612 uoluntate,
636 5541 710 5615 quie
721 5557 759 5597 ex
772 5540 827 5596 ille
847 5543 883 5596 ut
936 5541 1039 5595 torum
1050 5555 1186 5596 suorum.
1202 5539 1331 5606 Quando
1340 5540 1454 5596 vellent
1467 5540 1576 5597 darent
1597 5547 1759 5616 pecuniam

52 5627 188 5701 placeret
202 5632 327 5704 accepit.
339 5632 490 5689 Voluntas
499 5631 598 5705 placet
612 5630 686 5704 quia
705 5631 774 5703 ipsa
800 5628 883 5686 bona
937 5630 967 5683 et
981 5626 1130 5684 haberent
1146 5628 1314 5699 justitiam.
1348 5627 1437 5684 Nuus
1466 5631 1568 5684 autem
1587 5630 1666 5692 bene
1686 5638 1762 5721 lacit

52 5719 103 5774 est
116 5720 149 5776 et
165 5718 201 5777 in
214 5719 283 5792 ipsa
294 5722 420 5794 justitia
432 5726 479 5779 eet
493 5736 562 5795 quse
584 5719 693 5795 placet.
710 5718 796 5792 Opus
820 5716 884 5791 pla·
937 5716 1022 5777 Deus
1040 5718 1115 5791 quie
1133 5719 1221 5779 ineo
1231 5718 1337 5791 posuit
1348 5715 1588 5790 redemptionem
1613 5728 1785 5796 eoem,²
