3742 6082
132 243 187 300 319
443 235 621 294 uuconrs
639 222 693 292 nrt
710 233 740 292 s.
761 216 932 289 narone
950 206 1036 288 cfr.
1058 222 1158 294 rias
1177 239 1217 295 n.
1231 270 1267 281 -
1285 241 1528 301 monimen
1616 229 1620 236 '
1781 228 1833 307 aar

134 356 954 438 diligenterintuentibnsmirabiliaapparebuntbein·
968 356 994 409 A
1006 359 1154 417 admirari
1171 362 1269 420 discat
1286 365 1422 421 humana
1441 367 1571 423 tarditas
1594 385 1603 438 3
1628 377 1784 441 postremo
1797 374 1829 425 ut

134 458 171 514 de
185 455 324 528 sequitur
337 454 440 507 motus
455 447 606 515 animalis,
623 447 675 518 qui
696 446 788 501 estin
813 446 954 501 sensibus
1008 449 1073 505 haec
1099 451 1181 506 bona
1206 453 1299 509 simul
1320 458 1350 509 et
1373 456 1453 511 mala
1473 458 1561 528 quasi
1589 460 1710 515 eminus
1733 461 1832 532 posita

45 571 49 583 ¹
135 551 164 602 et
178 542 374 616 appetitibus.
391 538 497 608 Cogita
512 551 583 606 ergo
594 535 695 607 qualis
704 550 768 591 esse
782 535 889 606 possit,
901 534 954 604 qui
1009 537 1233 607 quodammodo
1247 541 1445 614 alloquantur
1464 544 1630 615 hominem,
1645 550 1680 601 ιιι
1692 547 1833 603 attendat

129 649 238 691 sensus
247 623 861 696 omniumviventiumfabricat‚appetitus
872 625 953 677 creat
1007 630 1123 696 quanto
1137 628 1238 683 studio
1249 630 1330 685 mala
1345 636 1459 687 aetema
1471 633 1574 703 fugere
1585 638 1614 690 et
1623 635 1706 691 bona
1719 639 1834 693 aeterna

131 726 161 779 et
173 724 207 777 in
222 717 351 789 singuiis
364 715 538 787 quibusque
553 713 763 767 animantibus
778 710 852 783 quid
867 725 953 782 appe·
1006 717 1147 786 appetere
1157 716 1256 786 debet,
1268 719 1294 772 si
1309 720 1421 790 probis
1436 721 1656 793 temporalibus
1667 723 1759 780 bonis
1776 724 1834 778 adi·

129 815 190 866 tere
205 810 234 863 et
248 808 398 878 quantum
415 804 555 875 appetere
569 800 710 869 debeant,
733 798 864 854 ordinat.
893 797 950 852 De·
1005 802 1290 873 piscendisetmalis
1300 807 1690 866 evitandistantosiahores
1699 811 1833 867 sustinet

127 900 220 970 nique
233 897 336 951 motus
351 890 508 948 rationalis
520 890 573 960 qni
597 891 642 944 est
658 887 792 943 intactis
810 891 839 942 et
854 887 951 941 consi·
1004 890 1180 947 Cns.XI.De
1190 894 1403 963 iisquoe,quia
1415 898 1556 964 pulchra
1567 900 1831 964 suat‚mirabilia

127 984 265 1043 liissatis
279 979 491 1037 admirationis
514 978 571 1033 tibi
595 977 718 1047 ingerit,
744 976 771 1030 si
795 975 950 1030 attendere
1039 978 1183 1052 Sequitur
1212 980 1248 1035 de
1276 981 1315 1035 iis
1337 998 1405 1053 quae
1432 983 1586 1039 mirabilia
1611 990 1684 1040 sunt
1706 990 1832 1058 propter

124 1073 268 1141 volueris,
284 1085 376 1143 quarn
391 1065 555 1122 ineffabilis
569 1065 609 1121 sit
628 1064 780 1136 sapientia
800 1080 868 1135 quae
884 1080 947 1119 om·
1002 1065 1272 1137 pulchritudinem.
1284 1067 1491 1134 Quorumdam
1503 1087 1603 1128 rerum
1615 1073 1830 1144 figurationem

127 1163 180 1220 nia
199 1159 360 1217 hominum
380 1156 471 1223 facta,
498 1168 603 1209 omues
631 1151 816 1218 voluntates,
842 1167 949 1208 omnes
1003 1154 1152 1211 miramur
1175 1156 1249 1228 quia
1277 1157 1406 1228 speciale
1429 1159 1561 1230 quodam
1595 1161 1687 1218 modo
1715 1160 1829 1218 decorae

127 1251 258 1321 denique
273 1245 472 1317 cogitationes
486 1242 642 1309 cordium;
657 1241 702 1296 ita
714 1240 752 1295 ad
766 1255 829 1295 suae
844 1240 952 1295 volun·
1003 1247 1077 1299 eunt
1090 1248 1120 1299 et
1132 1244 1347 1300 convenienter
1360 1250 1519 1318 coaptata,
1535 1247 1578 1302 ita
1594 1252 1628 1303 ut
1640 1249 1709 1321 ipsa
1723 1248 1824 1322 dispo·

125 1340 200 1395 tatis
212 1336 376 1393 arbitrium
398 1332 612 1403 intorquet,ita
625 1331 757 1402 imperat
769 1333 799 1385 et
811 1330 948 1414 modera-
1003 1333 1075 1387 sitio
1097 1333 1195 1404 operis
1214 1333 1438 1404 quodammodo
1458 1335 1585 1390 innuere
1608 1335 1753 1392 videatur
1767 1353 1828 1409 spe·

126 1433 177 1484 tur
192 1430 226 1482 ut
237 1424 314 1480 nihil
327 1424 361 1478 in
376 1421 576 1477 universitate
586 1419 684 1491 possit
708 1418 774 1472 fieri
789 1417 870 1489 quod
887 1434 947 1473 non
1002 1419 1108 1474 cialem
1131 1421 1189 1475 sibi
1222 1421 1393 1477 adhibitam
1422 1423 1612 1493 diligentiam
1642 1424 1827 1481 Conditoris.

124 1517 192 1589 ipsa
204 1514 243 1570 ad
255 1514 392 1569 decorem
405 1524 531 1582 operum
544 1522 670 1562 suorum
681 1509 735 1560 aut
744 1506 947 1579 praecipiendo
1001 1507 1120 1563 Rursus
1142 1509 1202 1563 alia
1224 1509 1335 1566 idcirco
1359 1512 1508 1567 miramur
1535 1514 1608 1585 qnia
1631 1517 1829 1570 monstruosa

123 1608 177 1660 aut
200 1599 403 1676 permittendo
414 1596 479 1653 fieri
493 1596 577 1651 velit.
1000 1599 1074 1651 sunt
1100 1596 1149 1651 vel
1172 1597 1325 1666 ridicula3
1349 1615 1481 1670 quorum
1513 1601 1636 1673 quidem
1664 1600 1827 1674 psalmatio

210 1691 283 1745 Car.
300 1688 353 1744 IX.
365 1691 408 1741 De
422 1687 525 1754 specie
538 1684 720 1756 figurisque
741 1698 863 1740 rerum.
961 1686 987 1742 B
1002 1688 1153 1756 quantum
1168 1685 1207 1740 ab
1220 1686 1355 1741 humana
1371 1688 1490 1743 ratione
1504 1688 1604 1744 aliena
1619 1693 1676 1760 est,
1693 1691 1829 1746 tantofa·

160 1779 232 1836 Haee
256 1777 293 1832 de
317 1778 403 1831 motu
433 1789 488 1845 pro
512 1772 661 1828 brevitate
689 1771 771 1826 dicta
785 1772 946 1839 sufficiant.
1001 1773 1089 1829 cilius
1100 1774 1271 1830 humanum
1285 1775 1422 1830 animum
1444 1776 1477 1831 in
1492 1776 1730 1833 admirationem
1747 1794 1827 1835 com·

124 1868 241 1926 Deinde
256 1865 394 1936 sequitur
407 1862 530 1933 species.
547 1859 667 1931 Species
679 1859 945 1916 estformavisibi·
1000 1862 1110 1934 pellere
1132 1866 1241 1934 potest.
1268 1862 1367 1928 Quare
1387 1864 1555 1921 crocodilus
1575 1864 1769 1923 manducans
1788 1869 1828 1924 in·

83 1946 94 1967 ⁹
123 1958 171 2024 lis,
186 1970 254 2027 quae
269 1951 404 2008 continet
418 1948 489 2017 duo,
504 1947 618 2017 figuras
632 1949 662 2002 et
685 1946 808 2002 colores.
826 1948 947 2018 Figurae
1000 1950 1140 2005 feriorem
1160 1950 1273 2007 molam
1290 1967 1351 2006 non
1372 1951 1504 2007 movet?
1526 1956 1554 2009 et
1579 1953 1733 2025 quomodo
1750 1954 1825 2011 sala·

118 2049 221 2101 autem
237 2056 337 2097 rerum
354 2037 461 2093 multis
481 2035 580 2090 modis
600 2039 748 2106 apparent
771 2035 939 2093 mirabiles.
1000 2039 1129 2094 mandra
1142 2039 1175 2095 in
1191 2040 1260 2110 igne
1275 2039 1372 2095 iilaesa
1386 2039 1569 2112 permanet?
1580 2041 1651 2115 quis
1663 2041 1749 2099 dedit
1767 2043 1821 2099 eri·

120 2129 295 2204 Aliquando
314 2144 351 2183 ex
371 2123 594 2196 magnitudine,
618 2122 783 2194 aliquando
799 2139 835 2179 ex
849 2127 947 2197 parvi·
999 2128 1045 2183 cio
1069 2129 1184 2203 spinas,
1209 2131 1238 2184 et
1258 2129 1360 2185 docuit
1380 2146 1460 2200 eum,
1475 2135 1511 2187 ut
1536 2147 1567 2188 se
1590 2134 1826 2206 pomisturbine

121 2224 194 2290 tate,
208 2216 374 2290 aliquando
392 2214 465 2286 quia
479 2228 566 2281 rarae,
590 2211 755 2283 aliquando
781 2213 855 2284 quia
882 2213 945 2285 pul·
998 2218 1145 2273 discussis
1155 2218 1303 2287 involvat,
1319 2219 1432 2291 quibus
1445 2225 1576 2277 onustus
1600 2222 1747 2279 incedens
1759 2224 1824 2279 stri·

122 2309 212 2376 ehrae,
228 2304 394 2377 aliquando
408 2307 443 2358 ut
461 2301 585 2358 interim
599 2300 770 2372 italoquar,
785 2301 859 2373 quia
874 2317 946 2372 quo·
998 2303 1049 2359 det
1061 2304 1149 2376 quasi
1164 2304 1338 2376 plaustrum
1354 2304 1369 2359 1
1383 2309 1413 2361 et
1437 2306 1595 2362 formicam
1618 2324 1687 2380 quae
1714 2308 1825 2365 hiemis

87 2456 96 2467 ‚
120 2394 283 2453 dammodo
297 2391 512 2449 convenienter
535 2389 659 2461 ineptae,
680 2388 845 2460 aliquando
871 2389 944 2460 quia
999 2395 1228 2463 superventurae
1242 2393 1370 2465 praescia
1384 2395 1488 2465 granis
1502 2395 1611 2450 horrea
1634 2411 1691 2451 sua
1704 2395 1826 2470 replet?

119 2487 152 2543 in
173 2484 280 2541 multis
302 2497 376 2549 nna,
392 2477 557 2551 aliquando
577 2477 651 2549 quia
673 2477 706 2531 in
731 2492 794 2532 uno
811 2476 941 2545 diversa,
997 2494 1140 2534 araneam
1165 2496 1234 2552 quae
1254 2479 1290 2535 de
1312 2480 1481 2537 visceribus
1501 2483 1565 2538 suis
1586 2482 1712 2555 laqueos
1732 2485 1825 2541 nectit
1861 2532 1864 2537 .

118 2573 239 2645 singula
251 2571 357 2627 ordine
369 2582 425 2623 suo
450 2581 681 2639 prosequamur.
704 2565 819 2635 Figura
833 2580 941 2621 secun·
997 2567 1077 2623 unde
1096 2568 1230 2640 praedam
1253 2566 1378 2640 capiat?
1399 2569 1451 2625 isti
1468 2574 1541 2626 sunt
1555 2573 1648 2626 testes
1664 2572 1825 2644 sapientias

115 2663 189 2720 dum
203 2656 447 2731 magnitudinem
463 2653 644 2722 attenditur,
659 2653 783 2725 quando
799 2669 846 2709 res
861 2669 944 2726 quae·
996 2657 1062 2712 Dei.
1078 2657 1134 2712 Est
1149 2656 1248 2712 adhuc
1273 2657 1356 2713 aliud
1380 2674 1487 2713 verum
1510 2661 1540 2714 et
1563 2658 1687 2715 evidens
1710 2658 1825 2716 divinas

116 2752 191 2809 libet
206 2749 254 2805 sui
267 2746 385 2818 generis
404 2742 529 2799 modum
553 2743 585 2797 in
611 2742 784 2814 quantitate
799 2742 917 2798 excedit
931 2758 940 2811 3
996 2745 1154 2818 sapientiae
1167 2750 1394 2817 argumentum,
1405 2745 1486 2818 quod
1502 2762 1592 2802 omne
1606 2762 1703 2819 genus
1724 2749 1825 2805 simile

117 2843 160 2898 sie
172 2840 320 2895 miramur
341 2827 496 2904 gigantem
521 2831 602 2885 inter
616 2830 766 2899 homines,
782 2834 883 2886 cetum
899 2831 941 2885 in·
995 2834 1054 2889 sibi
1079 2839 1227 2906 procreat,
1253 2837 1282 2889 at
1298 2834 1331 2889 in
1353 2838 1416 2889 tam
1441 2834 1546 2890 multis
1564 2834 1737 2892 similitudo
1759 2853 1823 2893 una

117 2933 163 2991 ter
177 2921 478 3000 pisces‚gryphouem
490 2919 571 2974 iuter
584 2917 733 2987 volucres,
746 2918 939 2995 elephantem
985 2926 1161 2994 'propagata
1179 2922 1285 2993 primae
1308 2922 1435 2993 originis
1461 2923 1590 2979 formam
1615 2939 1676 2979 non
1695 2928 1820 2995 mutat;

115 3019 196 3075 inter
210 3011 433 3087 quadrupedes,
448 3009 609 3064 draconem
625 3009 706 3063 iuter
720 3007 937 3080 serpentesFi·
956 3026 1056 3085 cnon
1067 3011 1134 3066 ovis
1145 3010 1288 3079 vitulum,
1305 3026 1365 3065 nou
1387 3026 1479 3066 vacca
1493 3027 1618 3083 agnum,
1642 3027 1703 3067 non
1727 3029 1819 3069 cerva

116 3121 192 3179 gara
205 3100 372 3159 secundum
387 3098 570 3170 parvitatem
591 3095 801 3152 consideratur
815 3093 938 3168 quando
990 3099 1135 3171 leporem,
1150 3114 1211 3153 non
1223 3098 1271 3155 leo
1286 3097 1419 3170 vulpem,
1434 3099 1486 3154 sed
1500 3100 1533 3154 in
1552 3100 1611 3155 sibi
1633 3099 1733 3156 simile
1748 3117 1819 3173 pro-

115 3211 163 3251 res
187 3191 331 3265 quelibet
350 3188 399 3243 sui
418 3186 537 3258 generis
558 3185 726 3256 quantitati
747 3185 862 3256 aequari
876 3197 938 3239 non
991 3187 1133 3259 paginam
1147 3201 1234 3241 suam
1249 3186 1484 3241 extenditomne
1496 3187 1580 3260 quod
1594 3191 1650 3242 est.
1662 3186 1732 3243 Hoc
1750 3204 1824 3261 quo·

114 3284 226 3356 potest,
239 3283 275 3335 ut
301 3280 346 3334 est
361 3275 496 3330 succerio
511 3274 544 3328 in
559 3272 688 3344 capillo,
701 3273 785 3327 tinea
799 3271 832 3326 in
853 3270 938 3326 indu·
992 3291 1052 3346 que
1061 3272 1250 3330 insensibilis
1264 3277 1375 3328 natura
1391 3273 1535 3344 custodit,
1549 3274 1633 3331 aliud
1656 3289 1756 3345 genus
1773 3291 1819 3331 ar·

112 3375 227 3439 mento,
241 3379 359 3424 vermes
374 3366 404 3419 et
420 3361 620 3433 sciniphes,et
635 3361 759 3430 similia,
774 3376 843 3433 quae
858 3361 937 3415 iuter
991 3361 1074 3418 boris
1090 3365 1136 3418 est
1150 3361 1225 3430 tilia,
1241 3361 1325 3416 aliud
1340 3362 1440 3433 fagus,
1453 3361 1537 3417 aliud
1552 3378 1693 3435 quarem,
1705 3379 1818 3419 unum·

112 3463 221 3517 caetera
236 3453 359 3528 quidem
373 3449 520 3506 animalia
533 3449 657 3518 vivunt,
673 3449 727 3504 esd
741 3449 858 3504 caeteris
873 3463 935 3503 om·
991 3450 1133 3524 quodque
1153 3449 1282 3522 speciem
1299 3465 1387 3505 suam
1402 3449 1505 3519 habet,
1533 3454 1563 3506 et
1578 3451 1821 3524 unumquodque

112 3549 205 3604 nibus
224 3541 360 3614 eorporis
374 3539 542 3610 exiguitate
554 3537 692 3608 dispares
706 3540 788 3592 sunt.
803 3536 878 3592 Vide
891 3552 935 3591 er·
990 3538 1109 3610 generis
1131 3537 1178 3593 sui
1200 3540 1301 3592 servat
1329 3537 1574 3595 similitudinem.
1605 3538 1682 3594 Vide
1707 3538 1819 3595 folium

112 3652 151 3708 go
163 3633 239 3707 quid
252 3630 352 3701 magis
366 3623 605 3694 mireris‚dentes
619 3625 695 3696 apri,
712 3639 752 3679 an
767 3623 936 3691 tiueae,alas
990 3625 1142 3698 quomodo
1156 3625 1277 3681 ferratis
1297 3625 1441 3682 dentibus
1459 3642 1513 3698 per
1526 3641 1637 3698 gyrum
1653 3627 1819 3699 distingui·

111 3723 239 3797 gryphis
253 3736 294 3776 au
313 3711 490 3789 sciniphis?
507 3715 600 3786 caput
625 3713 696 3784 equi
722 3728 762 3769 an
785 3710 936 3770 locustas?
990 3717 1051 3784 tur,
1068 3712 1220 3786 quomodo
1236 3712 1422 3770 intrinsecus
1438 3712 1592 3786 productis
1617 3714 1749 3771 costulis
1761 3715 1820 3772 huc

110 3826 199 3870 crura
213 3807 383 3881 elephantis
394 3821 433 3860 an
444 3800 578 3859 culinis?
592 3806 725 3858 rostrum
739 3801 803 3858 suis
819 3818 858 3857 an
873 3816 936 3857 suc·
988 3802 1123 3874 illucque
1134 3802 1293 3858 intexitur.
1307 3802 1443 3857 Numera
1457 3817 1563 3873 uuum,
1580 3817 1709 3857 numera
1724 3801 1818 3859 aliud.

109 3894 263 3956 cerionisf
277 3894 412 3966 aquilam
428 3907 468 3947 au
482 3888 667 3946 formicam?
679 3889 797 3946 leonem
812 3906 851 3945 an
878 3906 933 3962 pu·
989 3890 1085 3948 Omne
1098 3890 1180 3963 quod
1194 3894 1240 3947 est
1253 3890 1346 3946 unius
1361 3892 1496 3961 generis,
1511 3890 1605 3947 unius
1632 3890 1773 3947 invenies
1789 3894 1819 3946 et

109 3983 221 4044 licem?
236 3981 376 4053 tigridem
390 3995 430 4033 an
443 3976 652 4034 testudinem?
674 3979 721 4033 lbi
737 3979 858 4033 miraris
871 3994 934 4034 ma·
989 3978 1197 4036 multitudinis
1222 3983 1252 4034 et
1276 3978 1498 4047 similitudinis,
1522 3981 1568 4034 ιοι
1588 3977 1692 4034 dentes
1706 3979 1741 4033 in
1756 3993 1819 4035 uno

111 4072 313 4146 gnitudinem‚
330 4068 380 4123 hie
391 4065 512 4120 miraris
525 4064 725 4135 parvitatem,
741 4081 850 4138 eorpus
865 4081 933 4137 par·
989 4072 1064 4140 quot
1078 4067 1184 4123 dentes
1198 4067 1230 4122 iu
1243 4066 1313 4135 alio,
1329 4069 1375 4121 tot
1389 4065 1523 4122 costulas
1539 4066 1573 4122 in
1586 4080 1646 4122 uno
1660 4069 1734 4137 quot
1751 4082 1817 4122 cos·

109 4173 312 4230 vummagua
330 4153 482 4227 sapientia
503 4151 670 4208 conditum.
687 4152 800 4224 Magna
815 4153 933 4220 sapien·
989 4154 1070 4211 tulas
1086 4155 1119 4210 in
1134 4154 1204 4224 alio,
1217 4153 1308 4210 talem
1324 4154 1458 4210 formam
1480 4155 1513 4210 iu
1537 4169 1600 4210 uno
1621 4152 1742 4226 qualem
1756 4154 1817 4209 for·

108 4255 152 4309 tia
166 4251 215 4309 eui
230 4247 315 4305 nulla
329 4242 469 4314 subrepit
490 4240 683 4312 negligentia.
710 4239 776 4296 Illis
790 4240 873 4296 dedit
886 4256 932 4297 oc·
987 4259 1071 4299 mam
1086 4243 1118 4299 iu
1133 4242 1200 4310 alie,
1217 4241 1308 4296 talem
1321 4242 1451 4298 colorem
1467 4243 1499 4297 in
1516 4256 1577 4298 uno
1591 4242 1714 4314 qualem
1738 4240 1817 4299 ecio·

107 4340 202 4408 culos,
218 4334 362 4410 quosvis
376 4329 630 4402 comprehendere
644 4333 745 4400 potest
766 4328 872 4385 oculus
883 4346 893 4400 3
904 4333 933 4385 et
945 4364 974 4423 D
988 4348 1051 4388 rem
1065 4332 1097 4386 in
1112 4330 1261 4386 alio.Ecce
1274 4331 1426 4402 quomodo
1442 4345 1539 4397 mora,
1551 4329 1704 4402 quomodo
1717 4329 1816 4400 fraga,

107 4429 221 4484 tutam
235 4423 354 4493 exiguis
369 4419 547 4491 corporibus
567 4418 610 4473 sic
630 4416 825 4472 omnifariam
838 4417 932 4473 linea·
988 4418 1172 4491 quibusdam
1196 4417 1334 4488 granulis
1356 4417 1394 4473 ad
1418 4419 1547 4474 invicem
1573 4417 1740 4489 compactis
1761 4416 1815 4472 clr-

109 4517 214 4572 menta
229 4513 558 4576 naturaesuaecongrua
572 4504 749 4575 plenissime
762 4503 931 4574 distribuit,
988 4522 1181 4578 cumquaque
1200 4504 1434 4577 distinguuntur
1453 4523 1462 4576 ;
1484 4506 1544 4561 tale
1574 4505 1817 4578 unumquodque

107 4608 143 4660 ιιι
158 4600 235 4657 nihil
246 4597 352 4653 videas
360 4595 464 4650 deesse
478 4595 511 4648 in
526 4593 663 4649 minimis
677 4608 781 4649 eorum
796 4594 934 4650 omnium
989 4595 1080 4668 quale
1095 4593 1235 4664 alterum,
1251 4597 1281 4649 et
1296 4594 1396 4650 omnis
1413 4598 1524 4651 natura
1548 4594 1638 4666 quasi
1655 4593 1815 4664 cujusdam

108 4706 177 4763 quae
192 4692 303 4744 natura
317 4683 464 4740 formavit
475 4683 508 4737 in
523 4681 653 4753 maguis.
988 4683 1173 4739 intrinsecus
1198 4683 1343 4739 dictantis
1366 4687 1549 4757 praeceptum
1569 4681 1729 4754 acceperit,
1745 4696 1814 4737 nus·

108 4776 317 4835 caelibalis
328 4772 493 4842 quoe‚quia
508 4762 953 4838 raresunt‚mirendesuat‘
988 4786 1081 4844 quam
1097 4770 1244 4827 terminos
1254 4786 1326 4826 suos
1336 4769 1479 4826 excedere
1487 4770 1656 4842 praesumit.
1669 4769 1736 4825 Hoc
1746 4783 1816 4842 quo

128 4867 235 4923 Restat
249 4876 332 4917 nunc
345 4860 443 4916 dicere
457 4857 493 4913 de
502 4858 541 4914 iis
556 4874 624 4930 quae
635 4859 871 4929 rarasunt,etob
877 4859 935 4915 hoc
988 4874 1047 4932 qus
1061 4858 1201 4914 mirabile
1215 4862 1260 4914 est
1274 4857 1356 4930 quod
1371 4857 1405 4912 in
1428 4871 1491 4913 uno
1506 4871 1631 4929 corpore
1647 4859 1694 4912 tot
1708 4857 1815 4913 consti·

106 4953 206 5025 magis
221 4952 299 5007 mira
306 4949 458 5005 videntur.
474 4946 553 5002 Sunt
567 4948 706 5019 quasdam
719 4947 751 5003 in
762 4948 853 5003 rebus
867 4962 934 5002 con·
987 4951 1119 5004 tuuntur
1133 4948 1281 5017 membra,
1295 4950 1340 5003 tot
1354 4947 1562 5002 membrorum
1580 4945 1697 5015 formas,
1713 4948 1760 5002 tot
1772 4944 1812 5001 lo·

104 5044 181 5101 ditis
188 5034 939 5113 quaidoircoeumvidenturmagismirasuntquia·
987 5052 1031 5106 ca,
1049 5040 1094 5093 tot
1108 5036 1214 5091 officia.
1230 5036 1306 5091 Eece
1326 5035 1359 5090 in
1374 5051 1436 5090 uno
1451 5033 1585 5091 hominis
1600 5047 1726 5106 corpore
1741 5036 1814 5106 quot

105 5132 145 5188 ad
159 5129 320 5187 homiuum
335 5123 476 5179 notitiam
488 5123 811 5196 raroperveniunt‚vel
821 5122 860 5178 ob
875 5121 932 5177 hoc
985 5122 1144 5181 membra?
1157 5123 1252 5179 Aliud
1271 5123 1364 5192 auris,
1380 5121 1464 5178 aliud
1478 5121 1585 5190 oculis,
1598 5121 1682 5177 aliud
1695 5121 1812 5194 lingua,

105 5220 188 5295 quod
201 5220 234 5275 in
249 5231 305 5274 suo
315 5229 424 5286 genere
436 5228 514 5284 pura
527 5221 628 5268 creata
643 5215 727 5280 sunt,
740 5211 788 5266 vel
803 5211 876 5279 quia
891 5226 931 5265 re·
986 5212 1069 5267 aliud
1084 5227 1189 5280 nasus,
1206 5210 1290 5266 aliud
1304 5208 1458 5283 pes,aliud
1468 5225 1580 5265 manus
1591 5223 1600 5278 ;
1612 5208 1744 5279 siugulis
1760 5224 1814 5264 sua

106 5309 199 5366 motis
216 5304 340 5362 sedibus
360 5306 390 5358 et
403 5301 436 5356 iu
452 5300 565 5356 abditis
579 5303 698 5354 naturae
722 5297 841 5353 sinibus
862 5298 929 5354 abs·
984 5299 1094 5369 forma,
1111 5314 1167 5354 sua
1180 5298 1317 5368 loca,sua
1331 5298 1438 5367 officia,
1455 5300 1568 5352 etcum
1585 5295 1706 5351 sintita
1721 5297 1814 5352 diver

76 5396 79 5401 '
104 5401 201 5455 trusa.
218 5393 291 5451 Haec
306 5394 409 5446 autem
433 5387 545 5443 idcireo
566 5386 718 5442 Creatoris
738 5383 930 5456 providentia
984 5385 1811 5459 sainee‚singulainvicsmtamencooperanturemnia.

105 5498 242 5543 seorsum
252 5476 553 5544 collocarevoluit,ut
567 5473 689 5529 illorum
696 5473 850 5529 consortio
860 5489 928 5546 quae
1073 5475 1145 5531 Cer.
1162 5474 1231 5530 XII.
1247 5476 1414 5530 bererum
1431 5476 1539 5529 variis
1555 5474 1727 5530 coloribus.

104 5573 198 5629 noxia
210 5573 283 5626 sunt
297 5581 358 5623 non
374 5564 504 5621 laedatur
517 5561 655 5617 humana
666 5562 806 5630 societas,
823 5577 928 5619 eorum
1019 5563 1092 5619 Post
1113 5563 1243 5634 figuram
1260 5562 1400 5635 sequitur
1415 5560 1506 5618 color.
1532 5561 1578 5617 De
1592 5559 1691 5617 colore
1710 5577 1812 5619 rerum

104 5672 173 5733 qua
186 5656 322 5730 pretiosa
335 5655 409 5710 sunt
421 5649 518 5724 specie
533 5648 680 5724 probetur
692 5649 829 5708 humana
843 5650 926 5724 cupi·
981 5651 1114 5708 multum
1135 5649 1283 5707 disserere
1305 5665 1383 5723 opus
1398 5664 1460 5706 non
1475 5653 1531 5721 est,
1559 5648 1712 5723 cumipse
1724 5649 1812 5707 visus

103 5744 195 5816 ditae
210 5755 316 5800 eorum
343 5753 412 5812 que
442 5752 513 5796 rara
539 5740 612 5796 sunt
635 5738 772 5798 novtmte
795 5737 928 5798 actua
980 5736 1383 5812 probetqamtam'natara
1391 5736 1508 5795 decerta
1518 5728 1811 5806 additamentam
