3742 6082
127 232 179 288 827

491 219 646 277 HUGONlS
666 219 710 274 DE
731 216 758 273 S.
779 213 928 272 vicione
948 213 1029 270 OPP.
1055 212 1144 268 PARS
1164 214 1479 269 11.-1JOGtturrca.
1792 214 1839 268 ιιι

128 354 204 412 dum
216 352 257 408 sic
273 345 458 406 concorditer
472 344 512 402 ad
523 360 618 400 unum
632 344 723 398 tinem
740 345 872 408 currunt,
888 340 994 413 pro-A
1013 336 1118 393 habuit
1133 336 1217 393 aliter
1235 336 1345 393 habere
1360 336 1470 408 incipit,
1493 352 1585 408 quam
1615 335 1699 408 prius
1728 336 1838 393 babuit.

129 444 206 502 tecto
220 439 353 496 indicant
367 435 449 510 qnod
470 449 549 490 unus
572 438 616 489 est
637 432 703 488 lons
727 436 756 488 et
778 431 862 501 origo
876 429 957 485 unde

127 528 304 605 procedunt.
332 525 389 583 Sed
403 524 476 597 quia
497 537 592 578 uuum
612 521 735 578 diversis
757 520 856 577 modis
880 519 957 575 acei-

127 621 216 693 pitur,
233 612 487 675 considerandum
502 617 548 668 est
559 609 714 685 quomodo
728 613 848 667 Creator
857 625 957 665 rerum

126 722 206 764 unus
222 721 286 763 esse
300 702 425 759 dicatur.
449 704 524 758 Nam
549 704 592 756 cst
611 716 707 755 unum
726 699 908 756 collectione,
928 701 957 754 ct

82 777 86 787 ¹
126 813 222 853 unum
252 791 481 866 compositione,
514 794 542 846 et
570 805 666 844 unum
698 787 899 852 similitudine,
930 792 957 841 et

126 898 222 940 unum
238 880 378 946 essentia,
396 884 425 936 et
438 894 534 935 unum
550 877 712 933 identitate.
736 879 833 932 Unum
849 874 955 930 collec-

126 973 206 1032 tione
232 975 276 1028 est
290 969 550 1045 quemadmodum
575 983 644 1023 eum
677 982 797 1035 gregem
829 964 956 1019 dieimus

125 1061 265 1119 nnumin
281 1076 342 1135 quo
357 1058 452 1115 multa
468 1062 537 1114 sunt
552 1055 704 1112 animalia.
721 1058 818 1110 Unum
832 1070 956 1126 compo-

127 1138 954 1224 sitione‚quemadmodumcumeorpusunumdicimus,

126 1241 157 1298 in
173 1257 237 1316 quo
252 1239 348 1295 multa
366 1240 436 1295 sunt
461 1236 608 1293 membra.
633 1238 729 1292 Unum
751 1232 954 1298 similitudine,

126 1327 387 1404 quemadmodum
402 1341 472 1382 cnm
486 1341 591 1381 vocem
607 1339 699 1380 unam
714 1322 840 1378 dicimus
855 1337 922 1393 quae
939 1337 957 1376 a

125 1417 228 1477 multis
242 1422 287 1474 est
303 1415 430 1491 prolata.
447 1415 504 1472 Sed
518 1415 627 1470 horum
648 1412 784 1468 omnium
799 1410 872 1466 nihil
886 1426 955 1465 vcro

126 1523 222 1568 unum
238 1511 291 1563 est.
318 1505 489 1563 Secundum
512 1504 643 1576 aliquem
659 1508 760 1558 tamen
784 1503 955 1573 respectum

125 1613 221 1655 unum
236 1596 316 1655 dicta
331 1599 411 1671 sunt,
427 1594 499 1668 quia
513 1591 741 1667 quodammodo
756 1590 795 1647 ad
810 1589 954 1644 unitatem

1013 427 1131 483 Mutatio
1147 427 1313 482 seeundum
1328 432 1456 499 tempus,
1471 444 1506 482 ex
1519 425 1639 481 duobus
1653 426 1840 498 praecedenti·

1012 516 1069 572 bus
1078 518 1300 589 nascitur,quia
1315 517 1388 572 nihil
1402 515 1605 588 temporaliter
1615 515 1727 571 mutari
1737 522 1838 588 potest.

1013 605 1095 679 quod
1121 606 1168 661 vel
1198 605 1361 661 formaliter
1375 622 1436 660 non
1464 609 1604 674 nudetur,
1632 605 1678 660 vel
1700 605 1838 661 localiter.

1014 696 1095 751 Unde
1104 696 1254 752 evidenter
1267 695 1413 766 colligitur
1424 696 1506 767 quod
1516 695 1704 751 immutabile
1720 697 1839 752 omnino

1012 788 1056 840 ost
1069 785 1216 858 quidquid
1231 802 1329 858 neque
1356 786 1452 841 torma
1468 801 1565 857 neque
1582 784 1648 841 loco
1665 786 1774 841 mutari
1789 803 1838 858 po-

1012 877 1075 929 test.
1094 873 1121 931 Si
1136 874 1225 943 igitur
1245 878 1339 930 [terrm
1354 890 1452 947 neque
1468 875 1564 930 torma
1579 891 1678 947 neque
1693 875 1762 931 loeo
1776 892 1839 930 mu-

1012 963 1066 1019 tari
1089 979 1179 1035 posse
1202 964 1372 1024 constiterit.
1388 964 1606 1020 irunurtabilem
1622 964 1750 1020 omnino
1776 983 1838 1022 esse

1011 1052 1138 1108 dubium
1148 1069 1209 1108 non
1221 1053 1425 1108 erit.l.oealem
1437 1059 1536 1109 autem
1549 1053 1746 1110 mutationem
1760 1056 1838 1110 facile

1011 1142 1049 1199 alr
1064 1159 1313 1210 commovemus,
1326 1144 1349 1199 si
1364 1161 1432 1199 curn
1449 1143 1559 1216 ubique
1568 1161 1631 1199 esse
1643 1145 1836 1201 ostendimus.

1011 1232 1097 1297 Ouod
1111 1233 1191 1288 enim
1208 1232 1319 1304 ubique
1335 1237 1388 1296 est,
1405 1234 1433 1288 in
1450 1233 1532 1288 omni
1545 1233 1611 1288 loeo
1624 1238 1676 1288 est.
1690 1234 1777 1299 Quod
1792 1252 1838 1290 au-

1010 1325 1070 1378 tem
1085 1322 1116 1376 in
1131 1322 1214 1377 omni
1229 1321 1294 1377 loeo
1317 1322 1424 1384 estete
1447 1323 1512 1378 loeo
1531 1321 1570 1378 ad
1591 1322 1691 1378 locum
1718 1325 1836 1379 transire

1009 1427 1069 1467 non
1086 1415 1193 1484 potest.
1211 1414 1305 1467 ileum
1325 1418 1424 1468 aulem
1441 1412 1552 1484 ubique
1578 1429 1644 1468 esse
1664 1413 1760 1470 multa
1774 1419 1837 1470 sunt

1010 1500 1128 1557 indicia.
1146 1501 1278 1557 Primum
1293 1501 1360 1574 ipsa
1375 1502 1476 1557 anima
1488 1507 1602 1565 nostra,
1614 1518 1709 1574 quam
1726 1507 1754 1558 et
1768 1504 1836 1558 ratio

1011 1591 1177 1663 simplicem
1202 1592 1365 1647 essentiam
1381 1609 1445 1647 esse
1464 1608 1525 1647 non
1540 1591 1667 1660 elutritat,
1692 1596 1721 1648 ιι
1737 1610 1836 1648 sensus

126 1685 282 1745 accedunt.
300 1687 354 1741 Fas
374 1696 446 1755 ergo
461 1697 522 1738 non
537 1685 581 1737 est
602 1685 634 1737 ut
648 1679 853 1736 existimemus
868 1680 954 1734 Crea-
972 1697 991 1751 Β
1010 1698 1063 1754 per
1076 1698 1165 1737 omne
1176 1681 1258 1754 quod
1271 1680 1400 1736 viviticat
1411 1698 1529 1754 corpus,
1539 1681 1682 1738 diffusum
1700 1699 1765 1738 esse
1776 1698 1836 1754 pro-

124 1779 221 1833 torem
235 1788 347 1839 rerum,
354 1777 406 1829 aut
421 1770 592 1828 collectione
606 1769 801 1833 diversorum,
814 1771 866 1823 aut
876 1783 956 1822 cem·
1011 1771 1072 1827 bat
1052 1773 1292 1844 tQuuecumque
1308 1771 1388 1826 euim
1404 1770 1544 1826 animatis
1559 1771 1693 1845 eorporis
1710 1789 1780 1846 pars
1794 1771 1837 1826 la-

125 1865 272 1942 positione
285 1861 427 1937 partium,
442 1864 493 1917 aut
508 1859 701 1916 similitudine
717 1858 848 1945 plurium
859 1872 955 1912 unruu
1010 1861 1053 1916 dit
1042 1865 1099 1927 t·‚ur
1117 1877 1195 1916 rinus
1210 1864 1253 1917 est
1275 1861 1313 1915 ad
1328 1875 1419 1933 quem
1436 1876 1541 1916 seusus
1556 1861 1656 1916 omnis
1671 1861 1783 1917 doloris
1798 1878 1836 1916 re-

126 1971 203 2028 esse,
217 1970 287 2011 eum
306 1952 379 2009 illud
389 1951 480 2008 etiam
499 1950 585 2024 quod
595 1947 728 2005 innubis
743 1940 887 2004 rationale
900 1950 954 2014 est,
1010 1955 1174 2022 torquetur
1190 1950 1271 2023 quod
1284 1950 1408 2005 omnino
1424 1949 1610 2013 nontieret’
1587 1968 1611 2005 si
1622 1966 1702 2006 uuus
1713 1955 1742 2006 ιι
1762 1950 1836 2006 idem

125 2042 235 2102 horum
250 2043 386 2101 omnium
396 2042 428 2098 in
441 2040 603 2119 semetipso
618 2038 691 2094 nihil
704 2036 818 2118 possit
812 2034 953 2091 invenire.
1011 2039 1122 2112 ubique
1138 2054 1199 2094 non
1212 2039 1339 2094 ditl'usus
1353 2044 1441 2096 esset.
1459 2039 1486 2096 Si
1501 2055 1572 2107 ergo
1584 2039 1740 2096 rationalis
1757 2040 1835 2112 spiri-

126 2133 201 2191 lllud
211 2150 291 2190 enim
299 2136 436 2188 nostrum
443 2131 526 2204 quod
537 2129 667 2202 partium
678 2124 958 2183 multitudineeom-
1010 2130 1056 2181 tus
1071 2126 1202 2181 hominis
1217 2143 1286 2182 eum
1303 2128 1340 2183 sit
1353 2127 1490 2200 simplex,
1499 2144 1553 2201 per
1564 2143 1654 2183 omne
1668 2128 1754 2200 quod
1769 2128 1835 2197 repit

125 2223 259 2297 positum
274 2220 413 2295 cernitur,
429 2235 491 2276 non
506 2218 649 2274 rationale
664 2217 715 2273 sed
732 2202 868 2274 rationali
885 2231 956 2271 con·
1011 2232 1057 2271 cor
1056 2232 1120 2288 pus
1136 2216 1323 2288 dillunditur,
1339 2217 1463 2287 dignum
1479 2221 1597 2273 nonest
1612 2216 1707 2273 utille
1724 2221 1836 2274 Creator

124 2312 264 2382 junctum
277 2325 341 2365 esse
355 2311 422 2382 ipsa
436 2312 539 2364 nostra
553 2306 667 2363 ratione
683 2305 904 2383 comprobatur.
928 2302 957 2361 si
1011 2304 1062 2377 qui
1078 2304 1179 2361 omnia
1194 2305 1269 2374 regit
1284 2310 1311 2360 et
1326 2306 1468 2378 possidet,
1481 2322 1541 2361 uuo
1552 2305 1675 2378 aliquo
1668 2322 1701 2361 ru
1715 2306 1783 2362 loeo
1793 2323 1835 2361 ee-

126 2413 198 2470 crgo
220 2402 357 2453 nostrum
381 2395 526 2453 rationale
553 2411 621 2451 vere
646 2411 740 2449 unum
766 2397 819 2477 est,
842 2397 956 2466 quanto
1011 2394 1127 2463 aretari
1143 2399 1171 2450 ιι
1185 2411 1246 2450 non
1258 2411 1359 2451 omma
1372 2395 1602 2468 potrusunplere
1614 2412 1645 2450 ιι
1647 2394 1763 2452 edatur
1768 2399 1834 2452 Nam

126 2486 225 2558 magis
238 2483 327 2544 Creat
324 2494 358 2542 or
370 2486 436 2558 ejus
450 2500 519 2540 vere
534 2500 612 2541 uuus
628 2500 692 2540 esse
706 2482 873 2564 credendus
887 2487 953 2538 est
944 2483 958 2523 ‘i
1010 2483 1055 2538 et
1049 2483 1213 2556 ipsirerum
1222 2484 1387 2557 motus,qui
1397 2489 1456 2540 tam
1469 2490 1547 2541 certo
1558 2489 1657 2541 ettam
1670 2484 1834 2542 rationabili

126 2577 199 2633 Vere
209 2579 311 2633 autem
323 2591 419 2631 unum
432 2573 575 2648 estquod
591 2572 786 2630 essentialiter
796 2559 891 2633 uuum
902 2575 955 2640 est,
1010 2571 1122 2644 ubique
1132 2572 1338 2630 moderamine
1347 2578 1479 2645 currunt,
1489 2573 1769 2630 vitamintriuseeus
1780 2591 1835 2629 mo·

127 2665 174 2732 oui
187 2667 283 2723 totum
298 2668 342 2721 est
356 2679 452 2720 unum
464 2678 541 2733 esse,
550 2666 578 2718 ιι
593 2661 720 2736 simplex
734 2661 889 2735 essequod
901 2665 955 2716 est.
1008 2665 1126 2717 ventem
1141 2678 1204 2717 esse
1218 2661 1389 2718 ostendunt.
1412 2666 1468 2718 Nee
1482 2666 1581 2719 tamen
1598 2662 1657 2718 ullo
1671 2664 1766 2720 modo
1780 2680 1835 2720 cre·

127 2752 280 2827 Quidquid
300 2751 389 2825 igitur
403 2768 472 2808 vere
487 2767 583 2809 unum
598 2755 644 2808 cst
662 2750 789 2824 simplex
804 2753 859 2822 est,
876 2754 904 2806 ιι
926 2749 956 2805 in
1010 2751 1144 2808 <lendum
1156 2752 1484 2825 estquodsicutsensus
1495 2752 1624 2808 hominis
1634 2769 1704 2809 cum
1716 2770 1835 2828 corpore

125 2847 226 2916 partes
239 2841 363 2919 omnino
376 2841 493 2915 aliquas
505 2840 638 2915 separari
653 2857 714 2897 non
726 2844 833 2915 potest,
850 2843 878 2896 ιι
889 2839 956 2896 ideo
1011 2840 1094 2912 quod
1102 2840 1251 2897 sensificat
1261 2841 1411 2914 personali
1417 2841 1708 2912 tercoujuugitnr‚ita
1718 2859 1835 2915 quoquc

127 2930 301 3002 sectionem,
315 2930 447 3005 partium
472 2945 534 2987 non
560 2928 697 2999 admittit,
725 2928 798 3003 quia
824 2927 957 3009 partium
1011 2928 1189 2984 Creatorillc
1205 2929 1324 3001 spiritus
1349 2946 1417 2985 eum
1444 2945 1567 3002 corpore
1583 2929 1672 3000 hujus
1693 2931 1836 2988 sensibilis

126 3017 374 3093 compositionem
400 3033 461 3075 non
475 3016 589 3091 recipit.
605 3016 734 3075 Creatori
753 3016 842 3087 igitur
856 3031 990 3110 rerumC
1010 3016 1116 3071 muudi
1140 3017 1335 3090 personaliter
1357 3018 1571 3089 conjungatur,
1594 3018 1666 3090 quia
1681 3018 1768 3076 aliter
1787 3020 1835 3074 im·

124 3107 193 3166 ideo
205 3123 300 3165 unum
316 3109 437 3165 estesse
451 3107 535 3181 quod
550 3110 605 3178 est,
621 3107 693 3181 quia
707 3111 802 3163 toturn
816 3121 912 3162 unum
928 3109 957 3161 ιι
1009 3105 1091 3178 pleni
1102 3105 1252 3161 mundum
1265 3109 1389 3177 tteus‚et
1399 3107 1483 3163 aliter
1496 3107 1834 3181 arrinracorprrs.Anima

127 3196 254 3272 simplex
270 3201 314 3254 est
328 3213 393 3254 esse
408 3196 492 3271 qnod
507 3201 560 3253 est.
579 3196 636 3254 Sed
651 3197 750 3253 adhue
766 3195 955 3274 considerare
1008 3193 1230 3269 impletcorpus
1243 3200 1271 3251 et
1281 3196 1544 3270 eocontinet,quia
1557 3196 1834 3271 circumscriptibilis

125 3304 182 3345 nos
196 3279 314 3366 oportet
328 3286 411 3360 quod
432 3285 574 3359 quadam
596 3300 643 3342 res
659 3285 861 3365 inveniuntur,
887 3300 955 3357 quae
1008 3287 1076 3350 est;
1100 3285 1178 3340 Deus
1193 3284 1295 3357 implet
1310 3285 1470 3355 mundum
1495 3285 1545 3341 sed
1560 3286 1676 3341 mundo
1690 3303 1753 3343 uon
1772 3303 1834 3343 con·

124 3394 194 3435 vere
207 3393 305 3442 unum
318 3379 398 3448 sunt,
405 3380 433 3432 et
447 3379 548 3432 tamen
561 3391 678 3431 summe
691 3392 786 3431 unum
800 3388 862 3431 non
875 3379 954 3444 sunt,
1008 3372 1136 3429 cluditur
1157 3374 1229 3448 quia
1249 3374 1361 3449 ubique
1382 3391 1514 3448 praesens
1538 3392 1690 3449 nusquam
1707 3394 1834 3452 compre

126 3465 202 3525 sicut
227 3465 426 3537 animaequae
448 3479 544 3519 unum
575 3467 645 3518 sunt
668 3450 872 3529 essentialiter,
903 3462 955 3518 sed
1006 3461 1097 3518 hendi
1108 3468 1214 3535 potest
1227 3467 1370 3520 Praeterea
1385 3481 1453 3520 eum
1468 3465 1707 3521 drvrurevrrtutrs
1718 3467 1833 3523 effertus

126 3572 221 3613 unum
235 3569 298 3623 non
312 3555 382 3610 sunt
396 3552 617 3610 invariabiliter.
634 3553 721 3618 Quod
735 3555 836 3608 autern
849 3567 918 3606 vere
928 3555 956 3607 et
1007 3568 1160 3625 nusquam
1173 3554 1276 3609 deesse
1288 3554 1448 3625 ceruimus,
1464 3571 1517 3610 cur
1528 3555 1667 3611 eamdem
1682 3555 1734 3612 liei
1748 3558 1832 3613 virtu·

125 3661 244 3703 summe
273 3646 369 3702 unum
394 3647 448 3716 est,
472 3642 668 3700 essentialiter
693 3645 721 3697 et
741 3626 955 3697 invariabiliter
1008 3645 1066 3697 tem
1083 3643 1224 3699 omnibus
1243 3643 1339 3699 inesse
1357 3644 1447 3700 rebus
1470 3645 1667 3700 dubitemus?
1694 3647 1832 3704 Stantem

124 3750 221 3794 unum
236 3737 288 3801 est.
301 3737 401 3791 Restat
415 3749 486 3806 ergo
501 3737 534 3790 ut
548 3733 571 3790 si
588 3734 682 3790 ticum
696 3747 765 3788 vere
777 3745 873 3811 unum
888 3746 953 3786 esse
1008 3731 1058 3786 Dei
1073 3731 1165 3787 virtus
1181 3731 1293 3804 ubique
1313 3737 1368 3799 cst,
1385 3749 1454 3789 cum
1469 3732 1526 3789 alia
1538 3748 1599 3788 non
1616 3733 1653 3789 sit
1668 3734 1721 3790 Dei
1744 3735 1831 3791 virtus

125 3824 286 3895 credimus,
294 3828 433 3879 utrumne
447 3822 537 3878 etiam
548 3837 666 3878 summe
680 3836 760 3876 unus
776 3819 834 3876 dici
849 3819 952 3895 possit,
1007 3837 1101 3894 quam
1115 3822 1205 3891 Deus,
1222 3821 1338 3877 constat
1357 3821 1441 3894 qued
1466 3837 1616 3895 nusquam
1641 3824 1721 3879 Deus
1744 3823 1831 3880 deest.

123 3911 324 3984 inquiramus.
342 3910 429 3976 Quod
453 3913 522 3966 tunc
544 3909 688 3966 veraciter
701 3906 898 3981 ostendimus,
929 3907 954 3964 si
1006 3913 1106 3984 Neque
1121 3912 1201 3967 enim
1212 3915 1245 3967 ut
1257 3911 1349 3967 homo
1363 3912 1402 3967 ad
1417 3912 1603 3985 operandum
1617 3912 1717 3969 aliena
1732 3913 1832 3969 virtute

125 3997 195 4055 eum
226 3996 350 4055 omnino
376 3997 584 4053 invariabilem
613 4013 677 4053 esse
706 3994 951 4070 comprobamus.
1007 4002 1084 4056 Deus
1107 4001 1229 4072 indiget,
1253 4000 1431 4073 quiahomo
1447 4019 1524 4075 saepe
1540 4001 1830 4059 alieuoadminieulo

126 4087 182 4148 Sed
215 4086 288 4161 quia
316 4084 390 4143 scire
416 4102 478 4142 non
503 4102 666 4160 possumus
693 4086 848 4165 quomodo
875 4090 952 4143 Deus
1005 4089 1129 4161 perficit,
1140 4089 1245 4161 quod
1244 4105 1328 4145 acere
1339 4104 1461 4163 propria
1471 4091 1576 4148 virtute
1590 4090 1750 4148 nonvalet
1755 4091 1830 4149 Unde

123 4172 307 4247 invariabilis
321 4174 368 4244 sit,
384 4173 440 4231 nisi
455 4174 537 4247 prius
553 4189 755 4255 agnoscamus
762 4175 952 4258 quotmodis
1006 4177 1350 4250 secundumquamdam
1362 4177 1495 4250 loquenti
1510 4176 1772 4248 consuetudinem,
1779 4180 1829 4235 illie

122 4283 170 4325 res
184 4235 327 4345 quaelibet
347 4262 457 4322 variari
466 4263 586 4339 pessit,
609 4263 740 4336 primum
764 4278 820 4319 nos
836 4267 953 4345 oportet
1005 4267 1097 4323 homo
1113 4267 1277 4339 aliquando
1293 4268 1410 4341 operari
1430 4269 1546 4338 dieitur,
1561 4268 1612 4325 ubi
1627 4284 1682 4342 per
1695 4272 1829 4343 semenp

122 4371 229 4413 omnes
244 4334 450 4426 mutabffitiatis'
465 4354 573 4411 modos
586 4352 778 4421 describere
794 4369 828 4409 ac
844 4340 951 4409 deinde
1006 4371 1074 4411 sum
1090 4355 1200 4411 absens
1220 4372 1285 4411 esse
1311 4372 1373 4412 non
1395 4357 1557 4428 dubitatur,
1574 4357 1828 4431 quemadmodum

122 4460 177 4517 per
191 4443 327 4514 singulas
340 4442 468 4516 qualiter
491 4459 510 4498 ιι
531 4445 590 4497 lieo
618 4446 828 4499 removeantur
852 4446 950 4499 osten·
1005 4460 1136 4500 cumrex
1148 4443 1304 4501 incivitate
1321 4461 1377 4501 sua
1391 4446 1526 4503 residens
1539 4446 1645 4520 procul
1658 4464 1730 4503 eum
1746 4447 1827 4504 hosti·

123 4530 203 4587 dere.
1003 4533 1063 4589 bus
1080 4533 1250 4606 confligere,
1273 4534 1402 4598 vincere,
1423 4537 1469 4592 vel
1489 4536 1624 4609 superari
1639 4537 1824 4609 perhibetur,
1858 4564 1861 4609 ι

157 4617 263 4676 Tribus
279 4618 378 4676 modis
390 4618 423 4675 fit
435 4618 533 4675 omnis
542 4618 738 4690 mutabilitas,
753 4621 829 4691 loce,
841 4621 948 4679 forma.
1005 4623 1076 4696 quia
1091 4623 1199 4680 milites
1215 4625 1289 4696 ejus,
1306 4625 1424 4682 volente
1439 4626 1505 4699 ipso
1531 4631 1559 4682 et
1576 4626 1715 4697 jubente,
1731 4626 1825 4685 conili-

114 4711 152 4775 ,ιι
165 4710 309 4781 tempore.
322 4707 464 4766 Localiter
474 4713 606 4766 mutatur
616 4726 662 4766 res
677 4711 818 4785 quaelibet
827 4711 950 4784 quando
1005 4716 1089 4782 gunt,
1105 4711 1235 4781 vincunt,
1247 4712 1294 4768 vel
1308 4712 1337 4768 vi
1351 4719 1539 4786 superantur.
1548 4714 1616 4770 Tale
1627 4719 1672 4771 est
1682 4732 1753 4772 cum
1767 4715 1825 4788 quis

122 4795 159 4854 de
172 4796 238 4856 loco
249 4799 288 4856 ad
300 4797 401 4857 locum
416 4800 530 4869 transit,
545 4801 603 4858 hoc
629 4807 751 4859 estesse
767 4802 877 4858 desinit
898 4801 950 4858 ubi
1003 4801 1035 4858 in
1050 4818 1113 4857 rem
1128 4802 1245 4858 eminus
1259 4803 1399 4875 positam,
1415 4804 1461 4859 vel
1476 4803 1592 4874 virgam
1617 4805 1760 4872 extendit,
1785 4802 1824 4860 rel
1856 4848 1860 4867 .

119 4884 186 4956 tuit,
200 4891 229 4945 et
242 4888 295 4945 ubi
309 4905 370 4946 non
386 4889 441 4947 tuit
462 4906 527 4947 esse
542 4890 655 4965 incipit.
672 4895 705 4948 Et
719 4896 762 4948 est
784 4892 950 4950 extrinseca
1003 4889 1135 4963 lapidem
1164 4891 1245 4961 jacit,
1275 4895 1304 4948 et
1332 4895 1453 4962 tangere
1479 4891 1587 4948 dicitur
1618 4893 1768 4966 quidquid
1785 4890 1824 4948 ret
1856 4934 1859 4939 ,

120 4972 185 5032 haec
196 4976 332 5046 mutatio,
347 4977 480 5052 nihilque
495 4980 635 5037 variatde
650 4980 743 5055 ipsius
759 4980 799 5036 rei
810 4982 948 5049 essentia,
1003 4979 1089 5052 lapis,
1105 4978 1152 5034 vel
1164 4978 1248 5049 virga
1265 4979 1400 5050 tetigerit.
1417 4980 1504 5038 Multa
1519 4980 1644 5054 quidem
1666 4985 1739 5038 sunt
1753 4981 1822 5051 talia,

120 5064 193 5138 quia
214 5065 317 5122 siesse
333 5066 440 5125 desinit
453 5068 506 5126 ubi
520 5069 583 5138 luit,
598 5086 658 5127 non
672 5073 772 5127 tamen
787 5070 870 5144 qued
895 5069 950 5126 luit
1003 5068 1055 5124 sed
1070 5070 1179 5125 horum
1189 5072 1325 5126 omnium
1336 5068 1824 5146 nihilp1·opricdicitur,quiaalteri

120 5169 185 5212 esse
197 5151 370 5224 desinit,etsi
382 5173 445 5214 esse
453 5157 558 5232 incipit
568 5158 619 5216 ubi
630 5175 691 5215 non
699 5159 831 5226 tuit,non
846 5164 948 5216 tamen
1002 5157 1141 5214 tribuitur
1155 5158 1238 5231 quod
1250 5159 1323 5215 alter
1338 5165 1488 5233 operatur.
1506 5162 1583 5216 Deus
1598 5164 1702 5217 autem
1715 5161 1766 5235 qui
1779 5175 1824 5234 per

119 5245 202 5317 quod
213 5260 276 5302 non
288 5245 342 5302 tuit
353 5263 417 5303 esse
433 5247 544 5321 incipit.
568 5247 740 5305 Formaliter
754 5252 886 5303 mutatur
898 5265 946 5305 res
1002 5248 1197 5321 semetipsum
1211 5254 1319 5305 cuncta
1333 5249 1456 5323 propria
1479 5250 1585 5306 virtute
1608 5249 1691 5319 lacit,
1705 5252 1822 5308 ubicun-

119 5333 270 5406 quoeiibet,
277 5336 401 5410 quando
415 5336 460 5393 vel
469 5337 636 5394 secundum
648 5346 735 5392 suam
745 5336 923 5392 essentiam
917 5355 947 5394 ur
1001 5353 1059 5409 que
1074 5353 1206 5411 praesens
1219 5342 1263 5394 est
1276 5354 1377 5413 opere,
1392 5355 1525 5413 praesens
1545 5339 1635 5395 etiam
1651 5356 1775 5397 necesse
1788 5341 1821 5395 est

118 5422 226 5480 eodem
241 5424 401 5498 persistens
415 5424 492 5490 loco,
507 5423 554 5480 vel
569 5422 737 5480 secundum
750 5429 946 5495 augmentum
1000 5431 1033 5482 ut
1046 5426 1081 5483 sit
1095 5426 1212 5485 deitate
1229 5427 1314 5489 Quod
1329 5428 1433 5502 siquis
1449 5429 1494 5485 tor
1497 5433 1522 5485 te
1535 5433 1660 5502 quierat,
1674 5427 1821 5511 quomodo

118 5506 233 5585 aliquid
248 5513 356 5585 accipit
376 5512 459 5585 quod
480 5511 562 5585 prius
576 5528 639 5568 non
652 5510 766 5581 habuit,
782 5515 829 5570 vel
844 5530 947 5571 secun·
999 5515 1102 5572 divina
1112 5515 1240 5572 essentia
1251 5533 1318 5589 quae
1331 5516 1458 5590 simplex
1469 5522 1512 5575 est
1522 5517 1635 5590 ubique
1646 5535 1715 5576 esse
1726 5518 1819 5594 possit

119 5592 193 5653 dum
204 5598 417 5656 detrimentum
429 5598 543 5672 aliquid
553 5598 637 5672 quod
651 5599 733 5673 prius
747 5601 851 5661 habuit
862 5605 946 5662 amit-
1000 5605 1073 5661 sciat
1086 5605 1169 5678 quod
1184 5604 1267 5661 aliter
1280 5606 1400 5680 spiritus
1411 5607 1539 5680 simplex
1549 5607 1820 5676 dicituuantereor

117 5679 161 5750 tit,
180 5684 229 5741 vel
242 5687 409 5753 secundnm
424 5685 629 5747 alterationem
639 5687 753 5765 aliquid
763 5693 846 5766 quod
858 5693 942 5767 prius
999 5710 1067 5769 pus.
1085 5699 1198 5772 Corpus
1213 5696 1294 5754 enim
1307 5701 1430 5771 propter
1436 5697 1615 5774 parvitatem
1621 5696 1753 5775 simplex
1762 5692 1820 5758 dini
