3742 6082
66 233 122 291 ue
524 203 1330 303 navamrsrsuuuulussesacuuuus.
1730 236 1784 297 us

66 363 170 416 torum
185 359 337 427 semitam,
352 357 436 415 videt
449 360 536 417 intus
558 361 642 416 viam
662 376 724 433 qua
749 361 896 424 transeat,
910 351 937 408 A
951 358 1111 430 tructione,
1127 375 1197 433 quoe
1209 359 1352 417 deorsum
1368 363 1425 431 est,
1446 361 1596 431 tantoque
1617 357 1727 429 magis,
1747 357 1782 413 ut

66 447 151 504 videt
164 448 256 503 finem
270 462 330 518 quo
346 447 461 517 tendat,
478 449 561 505 videt
583 448 684 506 locum
711 464 772 520 quo
793 461 896 519 perve-
951 444 1066 502 dictum
1081 450 1138 519 est,
1153 449 1186 505 in
1199 465 1297 505 uuum
1309 449 1592 521 colligitur,quant0
1607 446 1781 516 magissur·

69 536 145 605 niet,
161 535 246 592 videt
260 538 384 608 portum
399 536 452 592 uhi
466 538 645 608 requiescat.
663 537 686 592 Ι.
713 535 797 592 Sicut
823 534 897 590 olim
951 549 1018 590 sum
1034 535 1181 607 elevatur,
1197 536 1292 594 donec
1306 538 1456 595 advenam
1468 536 1627 618 etunicem
1643 535 1781 606 (quaest

68 638 138 679 cum
148 622 300 679 mundum
315 623 409 678 istum
423 624 597 680 existimavi
614 623 766 692 stabilem,
782 622 898 694 species
952 621 1033 693 apud
1061 622 1171 692 Deum)
1195 624 1478 682 immutabilitatem
1515 621 1686 696 perveniat,
1725 620 1780 677 uhi

69 712 137 783 ejus
151 726 200 767 me
213 711 396 767 accendebat
410 712 449 768 ad
464 727 598 769 amorem
620 712 818 786 presentium
830 728 838 780 3
854 711 899 766 ita
954 710 1178 781 vicissitudine,
1191 714 1370 785 requiescat.
1386 713 1409 770 Ι.
1426 712 1504 779 Quia
1516 712 1602 785 prius
1615 711 1653 767 de
1664 707 1781 767 diluvio

69 815 153 855 nunc
164 800 278 855 mirum
294 800 326 855 in
340 799 465 856 modum
481 801 546 872 ejus
559 799 752 856 mutabilitas
766 815 815 854 me
829 814 897 872 pro·
958 798 1146 854 mentionem
1162 799 1287 870 ieceras,
1302 802 1423 858 videtur
1437 800 1512 857 mihi
1527 799 1707 872 quasinunc
1717 811 1785 855 111·

70 892 161 944 vocat
175 889 214 943 ad
229 888 413 944 desiderium
428 889 614 946 futurorum.
631 888 899 962 Rapioraliectuet
953 889 1117 957 sequenter
1137 888 1303 959 quamdam
1328 889 1469 961 specialis
1492 903 1570 944 arcae
1593 887 1725 943 formem
1748 884 1783 943 in

70 976 178 1032 trahor
192 976 341 1032 desiderio
357 992 417 1048 quo
431 981 558 1034 currunt
569 977 684 1047 omnia,
705 976 798 1033 etiam
817 991 900 1033 nunc
953 973 1040 1030 corde
1054 974 1335 1048 humanoeffingas.
1352 976 1430 1032 Sane
1440 976 1519 1032 mihi
1532 975 1784 1046 diligentiuscou·

69 1065 102 1121 in
117 1065 210 1121 rebus
225 1065 283 1121 hoc
296 1065 410 1137 ipsum,
424 1065 506 1137 quod
519 1069 690 1135 transeunt,
709 1065 814 1138 diligo,
825 1065 900 1137 quia
953 1062 1662 1137 siderantiadmirabilisapparetsabricaista,et
1673 1075 1781 1134 quam·

70 1168 107 1209 ex
121 1153 190 1225 ipsa
204 1154 388 1222 mutatione,
410 1156 439 1209 et
463 1154 602 1225 exemplo
622 1154 836 1210 universorum
861 1151 900 1210 ad
952 1150 1504 1226 visadbucnesciampropterquidad
1516 1151 1779 1207 illemsermonem

72 1241 295 1298 transeundum
309 1241 381 1297 hinc
405 1241 538 1315 amplius
559 1241 727 1299 inardesco.
750 1242 901 1298 Videntur
953 1238 1399 1311 11111111111111111111111
1417 1254 1565 1311 magnum
1580 1237 1697 1310 aliquid
1704 1252 1781 1306 esse,

67 1330 145 1386 mihi
158 1330 192 1387 in
204 1329 338 1402 quodam
352 1330 510 1403 procinctu
525 1346 591 1387 esse
605 1329 752 1387 universa
760 1332 791 1386 et
802 1330 899 1387 totius
953 1328 1035 1402 qnod
1050 1329 1403 1388 demonstrarecouaris.
1419 1328 1492 1387 Tria
1510 1327 1662 1401 siquidem
1677 1340 1783 1400 propo-

69 1422 190 1476 naturee
208 1419 297 1491 quasi
321 1418 435 1475 clamor
461 1419 684 1476 exhortationis
706 1435 797 1475 aures
815 1434 900 1475 meas
953 1418 1002 1473 nie
1016 1417 1093 1474 mihi
1106 1419 1257 1476 haetenus
1271 1423 1336 1475 tam
1353 1419 1616 1490 incognitaquem
1629 1414 1781 1484 inaudite,

68 1505 672 1578 11111111111111111111,111111111
683 1523 775 1565 suum
788 1511 899 1563 cuncta
953 1522 1035 1562 nunc
1049 1511 1153 1564 autem
1168 1513 1232 1564 tam
1244 1508 1371 1565 insolita
1386 1523 1480 1581 quam
1495 1504 1686 1563 admiranda.
1714 1502 1779 1559 Pri-

69 1595 260 1666 perveniant.
952 1611 1038 1651 mum
1052 1600 1099 1652 est
1122 1597 1285 1653 universus
1309 1595 1445 1652 mundus
1467 1595 1526 1653 iste
1549 1609 1620 1651 cum
1638 1592 1782 1650 omnibus

104 1682 142 1738 D.
159 1683 239 1754 Ergo
253 1684 414 1754 cognoscis
428 1684 544 1754 omnia,
560 1700 630 1757 quae
645 1684 678 1740 in
700 1683 758 1739 hoc
782 1681 899 1738 mundo
915 1695 940 1751 Β
954 1699 1023 1755 quae
1037 1684 1071 1740 iu
1085 1700 1120 1740 eo
1129 1687 1202 1742 sunt
1211 1686 1244 1741 iu
1254 1685 1378 1741 modum
1392 1683 1620 1741 decurrentium
1630 1695 1782 1753 aquarum

72 1774 146 1826 sunt
160 1771 284 1841 caduce,
300 1787 365 1827 esse
381 1770 618 1828 transitoriail.
631 1772 691 1828 Res
701 1772 897 1843 ipsaprobat,
952 1772 1171 1845 praeterfluens,
1194 1774 1281 1848 quus
1298 1772 1527 1843 inundationes,
1541 1773 1571 1827 et
1592 1773 1696 1827 motus
1715 1785 1781 1827 rnu-

70 1858 162 1915 etiam
177 1859 203 1914 si
216 1874 271 1930 ego
284 1875 346 1915 111
362 1861 567 1931 cognoverim.
585 1861 622 1916 D.
637 1858 718 1925 Quid
743 1874 813 1931 ergo
836 1857 899 1914 illis
952 1862 1116 1921 tabilitatis
1129 1864 1193 1920 siva
1208 1863 1324 1921 diluvio
1339 1865 1443 1920 omnia
1457 1863 1631 1936 occupanti,
1644 1862 1780 1918 siveme-

71 1947 139 2017 erit,
155 1947 255 2019 quiin
271 1947 572 2005 1111111111111111.
599 1947 678 2014 Quid
693 1945 754 2002 nisi
775 1950 809 2002 ut
832 1946 897 2002 ina·
953 1950 978 2006 ri
993 1967 1104 2024 magno
1120 1967 1342 2024 comparemus,
1359 1968 1408 2008 res
1419 1953 1487 2024 ipsa
1500 1949 1657 2007 simillime
1673 1948 1779 2007 estse

70 2051 124 2091 nes
136 2038 167 2091 11
180 2035 458 2092 vecuiremaneant
479 2052 549 2092 curn
571 2034 804 2109 pertransierint
829 2034 898 2107 ipsa
953 2039 1086 2097 cundum
1101 2043 1147 2096 est
1160 2054 1211 2096 cor
1224 2040 1395 2096 humanum
1415 2041 1454 2096 ab
1479 2039 1528 2095 his
1542 2037 1729 2096 transitoriis
1749 2040 1780 2093 11

70 2139 139 2196 quae
151 2122 358 2195 diliguntiD.
374 2124 495 2180 Bonum
510 2129 556 2180 est
571 2140 641 2195 ergo
656 2124 762 2194 fugere
777 2122 899 2193 hinc,et
952 2126 1156 2183 mutabilibus
1170 2142 1202 2183 se
1217 2127 1347 2198 erigens,
1363 2131 1392 2183 et
1404 2126 1553 2199 paulatim
1576 2125 1721 2197 colligens
1745 2138 1778 2181 se

69 2212 231 2268 certiorem
247 2213 439 2268 mansionem
455 2229 600 2284 quaerere.
625 2212 649 2268 I.
672 2210 759 2269 Nihil
777 2211 897 2281 melius,
952 2216 984 2271 in
999 2231 1097 2271 unum
1111 2219 1145 2271 ut
1159 2215 1213 2273 ubi
1228 2214 1431 2272 mutabilibus
1454 2215 1628 2287 proximum
1653 2216 1709 2283 est,
1736 2211 1782 2269 ibi

69 2299 122 2355 sed
136 2315 240 2372 quaeso
253 2303 293 2370 te,
306 2300 396 2357 edoce
416 2317 539 2373 meque
554 2304 641 2356 extra
666 2301 817 2357 mundum
840 2299 898 2355 ibi·
952 2304 1042 2374 quasi
1057 2319 1128 2360 arca
1143 2304 1286 2360 deorsum
1298 2303 1432 2359 infundo
1442 2303 1540 2359 latum
1554 2304 1780 2375 appareat,coa·

68 2402 149 2457 mus,
166 2389 415 2461 utcunctisquse
432 2390 466 2445 in
481 2389 596 2445 mundo
612 2392 685 2445 sunt
709 2388 897 2445 transeunti·
952 2390 1089 2447 dueatur
1104 2396 1217 2461 autem,
1232 2396 1260 2448 11
1275 2390 1500 2465 quodammodo
1519 2391 1551 2446 in
1577 2405 1674 2446 unum
1698 2387 1781 2445 11111·

69 2477 138 2546 bns,
153 2492 210 2532 nos
225 2477 351 2533 stabiles
363 2493 540 2550 permanere
551 2475 730 2551 possimus?
752 2477 790 2533 D.
816 2477 896 2532 Inte·
952 2484 1054 2551 gutur,
1070 2480 1124 2536 ubi
1140 2480 1242 2552 magis
1260 2481 1383 2536 aeternis
1405 2483 1435 2535 et
1459 2477 1706 2537 immutabilibus
1729 2492 1782 2551 ap·

68 2563 126 2620 rim
141 2564 300 2621 considera
314 2565 464 2622 mundum
480 2567 562 2622 hunc
577 2567 766 2634 universum,
775 2569 900 2639 propter
952 2569 1152 2641 propinquat.
1183 2567 1301 2624 Deinde
1327 2568 1360 2624 11
1389 2582 1531 2640 supremo
1550 2569 1580 2623 et
1603 2565 1692 2622 tertio
1713 2564 1780 2623 loco

70 2653 308 2710 mutabilitatem
336 2669 436 2710 rerum
465 2653 604 2709 omnium
632 2654 721 2726 quasi
747 2652 898 2709 diluvium
952 2657 1050 2713 Deum
1067 2656 1242 2726 constituis,
1259 2658 1294 2712 ut
1308 2671 1410 2711 arcam
1425 2654 1525 2711 cordis
1543 2653 1673 2711 hnmani
1696 2652 1780 2710 deor·

69 2739 222 2813 quoddam
237 2742 464 2799 decurrentium
479 2757 640 2814 aquarum.
658 2741 682 2797 1.
699 2741 793 2798 Video
808 2740 898 2814 plane
952 2761 1021 2801 sum
1035 2745 1108 2801 huic
1122 2745 1284 2802 tluctuanti
1299 2743 1364 2801 salo
1376 2743 1572 2811 insidentem,
1583 2744 1614 2797 et
1623 2740 1713 2814 quasi
1723 2755 1778 2813 gu·

70 2829 148 2886 nihil
159 2846 225 2887 esse
239 2831 359 2901 stabile,
376 2830 429 2887 sed
440 2831 546 2887 omnia
568 2831 612 2886 ire
635 2831 668 2886 in
690 2846 833 2903 praeceps.
858 2830 896 2886 D.
951 2835 1096 2890 bernator
1110 2833 1233 2904 dirigat,
1250 2838 1280 2890 et
1294 2832 1384 2906 quasi
1398 2827 1779 2902 anchorateneat,etquasl

69 2917 185 2975 Deinde
200 2919 300 2990 cogita
312 2923 465 2975 amatores
479 2918 688 2992 hujusmundi
704 2920 793 2991 quasi
808 2935 897 2993 quos·
952 2925 1061 2994 portus
1069 2920 1310 2994 excipiat.Video
1316 2919 1492 2992 itaquehaec
1499 2918 1558 2975 tria
1566 2917 1628 2974 111
1640 2917 1729 2991 quasi
1735 2914 1780 2972 di·

68 3007 138 3063 dam
155 3009 322 3079 naufragos
334 3009 389 3080 qui
403 3008 495 3065 mersi
503 3008 536 3064 in
551 3008 645 3081 hujus
658 3007 731 3064 salis
745 3007 898 3080 profundo
916 3010 1072 3091 Cluvium
1087 3009 1253 3082 quoddam,
1262 3009 1412 3065 mundum
1426 3009 1522 3064 istum
1534 3004 1676 3063 1111111
1691 3005 1781 3078 quasi

70 3095 212 3152 deorsum
226 3097 401 3168 rapiuntur.
427 3097 451 3153 Ι.
474 3097 561 3153 Nihil
583 3096 814 3153 convenientius
838 3096 899 3152 dici
953 3115 1055 3155 arcam
1073 3099 1251 3172 quamdam,
1267 3115 1318 3155 cor
1332 3099 1504 3155 humanum
1515 3097 1548 3152 in
1559 3109 1700 3168 supremo
1709 3109 1782 3167 qua·
1836 3156 1839 3161 ,

69 3187 179 3256 potest,
193 3183 322 3241 siesunt
336 3200 452 3256 omues,
469 3187 522 3258 qui
551 3184 730 3241 transitoria
753 3183 897 3257 diligunt,
953 3187 980 3243 si
995 3189 1231 3259 gubernatorem
1247 3188 1356 3246 Deum.
1373 3187 1468 3244 Porro
1482 3183 1631 3241 ercahaec
1645 3198 1707 3239 non
1731 3197 1778 3239 so·

67 3288 136 3328 cum
153 3272 325 3345 iis‚quibus
339 3273 493 3329 inhaerent
507 3274 695 3330 defluuntD.
705 3273 785 3329 Puto
795 3277 898 3329 autem
950 3276 1015 3333 lum
1040 3266 1187 3347 novitate,
1213 3277 1265 3334 sed
1285 3274 1500 3348 magnitudine
1522 3287 1646 3347 quoque
1666 3287 1716 3327 11
1739 3269 1779 3328 ad

67 3364 95 3416 te
109 3376 172 3417 non
185 3362 339 3434 ambigere
354 3363 429 3435 quin
442 3362 525 3435 apud
539 3363 638 3418 Deum
652 3361 731 3418 nihil
743 3365 897 3434 paetereat,
952 3369 1108 3438 stuporem
1123 3366 1246 3434 excitat,
1259 3381 1354 3437 quam
1369 3367 1464 3421 tanta
1475 3360 1693 3419 immensitatis
1714 3374 1780 3416 esse

69 3449 121 3505 sed
140 3451 244 3506 omnia
258 3451 446 3507 immutabili
466 3452 636 3508 aeternitate
660 3451 843 3508 subsistant.
870 3452 893 3508 I.
951 3453 1132 3526 censpiano,
1148 3457 1183 3510 ut
1197 3457 1227 3509 et
1241 3453 1382 3510 deorsum
1399 3450 1514 3508 fundus
1528 3450 1594 3523 eJus
1608 3448 1698 3523 aquis
1721 3449 1777 3507 hu·

67 3537 163 3595 Nemo
176 3540 282 3611 estqui
291 3540 438 3611 ambigat.
446 3540 491 3596 De
500 3541 704 3613 contemplare
718 3555 789 3612 ergo
797 3541 896 3596 Deum
947 3542 1000 3613 jus
1014 3542 1124 3598 diluvii
1137 3542 1281 3611 insideat,
1297 3545 1327 3597 et
1339 3554 1485 3597 cacumen
1496 3539 1563 3611 ejus
1578 3553 1701 3594 sursum
1727 3553 1777 3594 us·

67 3628 155 3698 quasi
172 3643 295 3683 sursum
310 3628 343 3684 in
357 3644 489 3699 summo,
506 3629 655 3684 mundum
682 3633 785 3684 autem
810 3629 893 3685 hunc
951 3645 1010 3702 que
1024 3629 1064 3685 ad
1078 3630 1176 3686 Deum
1190 3630 1356 3702 pertingat.
1372 3627 1486 3682 Verum
1498 3625 1564 3682 haec
1580 3625 1634 3697 qui
1649 3623 1689 3679 ad
1709 3639 1777 3697 pro·

67 3714 208 3772 deorsum
221 3716 254 3772 in
268 3716 340 3774 imo.
356 3716 448 3773 Illum
464 3717 496 3772 in
510 3716 616 3773 eodem
631 3732 751 3789 semper
775 3717 894 3773 aterni·
948 3717 1084 3788 positum
1096 3717 1194 3773 nostri
1207 3715 1356 3772 sermonis
1370 3711 1699 3787 pertineant,quamvis
1713 3711 1780 3768 sine

67 3805 141 3860 tatis
156 3820 219 3860 suae
234 3808 317 3861 statu
331 3806 507 3875 consistere,
521 3806 603 3862 hunc
617 3808 719 3862 autem
728 3820 820 3861 cursu
830 3821 894 3862 mu·
949 3820 1041 3860 eausa
1058 3808 1086 3860 te
1100 3820 1135 3860 ea
1146 3817 1399 3861 commemorasse
1409 3816 1471 3858 non
1481 3799 1634 3869 existimo,
1649 3797 1727 3855 scire
1736 3801 1778 3854 ta·

66 3890 228 3948 tabilitatis
239 3908 302 3949 suae
309 3910 427 3967 semper
434 3895 527 3951 tluere
535 3893 809 3967 etqueinstabilem
817 3909 893 3952 esse.
949 3909 1018 3950 men
1034 3893 1351 3967 pleniusconcupisco.
1366 3892 1403 3948 D.
1414 3888 1533 3947 Recolis
1552 3887 1628 3962 quid
1642 3887 1777 3961 primurn

67 3979 89 4034 I.
107 3979 272 4037 Manifesta
286 3998 333 4039 res
349 3987 405 4053 est,
419 3998 603 4057 prosequere
610 3983 778 4055 incoeptum
793 3985 892 4039 tuum.
949 3983 1005 4039 tibi
1019 3982 1203 4056 persuadere
1218 3978 1386 4054 coeperimi
1400 3980 1424 4036 Ι.
1440 3976 1777 4048 Reco103dixistienim

65 4068 101 4123 D.
118 4068 237 4125 Deinde
249 4071 407 4127 considera
420 4073 592 4128 humanum
608 4073 746 4128 animum
758 4073 847 4145 quasi
859 4073 892 4128 in
948 4071 1100 4128 mundum
1115 4072 1211 4128 istum
1226 4069 1407 4142 fugiendum
1422 4083 1498 4139 esse,
1513 4071 1543 4124 et
1561 4066 1645 4140 quod
1659 4082 1728 4140 spes
1744 4065 1778 4122 in

63 4157 196 4228 quodam
210 4158 311 4215 medio
326 4159 517 4230 collocatum,
527 4162 581 4232 qui
594 4160 728 4234 quadam
744 4160 892 4218 conditio·
948 4175 983 4217 eo
995 4160 1139 4217 habenda
1153 4175 1215 4216 111
1229 4154 1777 4231 sitProptereaquodnihilomnium,

64 4244 112 4300 nis
139 4261 203 4302 suae
230 4247 420 4319 excellentia,
446 4253 476 4305 et
493 4250 575 4321 huic,
592 4265 661 4322 quae
675 4249 818 4306 deorsum
834 4253 891 4319 111,
947 4264 1016 4319 quae
1026 4249 1059 4305 in
1072 4264 1107 4305 eo
1123 4251 1207 4318 sunt,
1221 4247 1273 4303 diu
1288 4246 1456 4302 subsistere
1468 4260 1504 4300 ec
1516 4258 1695 4317 permanere
1705 4258 1774 4315 pos·

64 4334 266 4391 mutabilitati
281 4337 500 4408 supereminet,
516 4342 546 4394 et
561 4338 600 4393 ad
613 4337 709 4407 illam,
726 4353 795 4410 quae
823 4353 889 4393 sur·
903 4374 932 4431 D
948 4337 999 4392 sit.
1016 4336 1104 4402 Quod
1116 4352 1186 4393 cum
1199 4335 1365 4391 manifesta
1379 4335 1409 4389 et
1421 4330 1626 4402 irrefragabili
1647 4329 1777 4386 veritate

63 4436 129 4477 sum
145 4427 192 4478 est
207 4424 290 4495 apud
304 4425 403 4480 Deum
418 4441 536 4496 verum,
550 4425 800 4482 immubilitatem
820 4441 887 4482 nec·
946 4425 1023 4481 mihi
1038 4425 1279 4497 comprobasses,
1292 4438 1338 4479 coe
1358 4422 1440 4493 iege
1461 4435 1583 4493 quoque
1606 4419 1664 4476 hoc
1686 4418 1776 4476 vehe-

64 4510 134 4565 dum
150 4512 315 4583 pertingat.
333 4513 356 4568 Ι.
373 4512 576 4583 Pulchram,
593 4518 623 4571 et
638 4514 806 4571 admodum
826 4514 890 4587 pla·
946 4516 1066 4569 menter
1078 4513 1165 4582 velle,
1183 4516 1213 4568 et
1225 4528 1318 4585 quom
1360 4527 1378 4568 1
1402 4510 1476 4567 hinc
1497 4509 1677 4581 fugiendum
1698 4511 1778 4566 esset

63 4602 107 4653 cet
138 4598 300 4672 dispositio
328 4601 398 4658 ista.
428 4603 465 4658 D.
488 4603 520 4658 Si
547 4607 651 4659 eutem
675 4604 799 4660 animus
831 4604 891 4674 his,
947 4601 1033 4658 nulla
1046 4602 1133 4673 potui
1146 4602 1266 4657 ratione
1278 4600 1426 4657 invenire.
1453 4597 1571 4657 Deinde
1586 4602 1620 4655 tu
1635 4597 1777 4672 quadam

63 4700 129 4756 111
163 4686 305 4745 deorsum
343 4694 517 4760 transeunt,
544 4707 576 4747 se
608 4707 664 4763 per
692 4692 892 4765 cupiditatem
946 4691 1090 4746 inducere
1104 4690 1233 4762 coepisti,
1250 4691 1354 4744 utrum
1370 4688 1409 4744 ad
1424 4686 1698 4744 demonstrandum
1720 4686 1778 4743 hoc

62 4773 254 4847 immerserit,
271 4779 375 4834 statim
392 4795 445 4852 per
459 4780 597 4837 infinitas
616 4780 830 4837 distractiones
845 4796 891 4836 ra·
947 4777 1060 4848 nescio,
1073 4778 1128 4834 ubi
1143 4777 1340 4834 distinctione
1353 4775 1488 4849 quadam
1509 4774 1638 4848 pulchra
1649 4775 1725 4832 satis
1748 4777 1779 4832 et

61 4862 154 4933 pitur,
170 4867 409 4941 etasemetipso
425 4868 649 4940 quodammodo
665 4868 785 4925 divisus
803 4868 891 4924 dissi·
947 4867 1112 4922 artificiosa
1126 4863 1279 4922 mundum
1291 4865 1374 4921 hunc
1388 4863 1477 4936 quasi
1501 4862 1655 4920 diluvium
1680 4864 1777 4936 quod·

60 4955 161 5022 patur.
177 4952 202 5009 1.
220 4954 372 5029 Perquam
385 4957 556 5029 periculosa
572 4961 618 5012 est
639 4957 700 5013 ista
721 4957 889 5013 distractio.
946 4953 1017 5009 dam
1029 4955 1142 5024 inimo,
1153 4954 1384 5010 corhumanum
1395 4952 1485 5025 quasi
1498 4967 1599 5009 arcam
1611 4952 1778 5025 quamdam

59 5039 98 5095 At
112 5041 189 5097 scire
204 5041 297 5100 velim
313 5048 418 5101 utrum
434 5042 892 5119 quisquamitalatedispersus
944 5042 1100 5111 inmedio,
1116 5043 1215 5099 Deum
1228 5057 1300 5098 vero
1316 5041 1406 5114 quasi
1428 5040 1665 5113 gubernatorem
1688 5057 1774 5099 cous·

60 5141 166 5184 rursus
179 5130 281 5203 colligi
296 5134 404 5205 possit.
422 5134 459 5189 D.
475 5133 580 5189 Potest
595 5133 721 5189 omnino
736 5132 762 5188 si
777 5148 809 5188 se
832 5133 889 5189 ite·
946 5131 1058 5188 tituisti
1073 5130 1107 5187 11
1120 5146 1272 5204 supremo.
1288 5129 1327 5187 D.
1343 5130 1483 5187 Proiecto
1503 5131 1569 5188 haec
1588 5128 1700 5186 idcirco
1722 5129 1774 5185 ad·

59 5229 125 5271 rum
141 5219 283 5289 erexerit,
297 5225 326 5275 et
341 5221 406 5277 haec
420 5221 527 5277 intima
537 5220 705 5290 excutiens,
720 5236 829 5277 rursus
844 5236 890 5277 es·
945 5219 1068 5290 duxi,ut
1080 5219 1138 5275 tibi
1148 5218 1336 5293 periclitanti
1347 5220 1429 5277 viam
1444 5220 1553 5277 salutis
1568 5217 1770 5287 ostenderem,

58 5316 88 5358 se
104 5319 208 5362 secum
223 5305 372 5378 didicerit.
390 5309 491 5365 Tanto
505 5308 637 5381 denique
652 5308 785 5382 amplius
806 5310 891 5382 quis·
945 5311 975 5364 11
990 5308 1081 5382 quasi
1094 5324 1166 5366 vere
1178 5310 1329 5382 naufrago
1342 5308 1392 5366 vel
1405 5309 1439 5365 in
1453 5309 1569 5365 diluvio
1585 5321 1697 5374 arcam,
1724 5304 1773 5362 vel

57 5407 115 5464 que
130 5394 235 5450 animo
250 5396 284 5451 in
297 5411 394 5453 unum
407 5396 570 5468 colligitur,
587 5401 703 5468 quanto
718 5398 816 5470 magis
826 5399 890 5455 ima
943 5399 976 5455 iu
989 5398 1067 5454 mari
1082 5413 1192 5454 navem
1206 5412 1420 5471 praepararem.
1438 5399 1515 5455 Cum
1530 5396 1611 5452 enim
1626 5393 1659 5449 in
1674 5392 1775 5449 medio

56 5480 199 5538 deserens
212 5485 397 5555 cogitatione
406 5489 435 5540 et
443 5483 594 5540 desiderio
607 5501 730 5541 sursum
742 5485 889 5557 elevatur,
943 5487 1122 5543 fluctuantis
1137 5486 1231 5558 hujus
1245 5486 1302 5542 sali
1313 5486 1466 5559 profundo
1478 5482 1771 5559 jacteris‚quomodo

56 5569 152 5626 donec
167 5572 290 5628 tandem
307 5575 432 5629 omnino
453 5573 658 5629 immutabilis
683 5574 733 5644 sit,
759 5590 828 5630 cum
851 5576 891 5632 ad
942 5578 1034 5648 putas
1049 5578 1103 5632 aut
1117 5574 1286 5648 periculum
1300 5576 1437 5644 evadere,
1454 5579 1508 5630 aut
1521 5573 1559 5629 ad
1572 5576 1696 5645 portum
1710 5586 1774 5644 per·

53 5656 140 5714 illam
157 5666 304 5730 unam,et
320 5678 472 5718 summam
491 5660 773 5719 immutabilitatem
783 5679 888 5736 perve·
941 5666 1088 5737 perpetuo
1128 5664 1195 5719 sine
1232 5663 1316 5719 1111
1352 5661 1615 5718 immutabilitatis
1659 5661 1765 5718 venire

53 5746 146 5805 uerit.
158 5747 307 5807 Ascendit
318 5766 389 5823 ergo
403 5752 576 5808 animusab
589 5751 648 5809 hac
669 5750 795 5809 infinita
821 5751 885 5811 dis·
941 5752 1066 5826 poteris,
1093 5752 1155 5809 nisi
1181 5750 1275 5827 hujus
1295 5750 1445 5809 sunum
1466 5749 1785 5823 1111111111-
