3742 6082
81 205 132 265 325
577 203 631 260 DE
649 201 937 262 SACRAMENTIS.
959 202 1068 262 LIBRI
1086 202 1101 260 I
1118 203 1224 277 ¹PARS
1242 203 1295 263 IX.
1732 205 1787 266 8ae

83 327 185 397 (ioan.
202 327 262 398 111.)
278 327 318 384 Et
332 343 387 400 ego
402 331 432 385 te
447 329 602 399 interrogo
627 329 779 400 quomodo
792 328 904 385 intelli·
920 327 947 382 A
961 331 996 384 ut
1010 330 1108 385 curati
1122 333 1152 386 61
1166 330 1315 387 sanatiad
1324 335 1479 405 perpetuat
1493 333 1565 390 vitae
1579 335 1786 407 repromissio·

81 416 212 487 gendum
227 421 319 490 putas
334 417 417 490 quod
431 419 579 490 scriptum
595 422 650 474 est:
666 422 726 480 Qut
741 421 845 475 credit
868 421 904 473 16
959 432 1028 472 6616
1045 419 1218 490 portingere
1231 421 1394 492 possimus.
1407 421 1611 494 Quaequidem
1620 424 1685 479 vita
1697 425 1786 495 quin·

82 512 281 562 mamertem
298 522 362 561 non
392 508 512 562 videbit
533 511 568 562 in
584 507 772 564 aeternum?
798 510 902 579 (Joon.
959 506 1056 562 decim
1079 523 1231 564 annorum
1256 524 1383 565 numero
1409 511 1602 581 6166616661,
1621 527 1690 585 quae
1706 513 1782 568 6116

81 595 134 666 11.)
150 595 198 650 Tu
210 595 286 652 dicis
297 596 380 669 quod
393 598 601 670 quinonsacit
613 598 670 655 hoo
680 614 742 653 non
756 597 904 666 salvatur,
959 598 1102 668 prasenti
1114 613 1168 669 per
1182 598 1318 669 requiem
1333 599 1444 654 mentis
1464 601 1634 673 septenerio
1660 601 1783 658 inchoa·

80 689 108 741 et
121 685 257 756 agodico
269 686 351 758 quod
365 688 420 760 qui
430 688 487 743 hoo
496 688 570 742 iacit
580 703 642 743 non
653 687 905 752 damnatur.0uis
959 687 1020 753 tur,
1033 688 1063 739 et
1076 686 1108 740 in
1123 686 1228 742 futuro
1243 702 1296 759 per
1314 688 1534 744 mortalitatem
1547 691 1649 746 carnis
1664 694 1785 747 octona·

80 790 148 845 ergo
163 775 224 830 erit
238 775 359 832 medius
371 763 759 849 locusejusmodihomines
771 778 904 848 capiens,
958 772 1003 827 rio
1018 774 1182 844 perficitur.
1198 775 1270 840 Quae
1286 780 1389 832 tamen
1410 776 1562 832 medicina
1577 783 1729 851 quantum
1744 779 1783 836 ad

80 878 132 919 nec
147 863 315 922 salvandos
330 868 404 939 quia
419 882 531 938 aquam
547 882 608 922 non
623 867 807 936 habent,nec
821 866 904 921 dam·
959 878 1046 917 suam
1070 868 1213 919 naturam
1235 869 1360 937 spectat,
1377 882 1488 936 augere
1511 869 1653 924 morbum
1675 869 1786 926 habuit

79 953 199 1009 nandos
216 955 291 1026 quia
304 955 394 1011 fidem
409 953 546 1011 habent?
569 956 624 1012 1161
639 956 730 1011 homo
745 956 798 1027 qni
813 955 906 1011 habet
958 966 1021 1007 non
1036 967 1169 1022 currare,
1185 954 1259 1024 quia
1274 957 1393 1009 terrena
1404 957 1508 1011 omnia
1523 957 1688 1028 (quantum
1701 959 1740 1013 ad
1753 959 1786 1015 il·

79 1041 214 1113 fidem,et
229 1060 299 1100 cum
313 1045 372 1101 fids
384 1045 587 1117 dilectionem,
600 1062 712 1119 aquam
728 1061 790 1102 non
801 1044 904 1114 habet;
958 1040 1058 1096 lorum
1073 1041 1252 1113 qualitatem
1269 1046 1299 1097 et
1314 1047 1450 1099 nostram
1463 1044 1672 1102 infirmitatem
1693 1048 1783 1119 perti·

79 1146 138 1188 non
155 1137 260 1189 161666
277 1135 660 1206 aquamcontemnens,sed
673 1134 905 1208 aquamhabere
959 1128 1021 1200 661)
1038 1131 1265 1202 corruptionem
1290 1132 1464 1188 animarum
1482 1135 1603 1206 operari
1620 1135 1718 1191 solent
1732 1152 1784 1209 po·

78 1221 185 1277 volens
192 1226 290 1278 61666
305 1223 420 1280 valens.
433 1225 688 1297 Huncergoaqua
700 1224 811 1280 absens
825 1224 906 1279 dam·
958 1220 1021 1275 tius
1036 1237 1129 1292 quam
1145 1222 1343 1277 curationem.
1354 1223 1486 1294 Perquae
1500 1226 1604 1279 tamen
1621 1224 1704 1280 Deus
1714 1241 1784 1281 cum

77 1310 210 1380 nabit,et
225 1327 287 1366 non
301 1313 405 1384 potius
419 1313 531 1369 fideset
541 1312 906 1386 devotioprsesenssalva-
958 1314 1096 1366 nostram
1108 1312 1271 1367 sanitatem
1286 1313 1491 1384 perficit,quid
1510 1313 1594 1369 alind
1609 1330 1702 1386 quam
1719 1330 1782 1372 666

77 1397 147 1455 biti
158 1399 241 1466 Quid
255 1416 336 1472 ergo,
350 1402 436 1471 dicis,
452 1403 529 1458 mihi
545 1406 591 1458 est
605 1418 677 1459 cum
691 1399 906 1459 sacramentis?
958 1400 1083 1462 61116116
1097 1401 1266 1472 6616611661
1281 1401 1436 1457 evidenter
1445 1403 1579 1458 ostendit
1592 1418 1600 1471 3
1613 1418 1683 1459 cum
1697 1403 1731 1461 16
1741 1419 1786 1460 eo

77 1488 209 1544 Habebo
223 1489 313 1545 fidem
328 1494 357 1546 et
371 1490 565 1547 dilectionem
580 1497 610 1547 et
622 1493 753 1548 virtutes
767 1493 844 1548 61166
853 1508 861 1561 ;
874 1494 904 1547 61
959 1487 1027 1543 (1661
1042 1493 1181 1545 66611661
1197 1493 1340 1562 61666161
1355 1491 1523 1548 remedium
1542 1509 1561 1547 a
1575 1508 1635 1564 quo
1655 1493 1783 1549 infirmi·

77 1579 179 1634 bonus
192 1594 254 1649 ero,
267 1582 297 1634 et
310 1579 538 1652 sufficietmihi.
553 1581 628 1637 Vide
641 1597 712 1652 ergo
725 1582 750 1637 si
766 1581 903 1637 delectio·
959 1578 1033 1633 tatis
1047 1581 1077 1633 61
1088 1580 1294 1651 661166116616
1307 1581 1458 1635 traximus
1471 1579 1634 1637 morbum?
1649 1582 1717 1639 Non
1731 1583 1786 1638 ita·

77 1682 147 1723 nem
161 1667 221 1723 Dei
233 1668 344 1724 habere
359 1672 456 1741 potes,
472 1672 502 1724 et
516 1674 667 1742 praecepta
691 1671 757 1742 eJus
771 1673 904 1726 contem·
920 1681 946 1737 Β
960 1682 1019 1738 que
1033 1668 1103 1723 istis
1117 1669 1385 1741 ascribetur,quod
1399 1684 1453 1741 per
1466 1670 1527 1725 ista
1539 1671 1628 1726 nobis
1643 1671 1786 1727 adminis·

77 1754 174 1812 nere?
202 1755 234 1812 Si
250 1772 320 1828 ergo
334 1757 528 1814 dilectionem
541 1759 597 1815 Dei
622 1759 728 1828 habes,
742 1759 840 1829 stude,
858 1774 903 1815 66-
959 1758 1070 1825 tratur,
1084 1757 1219 1828 nequein
1234 1757 1296 1813 illis
1306 1758 1458 1814 visibilem
1469 1760 1514 1814 ita
1528 1775 1784 1833 veneramurspe·

77 1851 156 1917 tage,
172 1862 295 1917 conare,
311 1854 462 1920 quantum
489 1854 574 1922 potes
603 1851 743 1921 perficere
758 1849 905 1905 mandata
959 1845 1044 1914 ciem,
1060 1849 1090 1900 et
1103 1847 1290 1903 invisibilem
1303 1847 1346 1903 eis
1365 1848 1513 1920 subjicere
1540 1850 1700 1913 veritatem
1714 1866 1783 1907 con·

77 1935 153 2006 ejus,
165 1936 232 1991 etsi
243 1935 353 1991 incidis
362 1936 395 1992 in
409 1937 901 2010 necessitatem,qusercpietatem.
957 1935 1126 1990 vincamur.
1140 1934 1205 1992 Hac
1220 1936 1462 1992 consideratione
1482 1937 1644 2008 diligenter
1663 1940 1784 1996 intuen-

76 2023 106 2079 Si
118 2024 203 2079 enim
233 2026 399 2082 necessitas
424 2041 485 2082 non
512 2030 558 2082 est
587 2042 656 2097 quae
684 2026 901 2098 praetendatur:
958 2023 1041 2078 tibus
1056 2023 1256 2079 manifestum
1279 2024 1324 2093 fit,
1345 2028 1496 2096 quantum
1522 2025 1571 2081 661
1590 2026 1635 2082 illi
1654 2027 1785 2084 debeant

77 2111 270 2184 contemplus
285 2129 346 2169 non
362 2114 614 2170 excusaturvide
627 2130 698 2185 ergo
713 2113 795 2187 quod
809 2129 905 2170 sacra·
958 2111 1040 2183 quod
1052 2111 1127 2167 ioris
1138 2112 1171 2167 in
1187 2114 1286 2184 specie
1311 2117 1493 2170 sacramenti
1514 2116 1676 2172 visibiliter
1689 2117 1783 2173 cerni·

76 2204 180 2256 menta
193 2201 251 2257 Dei
267 2203 425 2259 medicinae
440 2207 514 2259 sunt
540 2205 693 2276 spiritales
708 2221 717 2274 ;
747 2220 815 2276 (6661
829 2204 904 2259 16116
958 2203 1018 2268 tur,
1034 2200 1141 2256 velilli
1158 2200 1240 2272 quod
1253 2202 1286 2256 in
1298 2203 1412 2257 virtute
1435 2205 1618 2260 sacramenti
1640 2206 1725 2262 intus
1738 2206 1784 2262 in·

76 2290 257 2363 corporibus
285 2291 472 2348 adhibentur
490 2309 544 2366 per
558 2293 711 2349 visibilem
739 2294 902 2365 specimen,
956 2289 1121 2346 visibiliter
1134 2294 1286 2362 operatur.
1296 2291 1335 2346 Et
1349 2291 1414 2347 haec
1428 2292 1552 2363 quidem
1567 2295 1671 2349 omnia
1682 2293 1786 2350 adhoc

76 2379 127 2435 sed
138 2380 228 2435 intus
236 2381 356 2436 animas
365 2386 537 2454 sanantper
547 2382 734 2438 invisibilem
744 2383 900 2438 virtutem.
958 2383 1097 2450 spectant
1115 2378 1198 2451 quod
1222 2380 1413 2452 propositum
1441 2384 1507 2436 6161
1524 2382 1785 2455 investigandum,

75 2466 212 2532 Quorum
240 2469 364 2541 quidem
393 2472 549 2528 institutio
578 2475 730 2543 quantum
747 2471 901 2545 adpraeci·
957 2485 1053 2541 quare
1073 2469 1214 2525 videlicet
1227 2470 1373 2525 instituta
1385 2471 1448 2525 sint
1462 2476 1663 2528 sacramenta.

74 2557 211 2629 pienten,
227 2557 466 2631 dispensationis
479 2564 535 2630 661,
551 2562 704 2633 susceptio
716 2575 788 2616 vero
805 2576 901 2632 quan·

75 2650 140 2702 tum
156 2646 198 2701 ad
211 2647 403 2704 obedientem
416 2649 674 2706 necessitatisvis
688 2650 764 2704 scire
777 2649 860 2721 quod
869 2650 902 2705 in
1034 2650 1107 2708 car.
1124 2649 1175 2706 Vl.
1194 2653 1234 2706 De
1250 2654 1393 2707 materia
1407 2658 1702 2709 samcmentorum.

76 2737 143 2792 istis
166 2735 346 2792 visibilibus
360 2738 518 2809 speciebus
540 2739 578 2794 ad
604 2738 754 2795 curandos
780 2739 903 2794 morbos

76 2824 225 2899 spiritalis
241 2826 408 2882 remedium
424 2827 506 2882 Deus
529 2843 591 2883 666
613 2828 717 2896 666111,
734 2827 786 2883 sed
803 2827 902 2883 solum
994 2827 1100 2884 Restat
1114 2842 1197 2883 nunc
1211 2828 1383 2900 tertiapars
1395 2827 1432 2883 de
1446 2832 1580 2899 quatuor
1594 2844 1781 2902 (166661666-

77 2919 304 2971 sacramentum
315 2915 489 2972 constituit?
503 2918 613 2990 Accipe
628 2920 853 2973 sacramentum
866 2918 903 2974 (16
958 2916 1363 2986 sitaiuerant,discutienda.
1377 2916 1413 2972 In
1421 2915 1533 2988 triplici
1544 2918 1672 2972 materia
1680 2918 1785 2973 omnia

77 3009 278 3061 sacramente.
293 3005 465 3075 AEgrotavit
479 3006 624 3061 Ezechias
639 3010 668 3062 et
679 3007 794 3064 missus
809 3006 903 3063 estad
921 3005 1062 3093 Gdivina
1086 3008 1278 3060 sacramenta
1298 3006 1511 3075 conficiuntur,
1539 3005 1653 3060 scilicet
1674 3009 1727 3061 aut
1750 3007 1784 3060 in

77 3110 144 3149 sum
156 3094 258 3149 isaias
271 3095 430 3166 propheta,
446 3096 500 3167 qui
512 3096 538 3151 ei
550 3098 679 3151 mortem
690 3095 902 3151 imminentem
957 3095 1059 3163 rebus,
1075 3094 1175 3149 autin
1190 3094 1404 3162 iactis,autin
1420 3094 1531 3151 verbis.
1544 3094 1623 3160 Quia
1635 3095 1718 3150 enim
1738 3097 1782 3150 to·
1846 3127 1849 3132 -

75 3183 332 3256 praediceret.Qno
344 3185 573 3240 auditoterrore
586 3188 616 3240 61
630 3184 733 3241 (161616
746 3199 904 3256 compnnc-
958 3188 1008 3240 tus
1031 3183 1123 3239 horno
1148 3187 1309 3255 corruptus
1328 3187 1403 3253 erat,
1424 3187 1524 3240 totum
1547 3184 1630 3256 quod
1649 3183 1784 3241 hominis

76 3279 134 3344 tus,
150 3274 307 3346 lacrymas
321 3290 390 3330 cum
405 3290 492 3347 prece
506 3275 587 3330 fudit
609 3277 639 3329 et
664 3274 903 3329 misericordiam
958 3273 1033 3328 foris
1050 3276 1115 3328 erat
1139 3271 1178 3327 ad
1201 3276 1427 3328 sacramentum
1449 3272 1632 3329 sumendum
1654 3277 1729 3344 erat,
1750 3279 1785 3328 nt

74 3364 263 3437 impetravit.
281 3363 461 3420 Remittitnr
482 3364 628 3419 continuo
641 3363 749 3432 isaias,
767 3366 803 3418 ut
814 3364 902 3435 quin·
958 3365 1056 3418 totum
1069 3363 1102 3417 in
1117 3365 1307 3418 sacramento
1321 3362 1396 3417 ioris
1410 3361 1625 3432 sanctificetur,
1638 3364 1784 3419 61161616

74 3453 171 3510 decim
187 3468 288 3508 annos
305 3454 377 3509 vitae
391 3452 475 3508 illius
490 3453 676 3524 adjiciendos
691 3451 865 3520 annuntiet,
875 3454 904 3507 et
957 3452 1057 3507 virtus
1072 3451 1255 3506 sacramenti
1270 3452 1355 3506 intus
1376 3450 1543 3507 remedium
1559 3456 1709 3523 operetur.
1724 3451 1785 3508 lta·

75 3542 110 3597 ad
122 3543 275 3597 virtutem
286 3541 419 3613 amplius
434 3541 617 3596 sacramenti
629 3539 903 3596 commendandam
959 3555 1018 3610 que
1029 3540 1062 3595 in
1076 3539 1166 3595 rebus
1182 3543 1373 3595 sacramenta
1397 3539 1614 3594 sanctificanda
1629 3543 1726 3594 erant.
1744 3539 1785 3596 Ut

75 3631 196 3686 vulneri
209 3630 276 3702 ejus
292 3629 426 3685 curando
441 3645 553 3685 novam
575 3644 655 3685 novo
677 3630 767 3684 modo
782 3628 903 3684 medici·
958 3628 1200 3684 sanctificaretur
1213 3629 1347 3684 hominis
1362 3629 1501 3697 materia,
1517 3628 1550 3681 in
1563 3628 1653 3683 iactis
1667 3631 1703 3683 ut
1715 3642 1784 3699 ope·

75 3735 145 3775 nam
161 3722 323 3792 praeparet.
338 3719 488 3791 Apposita
514 3722 560 3774 est
588 3718 740 3773 medicina
767 3717 852 3785 foris,
869 3719 904 3771 ut
957 3734 1001 3785 ra,
1017 3718 1049 3772 16
1064 3716 1154 3772 (116116
1169 3722 1203 3772 61
1214 3716 1318 3785 verba,
1332 3719 1367 3771 ut
1380 3720 1479 3771 totum
1489 3714 1630 3771 videlicet
1643 3720 1784 3771 sanctum

76 3809 174 3864 virtus
183 3807 304 3864 occulta
312 3808 398 3862 intus
408 3809 587 3879 operaretur
597 3810 626 3862 et
638 3822 700 3861 non
710 3808 776 3861 erat
787 3807 904 3860 sanitas
958 3807 1008 3876 sit,
1023 3808 1052 3861 et
1068 3804 1149 3877 quod
1164 3805 1254 3860 homo
1267 3808 1323 3872 est,
1340 3807 1369 3859 et
1385 3803 1467 3875 quod
1482 3803 1625 3859 hominis.
1643 3804 1678 3860 In
1692 3805 1785 3860 rebus

76 3913 109 3953 cx
123 3897 291 3966 medicina,
307 3897 455 3969 quoniam
471 3896 638 3952 secundum
653 3912 685 3951 se
696 3895 850 3951 contrarie
862 3910 905 3950 sa·
958 3895 1370 3961 coniiciuntursacramenta,
1379 3892 1458 3948 61661
1467 3892 1795 3961 61(1611661666161666-Ι

77 3988 164 4043 nitati
194 3989 262 4042 erat
287 3987 448 4055 medicina,
477 3989 513 4041 ut
537 3990 640 4058 aperte
670 3986 903 4053 monstraretur,
958 3987 1025 4040 tum
1039 3983 1185 4055 baptismi
1198 3983 1230 4038 in
1245 3997 1336 4054 aqna,
1351 3985 1576 4037 sacramentum
1588 3982 1786 4038 unctionisin

76 4077 224 4149 qnoniam
238 4091 276 4131 ex
289 4073 420 4130 1116666
446 4078 511 4129 6161
539 4074 622 4146 quod
641 4089 694 4146 per
720 4072 805 4128 illam
828 4074 902 4127 erat.
958 4074 1023 4130 oleo
1039 4076 1265 4128 sacramentum
1278 4072 1414 4144 corporis
1433 4074 1463 4126 et
1485 4071 1646 4143 sanguinis
1669 4070 1784 4129 Christi

75 4163 223 4238 llagnum
238 4164 276 4219 de
290 4163 490 4219 sacramentis
507 4165 734 4218 sacramentum
750 4176 902 4217 commen·
957 4165 990 4220 in
1005 4179 1084 4236 pane
1098 4166 1129 4218 et
1142 4163 1226 4232 vino,
1238 4165 1267 4217 et
1278 4176 1469 4233 quaecunque
1481 4165 1554 4217 sunt
1564 4160 1631 4217 aliea
1646 4177 1784 4234 corpora·

75 4255 177 4310 datum
194 4256 252 4310 est.
268 4253 358 4324 AEger
373 4256 419 4308 est
434 4267 531 4324 genus
546 4252 729 4320 humanum,
747 4250 829 4323 quod
842 4250 905 4305 lan·
957 4253 1002 4309 les
1017 4253 1171 4324 speciesin
1185 4251 1299 4323 quibus
1310 4253 1501 4306 sacramenta
1513 4249 1789 4305 divinaconiiciun·

76 4346 143 4414 6661
158 4346 189 4398 61
200 4343 289 4397 16166
299 4357 353 4413 661
366 4342 573 4414 iniquitatem,
589 4344 619 4396 et
634 4341 709 4396 ioris
724 4342 940 4415 6611661166)
954 4355 1017 4410 tur.
1034 4343 1069 4397 ln
1083 4341 1172 4396 iactis
1187 4341 1279 4396 etiam
1296 4343 1485 4395 sacramenta
1493 4339 1703 4408 inveniantur,
1717 4354 1787 4411 que·

75 4431 199 4487 litatem.
217 4429 266 4486 Ad
280 4445 372 4502 quem
387 4446 485 4486 sermo
500 4430 697 4503 propheticus
709 4428 855 4497 mittitur,
865 4431 900 4482 ut
955 4431 1151 4487 madmodum
1167 4428 1307 4485 videlicet
1320 4444 1389 4485 cum
1405 4430 1529 4499 signum
1550 4427 1648 4484 crucis
1662 4427 1712 4483 661
1725 4443 1783 4500 616

76 4521 98 4576 ei
112 4536 198 4577 mors
221 4519 392 4574 smminens
410 4534 472 4576 non
494 4519 593 4575 solum
623 4533 766 4591 praesens‚
790 4517 842 4573 sed
871 4520 901 4572 et
959 4520 1130 4577 munimine
1139 4523 1245 4574 contra
1255 4519 1399 4574 adversas
1409 4520 1576 4590 potestates
1586 4520 1785 4589 opponentes,

77 4608 179 4665 futura
204 4608 419 4663 annuntietur.
437 4608 495 4673 Qui
524 4611 679 4663 terrentur
708 4606 903 4675 confitentur,
959 4611 1069 4682 velpro
1083 4608 1322 4664 sanctificatione
1332 4607 1568 4679 quibuscunque
1579 4605 1787 4662 rcbussanoti-

77 4698 196 4770 plorant
214 4699 244 4752 61
259 4699 392 4765 6166161
406 4697 647 4752 misericordiam
661 4697 839 4768 impetrant.
853 4695 906 4751 Re·
959 4699 1086 4754 ficandis
1101 4698 1311 4770 imprimentes
1326 4696 1467 4763 iacimus,
1484 4693 1532 4749 vel
1547 4709 1616 4749 cum
1632 4695 1723 4750 etiam
1735 4710 1784 4750 ex·

79 4787 212 4842 mittitur
227 4800 327 4841 serino
343 4785 538 4857 propheticus
563 4785 616 4856 qui
630 4800 686 4839 666
703 4784 740 4839 (16
757 4783 905 4853 longioris
959 4788 1064 4859 pansis
1079 4786 1223 4841 manibus
1236 4786 1300 4840 6166
1314 4783 1440 4840 61666116
1452 4783 1484 4838 16
1501 4783 1649 4852 61611666,
1662 4783 1787 4839 1661166-

30 4889 35 4899 ·
79 4877 144 4931 vitae
159 4875 262 4948 spatio
276 4873 397 4929 indulto
413 4877 509 4929 certos
518 4873 635 4929 efficiat.
644 4873 722 4938 Quia
730 4873 834 4928 eadem
849 4887 905 4926 nos
959 4876 1041 4930 tione
1065 4875 1129 4930 sive
1153 4874 1312 4942 erectione,
1328 4873 1391 4929 sive
1415 4873 1623 4943 conversione,
1639 4873 1703 4929 sive
1725 4871 1785 4929 6116

78 4963 436 5038 scripturaaeterneevitse
451 4961 905 5036 promissioneconsolaturpoe·
959 4978 1142 5036 quocunque
1161 4964 1248 5034 gestu
1264 4961 1311 5017 vel
1326 4966 1422 5032 motu,
1436 4962 1485 5018 vel
1504 4966 1585 5032 actu,
1602 4978 1721 5018 sacrum
1736 4961 1787 5018 ali·

77 5055 208 5110 nitentes
224 5067 294 5125 quae
307 5052 344 5108 de
355 5055 508 5124 perpetuae
521 5052 630 5106 mortis
643 5050 840 5104 damnatione
851 5054 906 5104 ter·
959 5053 1034 5125 quid
1049 5058 1079 5107 61
1093 5067 1185 5107 sacrae
1201 5051 1244 5106 rei
1269 5051 1392 5121 signum
1416 5053 1615 5125 expriminus.
1633 5051 1670 5106 In
1695 5050 1786 5106 dictis

77 5147 117 5199 ret
129 5144 165 5199 in
182 5146 309 5216 peccato
327 5142 534 5215 persistentes.
558 5140 733 5211 Apponitur
754 5138 905 5193 medicina
959 5145 1184 5196 sacramentum
1199 5142 1366 5216 invenitur,
1376 5142 1634 5214 quemadmodum
1648 5144 1693 5196 est
1702 5140 1785 5194 invo

77 5231 221 5288 curandis
239 5230 394 5286 ulceribus
408 5230 533 5299 nostrie,
550 5244 618 5300 quae
629 5242 698 5282 cum
715 5242 752 5282 ex
769 5227 816 5282 sui
830 5240 903 5299 qua·
960 5231 1039 5287 catio
1054 5230 1262 5299 Trinitatis,et
1275 5234 1385 5286 caetera
1398 5231 1785 5304 hujusmodi,quotiescun·

76 5318 158 5377 litate
171 5320 281 5376 morbo
294 5319 449 5375 contraria
471 5317 644 5374 ostenditur
660 5333 669 5386 3
691 5316 724 5371 in
748 5317 904 5371 curatione
959 5335 1019 5392 que
1034 5334 1102 5374 curn
1116 5320 1278 5375 verborum
1293 5319 1463 5391 prolatione
1479 5335 1599 5376 sacrum
1621 5315 1738 5390 aliquid
1752 5317 1783 5370 et

76 5411 180 5482 egroti
203 5424 266 5464 non
290 5408 461 5478 medicina,
487 5408 539 5464 sed
554 5406 704 5461 medentis
725 5405 823 5460 virtus
843 5405 903 5459 evi·
959 5412 1183 5464 sacramentum
1195 5409 1397 5480 exprimimus
1411 5412 1440 5463 et
1454 5408 1670 5479 significamus.
1687 5405 1782 5461 Porro

76 5498 254 5555 dentissime
277 5497 459 5553 declaratur.
483 5498 552 5569 1666
567 5496 730 5563 medicina,
746 5510 813 5566 1666
832 5497 904 5549 6661
959 5499 1113 5554 sciendum
1130 5500 1176 5552 661
1191 5497 1355 5568 quodcum
1379 5496 1428 5551 his
1445 5496 1543 5550 tribus
1567 5493 1780 5549 6611666616-

76 5589 350 5658 sacramenta,quae
362 5586 433 5640 dum
447 5585 522 5641 ioris
536 5585 624 5641 nobis
635 5601 688 5656 per
697 5584 904 5639 ministrossa-
959 5591 1062 5643 menta
1076 5587 1296 5653 conficiantur3
1310 5585 1361 5639 illa
1378 5578 1480 5639 tamen
1504 5584 1601 5652 magis
1615 5585 1737 5656 proprie
1752 5588 1781 5640 et

76 5693 129 5733 6166
142 5676 387 5748 (11666666116616
409 5676 605 5748 corporaliter
626 5676 822 5744 adhibentur,
837 5674 903 5730 vul·
959 5675 1144 5748 pricipaliter
1156 5676 1346 5729 sacramenta
1360 5672 1504 5726 dicuntur
1516 5670 1549 5724 in
1559 5671 1673 5742 quibus
1681 5673 1783 5729 virtus

76 5781 148 5823 nera
161 5765 337 5821 6611661616
349 5767 525 5821 nostrarum
535 5765 732 5822 invisibiliter
745 5767 902 5834 curantur,
959 5767 1006 5821 est
1031 5779 1084 5836 per
1106 5761 1395 5830 sanctificationem,
1406 5762 1441 5815 et
1461 5758 1596 5814 attactus
1614 5760 1806 5823 6661116661
