3742 6082
109 158 163 219 659
418 158 597 219 HUGONIS
616 161 670 219 DE
688 161 718 219 S.
740 159 913 219 VICTORE
931 157 1016 236 QPP.
1036 162 1138 241 PARS
1156 164 1194 222 H.
1210 195 1246 208 —
1264 167 1508 224 DOGMATICA.
1758 167 1812 224 660

101 285 165 352 bat,
179 285 244 356 jam
259 299 321 339 non
334 284 491 357 spoliasse,
506 286 557 341 sed
572 290 677 341 contra
691 302 722 341 se
738 301 873 341 armasse
882 300 930 356 po
944 282 971 337 Α
1020 290 1094 346 Tres
1110 295 1212 348 autern
1227 297 1299 348 sunt
1321 294 1446 350 timores
1471 289 1621 346 mundani
1643 288 1691 345 vel
1711 306 1806 346 carna

102 365 164 455 fill?
184 364 336 456 videatur.
362 365 428 420 H⁰⁰
449 366 562 455 ([ΠῘΡΡθ
586 365 694 455 altum,
707 366 765 456 ¹109
779 370 928 421 secretum
982 377 1037 448 les,
1055 380 1146 434 timor
1160 380 1301 450 vilitatis,
1328 383 1420 437 timor
1438 397 1546 453 poenae,
1576 379 1669 434 timor
1692 380 1814 449 mortis,

101 443 157 500 Der
168 443 329 499 consilium
345 447 401 512 eet,
418 442 538 498 utillud
553 447 645 498 etiam
666 444 768 500 electis
785 446 850 500 suis
860 461 927 517 pro·
983 485 1114 541 quorum
1130 469 1244 540 singuli
1256 486 1329 525 suas
1353 485 1441 525 curas
1466 470 1623 540 generant,
1640 468 1815 523 Necessitas

100 520 752 674 ltlttlittlittllttflltttttlt
768 523 928 659 iiiiii.
983 556 1819 718 ffigggffirffligfflfficffiss‘llpgffisssfflffifffssj

100 682 231 740 siderare
251 679 383 753 qualiter
399 696 437 735 ex
454 681 541 753 ipsis,
557 698 636 753 quas
663 698 756 755 supra
780 698 927 738 memora·
1297 735 1303 745 .
1406 734 1412 745 .
1499 733 1532 744 ..

98 765 211 831 vimus,
227 760 424 835 passionibus
440 761 584 816 exercitia
600 767 778 830 nascantur,
795 779 829 817 ac
847 762 930 817 dein·
982 735 1092 790 butum
1108 735 1180 790 ‘lm
1193 734 1316 804 caesafl’
1330 738 1360 790 et
1374 733 1462 788 ahter
1476 732 1588 789 ΜΨ
1597 774 1605 800 ’
1632 747 1756 788 ¹¹⁰⁰es⁸⁰
1771 738 1817 789 θεῖ

104 845 141 901 de
156 843 288 915 qualiter
302 857 355 914 per
374 841 442 913 ipsa
464 841 608 896 exercitia
630 841 862 914 circumspectio
875 857 927 896 au.
983 839 1067 879 escas
1082 822 1153 877 dare
1168 822 1276 878 ventri.
1294 823 1360 878 imo
1373 823 1454 877 enim
1471 836 1591 877 necesse
1604 824 1650 876 est
1667 825 1702 875 ut
1716 821 1814 876 tribu·

99 928 216 996 gestur.
232 922 370 988 Quatuor
383 923 466 977 enim
484 924 557 976 sunt
572 921 674 991 timor,
689 937 772 991 cura,
801 923 928 977 necessi·
982 915 1050 968 tum
1066 911 1118 967 defi
1131 911 1255 980 0³³⁸an
1278 909 1352 983 quia
1365 915 1399 966 lu
1414 910 1486 965 dare
1500 909 1602 978 debeb
1627 909 1689 964 imo
1713 924 1814 965 neces·

100 1008 159 1073 tas,
181 1003 326 1070 aflectus;
342 1004 422 1056 etex
437 1001 546 1069 tribus,
560 1000 591 1054 id
606 1005 652 1056 est
664 1002 783 1071 timore,
801 1003 928 1058 necessi·
983 1015 1015 1055 se
1030 1003 1086 1069 est,
1103 1004 1137 1055 ut
1153 1015 1237 1055 escas
1252 998 1304 1054 des
1317 998 1427 1067 ventri,
1443 998 1517 1070 quia
1531 997 1649 1067 indiget
1661 997 1810 1069 accipere.

100 1096 173 1162 tate,
190 1092 310 1159 affectu,
330 1089 467 1144 nascitur
479 1089 673 1160 quartum‚id
685 1094 730 1146 est
743 1106 824 1146 cura.
842 1089 929 1155 Quod
984 1087 1120 1161 Uterque
1133 1092 1234 1143 tamen
1251 1092 1374 1143 exactor
1383 1091 1439 1156 est,
1453 1089 1483 1141 et
1504 1086 1616 1154 Caesar,
1632 1090 1662 1141 et
1691 1089 1811 1154 venter,

102 1181 184 1237 anim
191 1180 335 1235 timemus
351 1176 484 1232 incidere
498 1176 626 1232 sollicite
637 1177 927 1248 studemusevitare,
984 1177 1156 1250 Utrumque
1172 1177 1323 1233 tributum
1348 1180 1393 1231 est
1411 1179 1440 1230 et
1455 1191 1522 1231 esca
1538 1178 1567 1230 et
1596 1174 1737 1246 pecunia.
1756 1173 1815 1229 Sed

99 1271 129 1324 et
141 1267 224 1340 quod
230 1265 367 1322 dolemus
375 1265 480 1320 adesse
495 1264 623 1320 sollicite
634 1265 793 1321 studemus
806 1284 824 1321 a
841 1267 929 1322 nobis
984 1266 1010 1321 si
1024 1266 1166 1338 proprius
1182 1264 1374 1320 considerare
1383 1263 1739 1331 volumus,1ninusn0cet
1748 1261 1812 1316 Cre·

98 1370 262 1423 removere,
270 1358 300 1409 et
320 1352 402 1425 quod
428 1353 635 1409 desideramus
653 1354 791 1426 adipisci,
802 1355 929 1411 sollicite
984 1371 1035 1410 sar
1050 1354 1183 1411 tollendo
1200 1354 1371 1425 pecuniam,
1389 1368 1482 1425 quam
1504 1356 1611 1406 venter
1639 1349 1816 1423 accipiendo

99 1444 258 1500 studemus
268 1441 416 1510 obtinere,
427 1444 457 1496 et
474 1442 517 1497 sic
527 1445 597 1513 post
609 1442 801 1498 allectionem
811 1443 927 1516 passio·
983 1459 1093 1499 escam.
1109 1445 1211 1500 Caesar
1229 1444 1311 1498 enirn
1340 1441 1434 1497 semel
1458 1440 1624 1496 auferendo
1648 1438 1813 1511 pecuniam

100 1533 150 1588 nis
160 1532 327 1604 requiritur
334 1546 407 1586 cura
418 1529 861 1605 sollicitudinisetpostcuram
869 1532 927 1599 sol·
984 1531 1219 1588 solllcitudinem
1233 1530 1322 1600 tollit,
1339 1533 1444 1586 venter
1458 1534 1560 1584 autem
1580 1529 1646 1584 sine
1660 1527 1815 1583 intermis-

104 1619 424 1691 licitudinissequitur
436 1622 565 1674 conatus
581 1620 767 1676 inexercitio
778 1621 927 1693 operatio·
945 1626 972 1684 B
986 1622 1071 1677 sione
1086 1636 1185 1676 escam
1199 1619 1348 1690 exigendo
1362 1633 1522 1689 uunquam
1542 1633 1599 1673 nos
1622 1617 1688 1672 sine
1703 1614 1815 1671 sollici·

98 1708 929 1780 nis,etperexcrcitiumoperationiscrescitcautelacir·
983 1710 1195 1766 citudineesse
1214 1708 1375 1781 permittit.
1403 1709 1505 1764 Caesar
1530 1704 1695 1761 auferendo
1724 1719 1813 1775 pecu·

103 1796 349 1868 cumspectionis.
367 1797 405 1850 Et
418 1797 493 1868 quia
507 1812 544 1851 cx
555 1796 630 1855 vitio
643 1800 753 1852 nostrae
760 1799 927 1870 corruptio·
983 1801 1066 1855 niam
1081 1800 1243 1868 magisnec
1257 1796 1379 1865 allevat,
1396 1799 1501 1852 venter
1519 1793 1694 1866 accipiendo
1710 1808 1811 1848 escam

99 1884 445 1940 niahocnobisinestut
464 1885 562 1955 magis
582 1884 704 1940 solliciti
716 1886 813 1942 simus
823 1902 878 1958 pro
893 1902 928 1941 eo
981 1905 1036 1961 per
1050 1886 1272 1943 abundantiam
1288 1885 1327 1940 ad
1349 1884 1423 1940 vilia
1445 1899 1501 1938 nos
1525 1883 1708 1938 inflammat.
1725 1881 1764 1935 Et
1779 1884 1815 1935 ut

98 1973 755 2047 adipiscend0,qu0dperversecupimus,vel
769 1977 926 2031 eocvitan-
981 1977 1115 2032 breviter
1130 1973 1309 2031 concludam
1333 1988 1388 2043 ego
1406 1988 1461 2044 per
1484 1972 1588 2026 omnia
1602 1968 1804 2026 miserabilio-

96 2061 146 2131 do,
162 2062 243 2134 quod
258 2062 409 2134 superflue
434 2061 647 2130 formidamus,
664 2062 747 2117 fitut
776 2064 927 2120 cautelam
981 2081 1045 2121 rem
1060 2065 1147 2120 video
1160 2080 1229 2118 eum
1245 2062 1298 2134 qui
1310 2056 1403 2116 servit
1415 2060 1527 2129 ventri,
1543 2075 1637 2131 quam
1651 2057 1739 2113 illum
1755 2057 1810 2128 qui

96 2151 387 2224 circumspectionis,
403 2165 497 2222 quam
516 2149 549 2204 in
570 2149 659 2205 bouis
684 2150 795 2207 studiis
810 2168 928 2224 compa·
982 2155 1076 2211 servit
1090 2152 1214 2208 Caesari.
1230 2151 1404 2206 Necessitas
1417 2148 1489 2219 er'go
1505 2148 1624 2203 aliaest
1646 2148 1680 2202 in
1705 2146 1810 2202 debito

97 2255 165 2296 rare
180 2239 371 2310 negleximus
383 2253 436 2309 per
450 2238 533 2292 mala
550 2237 654 2294 studia
666 2239 755 2294 facile
785 2241 927 2313 acquira-
981 2242 1085 2311 dandi,
1102 2241 1163 2296 alia
1177 2241 1210 2295 in
1225 2238 1395 2309 indigentia
1414 2236 1592 2309 accipiendi.
1609 2236 1648 2291 Et
1662 2235 1715 2290 illa
1740 2235 1809 2307 qui-

95 2327 399 2400 mus.Soepeetenim
416 2326 470 2398 qui
488 2327 599 2382 anima
615 2331 745 2383 mortem
773 2344 834 2384 non
864 2346 926 2384 me-
981 2333 1060 2403 dem,
1077 2348 1145 2403 quae
1162 2331 1194 2385 in
1210 2328 1312 2384 debito
1327 2327 1485 2396 dandiest,
1501 2325 1607 2381 multis
1622 2325 1721 2381 modis
1736 2325 1811 2380 acci-

95 2417 167 2485 tuit,
184 2416 262 2471 mori
277 2415 310 2469 in
325 2429 415 2470 carne
430 2415 628 2486 pertimescit,
645 2419 675 2471 et
694 2416 749 2489 qui
763 2421 927 2489 perpetuos
979 2423 1074 2494 pitur.
1091 2419 1211 2476 Debent
1226 2418 1308 2473 enirn
1328 2415 1448 2489 praelati
1476 2415 1622 2486 subjectis
1650 2413 1810 2487 providen-

94 2503 410 2577 gehcnnaecruciatus
427 2518 488 2557 non
504 2502 689 2572 considerat,
719 2521 827 2576 poenas
851 2509 925 2562 tem·
980 2510 1067 2578 tiam,
1083 2508 1194 2563 debent
1209 2504 1337 2577 subjecti
1360 2503 1495 2577 praelatis
1520 2502 1735 2571 obedientiam,
1763 2502 1811 2557 de

95 2593 215 2666 pornles
229 2593 295 2666 pati
323 2590 504 2647 reformidat
540 2590 626 2663 Saepe
640 2592 695 2664 qui
719 2592 804 2648 illam
820 2595 925 2650 confu·
979 2600 1054 2655 bant
1079 2595 1213 2668 aequales
1227 2593 1400 2667 aequalibus
1422 2592 1602 2647 charitatem
1627 2591 1808 2658 fraternam,

95 2683 223 2750 sionem,
240 2695 308 2752 quse
322 2683 392 2734 ante
407 2678 464 2734 Dei
483 2678 587 2735 oculos
600 2683 630 2735 et
645 2684 821 2736 sanctorum
835 2698 923 2753 ange·
980 2686 1092 2742 debent
1107 2684 1260 2756 sapientes
1274 2681 1493 2754 insipientibus
1506 2679 1686 2746 doctrinam,
1697 2676 1810 2733 debent

95 2771 196 2827 lerum
209 2767 557 2842 peccatoribusventura
573 2768 739 2837 est,timere
753 2769 852 2827 adhuc
863 2787 925 2828 non
979 2775 1090 2832 divites
1105 2771 1294 2847 pauperibus
1309 2768 1558 2825 alimoniamSed
1571 2768 1644 2840 quia
1659 2767 1724 2822 sine
1739 2782 1810 2839 pru·

96 2858 212 2927 didicit,
228 2857 300 2913 vilis
312 2872 379 2912 esse
400 2856 433 2911 in
461 2855 558 2912 oculis
578 2856 738 2912 hominum
762 2860 923 2916 erubescit.
980 2863 1084 2920 dantia
1103 2867 1132 2917 ct
1152 2859 1431 2931 circumspectione,
1458 2873 1514 2913 nec
1529 2857 1612 2929 juste
1637 2855 1807 2928 persolvere

96 2947 135 3004 Et
145 2962 200 3020 pro
214 2946 263 3001 his
278 2945 430 3001 evitandis
441 2944 815 3020 laboranthomines,quae
829 2949 925 3005 servis
944 2967 1144 3028 cpossumus
1159 2948 1241 3022 quod
1255 2948 1412 3015 debemus,
1437 2962 1491 3002 nec
1505 2944 1636 3018 petendo
1660 2944 1805 3017 impetra-

97 3036 154 3091 Dei
166 3051 228 3091 non
243 3034 342 3091 solum
353 3033 500 3105 fugienda
510 3051 572 3091 non
581 3039 664 3105 sunt,
677 3036 739 3093 imo
748 3038 841 3094 etiam
852 3054 924 3094 non·
979 3057 1010 3096 re
1034 3039 1065 3095 id
1089 3053 1149 3111 quo
1172 3037 1356 3108 indigemus,
1378 3035 1451 3090 dum
1479 3033 1548 3089 istis
1571 3031 1806 3088 necessitatibus

95 3138 255 3195 nunquam
275 3138 344 3178 cum
360 3123 463 3178 fructu
483 3139 589 3179 eorum
604 3129 814 3196 agnoscuntur
837 3143 924 3201 appe·
979 3128 1170 3200 subjicimur,
1182 3125 1256 3198 quid
1274 3123 1358 3179 aliud
1373 3139 1465 3195 quam
1489 3122 1528 3178 ad
1556 3121 1761 3195 prudentiam,
1776 3123 1807 3175 et

96 3210 197 3266 tenda.
213 3210 360 3266 Similiter
374 3214 448 3266 sunt
462 3210 563 3281 multi,
579 3213 632 3284 qui
648 3214 758 3269 animae
776 3230 838 3270 suae
849 3215 923 3287 jeju·
979 3216 1018 3272 ad
1032 3215 1334 3288 circumspectionem
1348 3211 1506 3267 erudimur
1520 3208 1534 3264 l
1549 3210 1587 3266 ut
1602 3210 1683 3266 sicut
1711 3209 1747 3264 de
1773 3210 1808 3264 ti·

95 3298 182 3355 nium
196 3298 351 3369 ignorant,
366 3302 396 3352 et
422 3314 479 3370 pro
496 3300 564 3355 cibo
578 3301 694 3356 ventris
718 3303 923 3376 comparando
978 3305 1117 3362 moribus
1131 3303 1315 3370 dictumest,
1336 3300 1428 3356 etiam
1449 3299 1578 3371 singulae
1609 3298 1807 3355 necessitates

95 3384 291 3443 vehementer
301 3385 459 3441 insudant.
472 3385 510 3441 ut
525 3402 604 3459 saepe
624 3387 765 3445 homines
792 3406 847 3462 pro
863 3407 923 3447 car·
979 3395 1126 3467 generant
1139 3408 1228 3448 curas
1241 3406 1324 3446 suas.

94 3474 217 3531 nulibus
230 3473 389 3530 desideriis
403 3473 608 3547 adimplendis
632 3476 784 3549 plurimos
801 3478 923 3536 labores
1014 3482 1148 3537 Affectus
1163 3483 1209 3536 est
1224 3478 1407 3534 desiderium
1418 3475 1604 3550 perfruendi.
1629 3474 1803 3531 Desiderio·

92 3578 201 3637 graves
211 3566 241 3619 et
254 3577 374 3619 amaros
387 3560 760 3638 libenter,tolerant,quos
773 3582 828 3639 pro
844 3584 923 3625 amo
979 3587 1047 3626 rum
1059 3569 1120 3625 alia
1132 3572 1205 3625 sunt
1218 3567 1311 3636 bona,
1325 3566 1386 3621 alia
1400 3569 1474 3621 sunt
1490 3563 1581 3619 mala.
1603 3563 1641 3620 ut
1658 3563 1741 3618 bona
1755 3563 1807 3618 de·

74 3654 125 3709 're
139 3656 259 3709 aeternae
266 3652 349 3722 vitae,
364 3652 412 3707 vel
423 3651 462 3708 ad
477 3653 630 3710 modicum
646 3654 749 3711 subire
769 3661 921 3727 recusant,
978 3659 1089 3715 sideria
1100 3660 1173 3713 sunt
1187 3655 1370 3729 spiritualia,
1387 3652 1468 3709 mala
1482 3651 1631 3708 desideria
1655 3650 1806 3706 carnalia.

93 3758 163 3799 eum
182 3742 366 3798 econtrario
389 3741 474 3797 electi
499 3743 566 3799 sine
590 3744 818 3803 intermissione
842 3747 923 3804 labo
977 3745 1120 3820 Spiritale
1135 3744 1318 3800 desiderium
1333 3743 1423 3814 quasi
1437 3741 1542 3796 vinum
1564 3736 1650 3794 dulce
1666 3739 1809 3795 suaviter

92 3833 170 3900 rent,
186 3834 216 3886 et
226 3829 363 3901 affligant
376 3831 568 3903 semetipsos,
591 3848 628 3887 ne
649 3832 797 3890 desideria
821 3836 923 3893 carnis
977 3835 1119 3904 inebriat,
1148 3832 1267 3889 carnale
1289 3831 1473 3887 desiderium
1494 3827 1583 3901 quasi
1608 3828 1718 3882 vinum
1746 3828 1807 3882 aci-

93 3917 323 3990 perflciant.Qui
337 3919 430 3973 etiam
445 3920 680 3977 necessitatibus
695 3924 760 3979 suis
779 3939 840 3980 non
856 3925 922 3980 sine
978 3923 1062 3993 dum,
1092 3925 1121 3978 et
1136 3921 1339 3976 intoxicatum
1359 3919 1500 3974 bibentes
1526 3916 1636 3971 autin
1665 3915 1802 3970 furorem

93 4006 202 4061 timore
216 4004 403 4073 deserviunt,
420 4005 562 4061 timentes
578 4022 616 4062 ne
630 4024 728 4081 usque
743 4011 782 4065 ad
797 4010 923 4067 delecta·
977 4012 1079 4080 vertit,
1096 4013 1150 4065 aut
1165 4012 1261 4065 rrecat.
1277 4008 1321 4063 De
1335 4006 1388 4062 illo
1407 4007 1479 4063 vino
1500 4004 1622 4074 dicitur,
1650 4002 1733 4076 quod
1759 4018 1808 4058 ca·

74 4106 77 4113 ·
92 4093 208 4149 tionem
222 4092 329 4149 effluat
340 4091 520 4165 voluptatis,
538 4093 621 4166 quod
636 4097 732 4167 exigit
758 4098 922 4155 infirmitas
978 4101 1028 4154 tice
1042 4101 1078 4153 ia
1094 4113 1202 4153 macac
1212 4097 1345 4152 Domini
1362 4097 1434 4150 vini
1458 4095 1543 4149 meri
1559 4095 1678 4162 plenus
1706 4093 1805 4146 euicto

89 4179 283 4238 conditionis.
297 4180 443 4238 Gamales
458 4184 561 4237 autern
576 4182 703 4256 quique,
720 4185 773 4257 qui
788 4201 844 4258 pro
873 4186 923 4242 ad·
979 4187 1080 4258 (Paci.
1100 4183 1220 4257 cxxiv),
1234 4183 1375 4239 videlicet
1389 4181 1473 4254 quod
1486 4180 1622 4236 laetificat
1635 4194 1689 4235 cor
1701 4180 1804 4234 bomi-

91 4267 256 4341 implendis
274 4267 432 4324 desideriis
456 4269 520 4324 suis
550 4268 681 4326 libenter
702 4269 822 4326 labores
846 4273 917 4329 tole·
933 4298 961 4355 D
977 4277 1030 4331 nie
1044 4275 1144 4345 (Paci.
1160 4271 1239 4343 cru).
1255 4272 1294 4327 Et
1309 4271 1382 4326 alibi
1399 4286 1404 4324 :
1432 4270 1523 4324 calio:
1537 4267 1661 4324 Domini
1689 4267 1806 4321 inebri-

92 4361 172 4428 rant,
186 4358 261 4414 foris
276 4373 338 4413 non
363 4361 490 4413 tantum
512 4373 611 4430 opere,
628 4359 681 4414 sed
700 4362 730 4414 et
751 4365 852 4417 mente
867 4378 918 4417 va·
977 4378 1140 4433 nusquam
1169 4365 1353 4432 praeclarus
1380 4364 1428 4415 eet
1443 4359 1455 4413 l
1470 4359 1570 4425 (Paci.
1584 4354 1678 4426 xxn.)
1704 4352 1806 4409 Multa

92 4449 214 4516 gantur.
242 4445 280 4500 Et
304 4445 377 4500 dum
397 4461 450 4516 per
473 4447 682 4517 experimenta
699 4463 800 4503 rerum
823 4449 920 4505 multa
974 4450 1073 4507 deillo
1088 4451 1161 4507 uino
1176 4451 1209 4506 in
1223 4450 1381 4521 Scriptura
1394 4447 1547 4502 dicuntur.
1565 4443 1610 4500 De
1624 4443 1682 4499 hoc
1697 4446 1803 4497 autem

93 4532 225 4601 discunt,
241 4531 330 4604 quasi
345 4547 384 4586 ex
396 4531 465 4603 ipsa
477 4533 675 4604 occupatione
685 4535 733 4591 sui
747 4536 920 4609 prudentio
972 4541 1046 4596 vinc
1059 4539 1173 4594 dictum
1194 4542 1240 4594 est
1256 4555 1262 4592 ε
1280 4539 1336 4593 Fet
1346 4539 1529 4591 draconum
1547 4532 1660 4588 circum
1676 4545 1802 4598 eorurn,

90 4636 139 4677 res
151 4619 239 4675 fiunt.
256 4618 301 4673 De
315 4618 429 4690 quibus
440 4618 591 4675 Dominus
604 4621 636 4677 in
653 4622 819 4694 Evangelio
834 4625 916 4682 dicit:
974 4634 1177 4684 eivenenum
1188 4627 1343 4695 aspidum
1363 4623 1551 4678 insanabile
1568 4620 1670 4692 (Dect.
1688 4619 1803 4688 xxxu),

91 4709 174 4763 Filii
187 4709 286 4775 baiae
298 4709 413 4763 soecuti
419 4710 653 4777 prudentiores
667 4718 748 4767 suaet
770 4713 852 4785 filiis
869 4717 917 4770 lu·
973 4715 1056 4789 quod
1067 4714 1249 4787 exprimitur
1261 4713 1297 4769 de
1309 4713 1398 4769 botro
1412 4708 1614 4775 amarissimo,
1632 4706 1716 4778 quod
1740 4720 1806 4778 pro·

90 4798 136 4854 cis
150 4797 186 4850 in
200 4798 411 4866 generatione
422 4813 485 4854 aaa
501 4797 587 4870 (Luc.
609 4799 687 4872 xvi).
713 4800 772 4857 Sed
786 4802 819 4858 hi
842 4801 918 4859 tales
971 4804 1059 4877 pinet
1082 4801 1223 4875 Babylon
1246 4802 1283 4857 de
1311 4800 1403 4857 calice
1441 4812 1534 4853 aureo
1560 4794 1803 4851 fornicationum

87 4885 226 4959 alioquin
232 4886 427 4943 miseratione
438 4886 544 4943 divina
558 4888 597 4944 ab
612 4905 714 4946 errore
729 4906 915 4949 suoconver·
972 4907 1110 4962 suarum,
1125 4890 1230 4964 dequo
1236 4890 1431 4946 inebriantur
1443 4900 1548 4942 omnes
1558 4886 1675 4955 gentes.
1690 4881 1803 4938 Dehoc

89 4974 126 5044 si,
141 4988 238 5048 prava
250 4974 353 5030 studia
367 4973 523 5046 deserunt,
541 4975 593 5032 sed
604 4977 770 5050 prudentia
781 4996 874 5053 quam
883 4981 917 5037 in
971 4982 1063 5038 etiam
1076 4981 1150 5036 vino
1163 4978 1279 5037 dictum
1294 4978 1385 5035 estin
1413 4972 1598 5046 Evangelio:
1616 4973 1730 5026 Omnis
1756 4971 1806 5025 ho

87 5062 193 5135 pravis
208 5061 319 5119 studiis
333 5062 516 5135 didicerunt,
526 5081 588 5123 non
603 5067 762 5138 amittunt,
776 5072 806 5124 et
820 5070 852 5125 in
862 5070 915 5126 bo·
971 5085 1023 5125 mo
1040 5069 1191 5139 primum
1205 5069 1323 5123 bonum
1340 5068 1457 5121 vinum
1468 5063 1572 5133 ponit,
1587 5065 1619 5115 et
1639 5073 1712 5114 oum
1737 5060 1805 5113 ine-

87 5151 137 5206 nis
150 5150 276 5222 agendis
287 5154 374 5210 tanto
385 5154 536 5211 cautiores
550 5155 641 5227 fiunt,
658 5160 774 5230 quanto
788 5157 821 5212 in
850 5173 914 5213 ma·
969 5158 1069 5213 bricti
1082 5157 1306 5227 suarinatuac
1318 5156 1350 5211 id
1363 5155 1448 5224 quod
1466 5151 1612 5207 deterius
1628 5152 1676 5202 cei
1689 5147 1799 5216 (loca.

85 5237 125 5296 lis
139 5240 350 5312 perpetrandis
360 5241 447 5314 prius
455 5241 655 5300 studiosiores
669 5245 916 5303 exstiterintUn·
968 5245 1015 5318 ιι).
1033 5246 1077 5301 De
1092 5244 1146 5301 illo
1162 5249 1264 5301 autem
1276 5245 1350 5300 vino
1374 5241 1553 5298 dictumest
1569 5253 1574 5291 :
1596 5238 1641 5290 Tu
1664 5234 1806 5290 seruasti

86 5327 123 5384 de
136 5329 298 5386 manifeste
313 5330 486 5387 ostenditur
501 5332 594 5388 etiam
609 5331 666 5388 hoc
686 5333 730 5389 eis
751 5333 913 5406 profuisse,
968 5335 1085 5389 vinum
1101 5334 1221 5390 bocum
1239 5332 1462 5404 cccccccccc
1477 5327 1589 5400 (ibid).
1603 5321 1805 5399 liocoarnale

85 5415 168 5488 quod
177 5415 216 5472 ad
228 5420 349 5491 tempus
364 5418 500 5475 derelicti
514 5419 708 5476 videbantur.
721 5419 849 5493 Propter
858 5421 914 5479 hoc
968 5420 1152 5477 desiderium
1177 5423 1266 5495 quasi
1299 5419 1480 5498 peregrinus
1513 5411 1655 5470 surculus
1687 5409 1805 5465 infixus

87 5503 228 5575 superius
243 5505 359 5561 dictum
375 5510 421 5563 est
441 5510 575 5579 quatuor
590 5522 655 5562 esee
678 5523 747 5579 qua
773 5514 914 5567 exercent
970 5511 1068 5566 menti
1083 5509 1217 5581 graviter
1230 5525 1296 5566 eam
1312 5508 1464 5565 vulnerat.
1480 5504 1518 5559 lit
1534 5502 1584 5557 hic
1598 5502 1645 5555 est
1671 5497 1804 5571 peregri·

84 5590 409 5664 circumspectionem,
435 5594 575 5651 timorem
606 5593 766 5668 videlicet,
795 5612 911 5672 curam,
966 5610 1036 5667 nus,
1051 5595 1162 5671 dequo
1187 5611 1241 5670 per
1263 5595 1401 5653 Natham
1425 5592 1464 5649 ad
1486 5587 1587 5647 David
1614 5586 1804 5656 diciturque·

82 5677 307 5751 necessitatem,
324 5680 477 5741 efferim
966 5687 1010 5742 ad
1025 5686 1156 5744 divitem
1171 5689 1318 5757 vemat,
1331 5698 1387 5760 pro
1400 5695 1461 5756 quo
1478 5676 1657 5752 peregrino
1670 5686 1801 5748 pascen-
