3742 6082
76 270 129 328 801
580 275 731 332 ERUDIT
749 275 956 335 DIDASCAL.
977 279 1099 338 LIBER
1117 282 1279 341 siturus.
1724 291 1779 349 802

76 396 152 452 hant
165 397 355 468 negligenter
368 400 527 472 praeteriri.
538 400 649 456 Omnia
670 400 763 471 disce,
786 401 904 457 videbis
918 403 1030 459 livero
1054 405 1149 462 Israel
1170 408 1204 463 in
1231 398 1397 482 AEg'yptum
1423 413 1578 470 descendit
1589 431 1599 485 ;
1626 415 1779 486 quomodo

76 490 183 559 postea
199 487 277 542 nihil
289 503 354 544 esse
369 491 568 561 superfluum.
592 491 753 546 Coarctata
775 491 903 548 scientia
957 490 1155 550 deindeDeus
1167 495 1392 554 tilioslsraelds
1403 500 1535 573 AEgypto
1547 503 1579 558 in
1594 518 1689 559 manu
1696 502 1779 577 Moy·

72 574 211 646 jucunda
221 590 282 630 non
296 579 352 631 est.
957 578 983 633 si
998 583 1028 635 et
1036 580 1138 637 Aaron
1152 599 1206 654 per
1220 599 1304 640 mare
1322 585 1462 643 Rubrum
1481 590 1597 659 eduxit,
1611 591 1645 647 in
1660 590 1779 647 deserto

112 663 156 717 De
177 662 264 717 libris
287 667 389 720 autem
405 666 458 735 qui
479 665 518 720 ad
539 665 620 720 hane
632 665 793 722 lectionem
811 669 902 724 utiles
955 668 1051 739 pavit,
1066 668 1268 742 legcmdedit,
1283 674 1409 730 interra
1428 678 1640 746 promissionis
1652 679 1778 748 locavit,

76 754 161 820 sunt,
180 752 296 822 siquid
315 753 391 808 mihi
406 753 558 823 videatur,
574 755 687 826 queris
702 769 710 823 ;
727 755 784 810 hos
803 758 902 828 magis
956 759 986 810 et
1005 760 1115 812 catera
1135 759 1233 814 multa
1256 777 1325 832 quae
1349 763 1429 818 iacit.
1452 764 1499 820 Ad
1521 769 1691 823 extremum
1706 782 1779 824 vero

76 838 901 914 frequentandoseristimo:Genesim,llxodum‚losue,
956 848 1086 899 nutante
1099 846 1163 917 jam
1187 849 1297 905 saeculo
1312 851 1409 906 fllium
1431 853 1463 907 in
1480 868 1601 910 carnem
1624 855 1720 925 misit,
1735 857 1780 912 vi·

75 929 191 984 librum
215 928 370 995 iudicum,
386 932 415 983 et
436 929 564 1000 Regum,
585 934 614 985 et
636 930 899 1003 Paralipomenon.
956 937 1020 988 tam
1034 938 1181 990 aeternam
1192 939 1426 1009 poenitentibus,
1446 943 1549 999 missis
1572 945 1606 1000 in
1626 944 1778 1000 mundum

75 1017 157 1073 Novi
171 1032 243 1073 vcro
258 1018 446 1072 Testamenti
461 1019 606 1090 primum,
622 1024 756 1091 quatuor
769 1022 903 1093 Evange
956 1023 1135 1080 universum
1158 1025 1304 1095 apostolis
1317 1029 1468 1098 promisit,
1496 1035 1660 1088 venturum
1691 1047 1724 1088 se
1749 1033 1782 1088 in

76 1105 130 1175 lia,
144 1104 254 1161 dehinc
267 1105 361 1161 Actus
373 1106 636 1178 apostolorum.Hi
648 1107 789 1164 undecim
803 1111 902 1181 magis
955 1110 1015 1165 fine
1039 1113 1219 1169 saeculorum
1249 1114 1288 1169 ad
1311 1115 1462 1186 judicium
1480 1119 1632 1190 praedixit,
1655 1120 1780 1176 reddere

77 1194 117 1249 ad
131 1194 291 1249 historiam
304 1195 456 1266 pertinere
466 1195 543 1250 mihi
553 1196 844 1269 videntur,exeeptis
854 1198 902 1253 his
956 1198 1124 1271 unicuique
1136 1201 1303 1258 secundum
1316 1219 1407 1275 opera
1421 1220 1488 1274 sua,
1503 1206 1714 1278 peccatoribus
1727 1208 1783 1263 sci·

78 1298 156 1354 quos
179 1281 442 1354 historiographos
457 1284 579 1356 proprie
593 1284 793 1356 appellamus.
809 1285 841 1341 Si
858 1290 900 1342 ta·
954 1285 1026 1341 licet
1038 1289 1140 1357 ignem
1157 1294 1317 1358 aeternum,
1338 1292 1432 1363 justis
1455 1297 1558 1350 autem
1580 1295 1677 1350 vitam
1696 1298 1780 1350 aeter·

76 1387 148 1426 men
163 1370 255 1442 hujus
264 1371 404 1426 vocabuli
415 1372 637 1441 significatione
646 1371 763 1443 largius
773 1374 900 1443 utimur,
955 1388 1039 1444 nam,
1055 1380 1085 1430 et
1099 1391 1227 1447 regnum
1241 1379 1287 1450 cuj
1293 1395 1328 1434 us
1343 1395 1408 1435 aon
1422 1384 1488 1436 erit
1501 1383 1580 1453 fiais
1592 1382 1680 1453 (Lac.
1694 1381 1778 1452 r).Vi·

77 1458 197 1513 nullum
212 1460 257 1513 est
272 1459 538 1527 inconveniens,ut
554 1458 666 1515 scilicet
684 1481 694 1508 ι
712 1461 873 1517 historiam
888 1483 898 1510 ι
955 1461 992 1516 de
1013 1464 1095 1534 quod
1111 1480 1148 1519 ex
1162 1481 1223 1537 quo
1246 1469 1381 1525 mundus
1395 1471 1495 1542 coepit,
1523 1487 1621 1543 usque
1634 1471 1675 1526 ad
1687 1471 1779 1527 tinem

78 1562 143 1602 esse
170 1547 318 1616 dicamus,
344 1569 355 1597 ‹
381 1563 443 1603 non
471 1550 593 1603 tantum
621 1553 901 1619 rerumgestarum
955 1550 1135 1606 saeculorum
1146 1568 1208 1609 non
1223 1554 1368 1613 deficiunt
1380 1559 1593 1615 miserationes
1608 1559 1673 1616 Dei.

76 1636 284 1691 narrationem
300 1651 308 1704 3
325 1635 377 1691 sed
388 1635 472 1691 illam
495 1636 625 1707 primam
646 1636 900 1707 significationem
1167 1640 1240 1699 Can.
1257 1643 1307 1698 iv.
1328 1648 1373 1699 De
1391 1649 1561 1715 allegoria.

76 1723 240 1795 cujuslibet
255 1724 452 1793 narrationis,
468 1740 536 1796 quas
552 1724 719 1780 secundum
738 1727 902 1798 proprieta-
915 1731 941 1787 Β
991 1726 1064 1782 Post
1074 1727 1235 1786 lectionem
1250 1731 1387 1789 historiae
1398 1733 1551 1804 reliquum
1561 1737 1608 1789 est
1622 1733 1777 1805 allegoria·

76 1814 140 1866 tem
166 1810 328 1867 verborum
356 1811 547 1883 exprimitur.
576 1833 586 1861 ι
612 1811 785 1868 Secundum
809 1830 902 1885 quam
956 1830 1024 1870 rum
1039 1818 1393 1891 mysteriainvestigare,
1409 1822 1463 1878 uhi
1477 1838 1545 1877 mea
1568 1822 1781 1880 exhortatione

78 1900 284 1972 acceptionem
299 1915 404 1955 omnes
428 1901 589 1973 utriusque
606 1901 795 1958 Testamenti
807 1902 904 1959 libros
956 1917 1033 1974 opus
1048 1918 1113 1959 esse
1128 1921 1188 1961 non
1204 1909 1289 1977 puto,
1300 1923 1370 1964 cum
1384 1908 1453 1980 ipsa
1469 1924 1517 1965 res
1531 1911 1609 1965 satis
1620 1924 1674 1982 per
1688 1925 1721 1966 se
1735 1910 1780 1966 di-

78 2004 114 2044 eo
135 1987 252 2057 ordine,
273 2004 334 2060 quo
359 2005 453 2061 supra
473 1990 643 2045 enumerati
667 1994 741 2046 sunt
764 1991 802 2046 ad
824 1992 904 2046 hanc
956 2004 1017 2060 gna
1031 1997 1187 2064 appareat.
1201 1994 1299 2050 Nosse
1313 1998 1417 2052 tamen
1437 2000 1467 2053 te
1480 1996 1708 2066 volo,olector,
1723 1996 1781 2053 hoc

77 2077 238 2133 lectionem
251 2077 419 2133 secundum
434 2078 596 2133 litteralem
611 2094 736 2134 sensum
751 2080 902 2152 pertinere
956 2079 1093 2137 studium
1109 2098 1169 2137 non
1184 2083 1288 2138 tardos
1302 2088 1332 2140 et
1346 2085 1470 2140 hebetes
1481 2100 1600 2155 sensus,
1614 2085 1668 2141 sed
1679 2089 1777 2141 matu·

78 2168 164 2239 puto.
190 2167 229 2221 Et
249 2167 378 2222 fortasse
399 2167 460 2221 nisi
484 2166 601 2238 puerile
615 2167 779 2237 videretur,
794 2169 827 2224 in
845 2168 903 2225 hoc
956 2184 992 2222 ra
1001 2169 1126 2239 ingenia
1140 2174 1298 2241 expetere3
1311 2188 1380 2243 quae
1392 2173 1436 2228 sie
1447 2173 1662 2244 investigando
1676 2172 1773 2229 subti-

77 2255 145 2310 loco
161 2254 264 2326 aliqua
278 2255 315 2310 de
327 2255 416 2311 modo
428 2255 625 2311 construendi
639 2259 790 2328 praecepta
808 2257 900 2313 litter·
953 2255 1073 2312 litatem
1094 2261 1228 2327 teneant,
1252 2262 1285 2314 ut
1306 2259 1339 2314 in
1358 2260 1556 2329 discernendo
1577 2261 1774 2334 prudentiam

78 2358 222 2415 ponerem
241 2360 250 2413 3
275 2343 346 2416 quia
361 2345 433 2399 novi
448 2344 585 2399 divinam
600 2344 787 2417 scripturam
803 2347 903 2417 magis
955 2359 1018 2399 non
1031 2345 1185 2401 amittant.
1201 2347 1379 2404 Solidusest
1397 2349 1484 2405 cibus
1497 2349 1566 2418 iste,
1580 2353 1610 2405 et
1620 2349 1681 2405 nisi
1694 2363 1775 2405 mas·

78 2433 195 2489 caeteris
220 2433 364 2488 omnibus
384 2434 416 2488 in
442 2437 529 2488 textu
554 2449 609 2488 suo
632 2449 698 2489 esse
719 2435 871 2490 concisam
889 2450 899 2504 3
954 2432 1075 2503 tieetur,
1091 2435 1284 2505 transglutiri
1297 2451 1360 2492 non
1372 2440 1481 2508 potest.
1497 2436 1565 2492 Tali
1582 2451 1653 2507 ergo
1668 2440 1698 2493 ts
1712 2451 1776 2493 mo·

75 2521 191 2594 quihus
205 2524 308 2576 tamen
322 2520 434 2577 idcirco
449 2521 643 2593 supersedere
657 2522 737 2591 volo,
754 2538 792 2578 ne
805 2523 899 2579 inter·
954 2519 1110 2577 deramine
1125 2523 1170 2577 uti
1182 2526 1310 2595 oportet,
1322 2527 1357 2579 ut
1371 2524 1445 2581 dum
1454 2524 1638 2595 inquirendo
1650 2523 1774 2581 subtilis

75 2610 229 2683 positione
263 2610 359 2664 nimia
393 2611 585 2681 propositum
619 2610 792 2666 extendam.
822 2611 901 2666 Sunt
952 2610 1059 2679 tueris,
1074 2611 1107 2665 in
1128 2611 1339 2682 praesumendo
1357 2612 1537 2668 temerarius
1550 2626 1612 2667 non
1636 2612 1774 2667 invenia-

76 2698 217 2769 quaedam
240 2698 307 2753 loca
326 2698 360 2752 in
383 2697 488 2752 divina
502 2699 625 2769 pagina,
640 2714 709 2768 quae
732 2699 899 2753 secundum
953 2698 1007 2766 ris,
1023 2697 1156 2754 recolens
1171 2698 1252 2769 quod
1266 2699 1309 2753 ait
1324 2698 1507 2754 Psalmista:
1535 2701 1657 2754 Arcum
1671 2713 1771 2755 saum

74 2787 210 2843 litteram
223 2786 284 2857 legi
298 2802 360 2842 non
371 2790 582 2859 possuntque
595 2802 708 2857 magna
719 2786 900 2844 discretione
954 2788 1102 2854 tetendit,
1122 2792 1154 2841 et
1162 2771 1298 2855 paravit
1309 2790 1405 2842 illum
1413 2804 1426 2854 ‚·
1437 2792 1468 2842 et
1480 2789 1517 2841 in
1532 2801 1568 2841 eo
1576 2787 1711 2855 peracit
1721 2799 1775 2840 aa·

76 2875 247 2930 discernere
258 2878 428 2946 oportet,ne
442 2875 491 2930 vel
502 2875 781 2947 pernegligentiam
796 2875 901 2948 aliqua
953 2889 992 2928 aa
1007 2876 1121 2929 mortis
1138 2875 1238 2946 (Paul.
1254 2875 1320 2945 vn).
1333 2875 1511 2944 Meministi,
1523 2878 1560 2930 ut
1574 2877 1711 2942 autumo,
1727 2887 1774 2928 su·

76 2967 305 3037 praetereamus,
321 2967 375 3017 aut
402 2979 457 3035 per
480 2964 688 3035 importunam
709 2963 900 3034 diligentiam
953 2977 1010 3034 pra
1023 2976 1072 3016 me
1086 2961 1226 3018 ‘divimm
1240 2963 1428 3035 scripturam
1441 2962 1571 3018 aedificio
1584 2960 1715 3017 similem
1730 2959 1774 3016 di·

77 3052 170 3120 adid,
187 3051 226 3107 ad
240 3051 322 3122 quod
337 3052 451 3123 scripta
471 3065 532 3107 non
546 3054 630 3119 suat,
643 3051 792 3106 violenter
805 3053 899 3109 intor-
919 3063 943 3120 c
957 3049 1049 3119 xisse,
1065 3053 1099 3104 ut
1113 3050 1246 3121 primum
1258 3049 1458 3106 fundamento
1466 3051 1567 3124 posito
1579 3048 1776 3106 structurain

78 3155 237 3213 queamus.
254 3140 319 3196 Hoc
333 3156 415 3211 ergo,
428 3155 446 3195 o
459 3140 563 3209 lector,
578 3139 660 3211 quod
683 3140 741 3194 tihi
762 3141 901 3212 proponi·
956 3137 1053 3192 altum
1075 3136 1204 3207 levetur,
1226 3137 1317 3209 plane
1341 3137 1468 3195 aedificio
1483 3137 1634 3207 similem,
1650 3150 1722 3191 nam
1744 3137 1775 3191 et

78 3244 150 3284 mus
165 3246 172 3282 ι
188 3228 239 3284 hic
251 3244 377 3301 campus
392 3229 438 3284 tui
451 3228 566 3284 laboris
582 3244 704 3284 vomere
718 3228 794 3285 benc
809 3229 904 3285 sulca·
954 3225 1024 3297 ipsa
1035 3229 1220 3282 structuram
1234 3225 1336 3283 habet.
1358 3227 1428 3283 Non
1444 3241 1515 3297 ergo
1529 3227 1642 3298 pigeat,
1657 3223 1778 3280 dhane
1799 3215 1805 3224 ”

79 3321 142 3384 tus,
171 3317 371 3389 multiplicem
400 3317 457 3373 tihi
480 3316 614 3373 fructum
643 3317 761 3372 referet.
790 3316 902 3373 Ordine
956 3313 1190 3371 similitudinem
1214 3315 1306 3387 paulo
1329 3314 1508 3386 diligentius
1532 3325 1773 3386 prosequamur:

80 3408 192 3461 cuncta
215 3409 301 3475 gesta
315 3409 388 3460 sunt
402 3421 411 3473 ;
427 3405 533 3461 ordine
556 3405 671 3473 incede,
686 3420 741 3476 per
761 3406 903 3462 umbram
956 3402 1072 3473 respice
1090 3417 1167 3474 opus
1191 3403 1385 3459 caementarii.
1408 3401 1561 3458 Collocato
1575 3399 1776 3456 fundamento

79 3494 203 3549 venitur
226 3493 265 3549 ad
289 3508 407 3564 corpus.
432 3494 577 3564 Figuram
599 3494 690 3563 disce,
711 3498 741 3549 et
765 3494 904 3549 invenies
955 3489 1070 3547 lineam
1089 3490 1225 3546 extendit
1244 3493 1277 3546 in
1290 3491 1449 3559 directum,
1462 3487 1713 3561 perpendiculum
1726 3485 1776 3542 de·

78 3583 250 3637 veritatem.
266 3581 328 3637 Nec
351 3581 408 3636 hoc
430 3597 512 3637 nunc
536 3582 614 3652 dico,
631 3586 665 3638 ut
685 3582 772 3653 priua
786 3582 904 3638 Veteris
957 3579 1064 3646 mittit,
1079 3593 1115 3633 ac
1130 3577 1238 3633 deinde
1258 3578 1374 3650 lapides
1392 3577 1555 3647 diligenter
1566 3571 1678 3647 politos
1690 3574 1779 3629 inor·

78 3671 268 3727 Testamenti
289 3671 405 3740 figuras
426 3670 546 3726 labores
569 3670 716 3738 evolvere,
732 3673 762 3726 et
773 3671 905 3741 mystica
958 3666 1059 3721 dinem
1073 3664 1161 3737 ponit
1169 3680 1177 3732 ;
1193 3664 1269 3720 alios
1282 3669 1375 3735 atque
1389 3663 1466 3719 alios
1478 3660 1587 3717 deinde
1601 3659 1712 3732 quartt
1725 3675 1733 3713 τ
1748 3661 1779 3713 et

79 3759 146 3829 ejus
160 3759 241 3814 dicta
264 3759 419 3826 scruteris,
434 3773 527 3829 quam
553 3758 592 3813 ad
615 3757 776 3828 Evangelii
788 3757 905 3812 fluenta
959 3755 985 3810 si
1002 3753 1077 3808 iorte
1096 3752 1217 3822 aliquos
1239 3752 1346 3824 primas
1367 3749 1562 3822 dispositioni
1584 3762 1646 3804 non
1660 3759 1780 3818 respon·

80 3847 216 3919 potanda
239 3847 373 3903 secedas.
397 3846 456 3902 Sed
478 3847 558 3902 sicut
580 3846 675 3914 vides,
699 3843 783 3918 quod
804 3845 906 3900 omnis
959 3840 1065 3896 dentes
1086 3839 1249 3908 invenerit,
1275 3838 1383 3910 accipit
1408 3837 1526 3906 limam,
1548 3833 1780 3919 praeminentia

82 3935 242 4003 aedificatio
264 3935 464 3992 fundamento
486 3950 590 3990 carens
614 3933 734 3989 stabilis
755 3946 821 3988 esse
844 3948 906 3988 non
959 3926 1106 4001 praecidit,
1119 3941 1227 3998 aspera
1241 3926 1356 3999 planat,
1369 3929 1400 3982 et
1419 3924 1567 3981 informia
1586 3923 1627 3979 ad
1648 3922 1779 3993 tonnam

82 4028 207 4096 potest3
224 4024 267 4079 sic
279 4027 326 4079 est
337 4024 429 4079 etiarn
444 4024 477 4078 in
492 4022 639 4079 doctrina.
656 4021 907 4077 Fundamentum
959 4015 1098 4084 reducit,
1113 4015 1217 4086 sicque
1240 4013 1361 4069 demum
1378 4011 1504 4086 reliquis
1524 4012 1558 4067 in
1572 4011 1710 4067 ordinem
1722 4007 1782 4063 dis·

84 4116 186 4167 autem
199 4116 229 4167 et
240 4111 425 4183 principium
440 4111 586 4167 doctrinae
601 4125 693 4165 sacrae
705 4109 835 4165 historia
849 4113 905 4178 est,
958 4104 1069 4179 positis
1082 4103 1231 4175 adJungit.
1246 4102 1278 4158 Si
1292 4116 1363 4157 vero
1382 4101 1502 4173 aliquos
1523 4099 1600 4155 talea
1613 4095 1776 4171 invenerit,

83 4199 121 4255 de
133 4216 194 4271 qua
207 4201 297 4272 quasi
308 4199 368 4255 mel
379 4200 416 4254 de
429 4200 501 4255 iavo
516 4199 630 4254 veritas
645 4197 797 4269 allegoriae
812 4196 909 4270 expri-
961 4193 1016 4266 qui
1030 4207 1086 4248 ncc
1098 4189 1263 4246 comminui
1274 4188 1406 4257 valeant,
1421 4203 1477 4244 nec
1486 4201 1620 4257 congrus
1633 4181 1780 4256 coaptari,

82 4289 188 4345 mitur.
204 4289 422 4345 AEdiiicaturus
436 4303 507 4358 ergo
521 4288 655 4360 primum
670 4286 907 4342 tundamentum
961 4296 1013 4339 eos
1026 4295 1090 4335 non
1108 4278 1248 4344 assumit,
1264 4291 1301 4332 ne
1320 4276 1398 4330 torte
1418 4275 1492 4329 dum
1511 4273 1632 4336 silicem,
1642 4270 1783 4369 frangere

80 4376 218 4432 historias
225 4370 436 4449 ponejdcinde
446 4392 500 4448 per
510 4375 764 4446 significationem
773 4374 907 4445 typicam
919 4397 948 4452 D
960 4369 1092 4435 laborat,
1107 4364 1211 4420 limam
1232 4364 1364 4434 frangat.
1382 4359 1527 4416 Intende:
1544 4372 1608 4415 rem
1632 4356 1691 4413 tihi
1704 4368 1782 4456 ‘pro-

81 4465 115 4520 in
131 4480 231 4520 arcem
255 4465 325 4521 fidei
347 4464 494 4520 fabricam
508 4464 620 4519 mentis
636 4464 716 4534 erige
732 4481 739 4525 ς
757 4461 796 4517 ad
810 4463 908 4516 extre·
962 4456 1052 4529 posui
1065 4451 1257 4510 intuentihus
1265 4448 1534 4522 contemptibilem,
1548 4445 1602 4503 sed
1614 4442 1784 4525 intelligen-

83 4569 169 4609 mum
180 4569 251 4625 ergo
263 4570 315 4627 per
326 4553 523 4610 mortalitatis
532 4552 663 4623 gratiam
675 4551 764 4624 quasi
775 4548 910 4622 pulcher·
963 4545 1048 4601 tibus
1061 4541 1232 4598 imitatione
1244 4537 1377 4609 dignam.
1395 4535 1643 4593 Fundamentum
1656 4531 1690 4588 in
1701 4535 1783 4587 terra

84 4642 163 4697 rium
178 4643 363 4714 superducto
375 4642 473 4698 colore
487 4640 648 4696 aedificium
659 4636 910 4711 pingailabesin
964 4636 1021 4700 est,
1036 4645 1092 4687 nec
1106 4642 1223 4700 semper
1243 4626 1355 4698 politos
1381 4626 1474 4682 habet
1498 4623 1625 4696 lapides.
1652 4618 1782 4679 Fabrica

85 4730 216 4786 historia
238 4746 299 4802 quo
319 4730 377 4785 Dei
400 4730 482 4785 iacta
495 4729 625 4796 mireris,
639 4727 672 4781 in
688 4726 833 4797 allegoria
849 4738 911 4796 quo
965 4733 1056 4790 super
1096 4720 1218 4783 terram,
1254 4716 1285 4768 st
1315 4711 1462 4783 amatam
1507 4710 1618 4782 quaerit
1651 4709 1785 4764 structu·

87 4818 154 4890 eJus
176 4821 368 4873 sacramenta
392 4817 507 4886 credas,
522 4817 555 4872 in
575 4813 749 4870 moralitate
770 4826 832 4884 que
844 4826 909 4883 per·
964 4821 1041 4863 ram.
1057 4804 1106 4859 Sic
1124 4803 1228 4857 divim
1243 4801 1357 4873 pagina
1368 4796 1645 4854 multasecundum
1660 4797 1785 4889 natura·

87 4905 248 4961 tectionem
265 4906 363 4978 ipsius
379 4904 681 4974 imiteris.Legeergo
695 4899 817 4956 etdisce
829 4898 912 4970 quod
964 4895 1025 4951 lem
1042 4905 1165 4947 sensum
1186 4888 1331 4955 continet,
1346 4901 1416 4958 quas
1439 4889 1470 4941 et
1484 4884 1544 4940 sihi
1557 4895 1728 4957 repugnare
1740 4892 1785 4933 vt·

89 4995 126 5048 in
149 4995 317 5063 principio
349 4993 428 5063 fecit
463 4996 546 5048 Deus
579 4992 697 5047 coelum
726 4992 758 5043 et
787 4992 911 5043 terram
966 4980 1127 5046 dentur,et
1140 4988 1363 5045 nonnunquam
1377 4971 1590 5029 absurditatiis
1604 4969 1784 5038 autimpos·

91 5082 217 5153 (Gens).
235 5082 314 5153 Lege
325 5081 408 5154 quod
423 5084 458 5136 in
468 5081 634 5150 principio
647 5075 801 5149 plantavit
814 5087 911 5144 para·
966 5064 1124 5123 sihilitatis
1138 5060 1254 5133 aliquid
1270 5061 1385 5117 afferre.
1503 5122 1506 5129 ,
1657 5069 1660 5073 ’
1764 5137 1770 5150 Ι

90 5173 201 5226 disum
213 5172 442 5240 cotumaciam
450 5184 512 5238 qao
519 5168 630 5236 posuit
641 5166 805 5220 homiaem
817 5174 912 5231 quem
1002 5149 1177 5225 spiritualis
1187 5152 1290 5205 autem
1303 5147 1506 5218 intelligentia
1521 5144 1637 5200 nullam
1651 5139 1788 5196 admittit

90 5258 296 5328 formaverat
319 5261 409 5328 (Gen.
425 5257 459 5326 11)
475 5255 673 5327 ,peccantem
695 5249 821 5322 expulit,
837 5251 867 5303 et
881 5246 914 5302 in
967 5237 1249 5314 repugnantiam‚in
1261 5251 1323 5309 qua
1335 5235 1457 5292 diversa
1469 5229 1708 5326 multaadversa
1719 5223 1786 5280 nul·

91 5362 247 5402 aerumnas
270 5347 364 5418 hujus
386 5343 488 5401 saeculi
503 5341 620 5413 dejecit.
637 5339 715 5408 Lege
729 5334 862 5409 qualiter
875 5334 915 5388 ab
967 5330 1000 5387 la
1013 5343 1078 5384 esse
1092 5326 1231 5399 possunt.
1251 5323 1338 5388 Quod
1352 5324 1445 5387 etiam
1458 5321 1589 5393 primam
1615 5327 1723 5370 serrem
1744 5310 1789 5366 la-

91 5450 154 5490 uno
177 5434 302 5490 homine
323 5434 469 5489 universa
489 5427 618 5485 humani
641 5424 760 5496 generis
778 5436 916 5495 propago
969 5416 1076 5491 pidum
1086 5429 1177 5486 super
1189 5412 1422 5468 fundamentum
1434 5398 1792 5504 collocandorumadllffi

93 5522 395 5594 descendit,qualiter
414 5517 522 5574 deinde
536 5517 696 5588 peccantes
711 5510 794 5567 unda
807 5508 916 5565 diluvii
970 5510 1090 5562 tensam
1101 5500 1215 5555 lineam
1229 5499 1351 5569 disponi
1364 5495 1469 5562 vides;
1484 5492 1597 5564 qu1bus
1616 5487 1731 5586 scrhcet
1746 5488 1789 5587 to

94 5611 209 5679 obruit,
223 5610 355 5681 qualiter
379 5609 444 5663 Nee
465 5607 584 5678 justum
609 5615 677 5656 cum
700 5598 772 5654 fihis
796 5597 860 5652 suis
884 5596 917 5650 in
972 5596 1038 5648 tum
1054 5604 1131 5662 opus
1142 5587 1294 5659 reliquum
1303 5583 1485 5639 innitituret
1498 5580 1667 5677 coaptatur,
1681 5572 1794 5645 signifi·

93 5699 204 5756 mediis
217 5700 307 5770 arquis
327 5698 433 5752 divisa
447 5693 608 5751 clementia
628 5687 771 5756 servavit,
788 5684 919 5757 qualiter
973 5679 1092 5735 catione
1110 5691 1173 5732 non
1194 5661 1791 5766 caret.Namhocquaa1·ahudquoddam

95 5786 206 5844 deinde
220 5786 375 5842 Abraham
399 5783 469 5839 fidei
483 5778 675 5852 signaculum
690 5774 835 5846 suscepit,
849 5776 920 5844 post
973 5764 1209 5823 tundamentum
1232 5761 1289 5826 est,
1309 5759 1340 5811 et
1352 5755 1453 5810 totius
1463 5753 1597 5808 iaham
1608 5753 1722 5804 masis,
1731 5746 1816 5794 *aas
