3742 6082
118 193 169 248 ειι
483 195 636 254 ausoris
656 197 702 252 nr
721 197 751 253 ε.
770 194 920 253 vrcroen
939 191 1014 248 ore.
1035 188 1124 247 rans
1143 191 1177 246 ιι.
1198 219 1233 230 -
1252 162 1463 247 coccina.
1777 187 1825 244 sn

117 313 181 387 ipse
196 318 249 371 est.
267 316 516 391 innobisquippe
526 320 610 391 quod
620 319 766 376 dererum
777 318 946 390 cognitione
959 318 983 372 rt
998 313 1177 372 modocnim
1184 310 1826 386 Deusimmensusesset,siadejusoequalite·

117 403 310 478 percipimus,
325 409 354 461 et
367 422 402 462 θο
425 407 526 474 modo,
540 408 639 464 cordis
653 409 817 466 intellectus
843 408 881 465 de
909 406 946 463 iis
1001 401 1680 479 temeliquaquamlibctaxcellens,quemlibet
1695 401 1827 474 singula·

118 510 187 568 quae
210 499 294 552 extra
322 495 456 552 suntad
480 497 634 554 veritatem
661 498 804 569 indicant,
829 515 890 572 quo
915 513 946 553 se
999 493 1543 568 riscreaturapcrtiugeret‘lMaenas,
1557 491 1827 565 inquitPsalmista,

117 582 241 640 interius
256 583 417 641 animusin
431 587 696 653 representatione
720 589 839 660 figurat.
863 587 946 645 Unde
999 586 1144 642 Dominus
1168 590 1221 653 est,
1237 589 1264 642 et
1288 599 1401 656 rnopna
1415 585 1511 640 virtus
1526 586 1612 655 ejrss;
1633 588 1660 639 et
1675 584 1829 653 sapentia
1867 658 1870 663 Ι

118 685 241 728 necesse
256 675 311 742 θεῖ,
322 676 356 728 ut
368 672 442 729 dum
455 689 541 730 mens
555 674 678 733 interius
698 681 840 750 corrupta
853 692 946 751 prave
1000 674 1063 742 nus
1078 679 1349 749 nonest-nanterus
1375 673 1585 745 (Psatcxnvr).
1614 673 1647 729 Et
1663 670 1828 729 Salomon:
1870 674 1871 679 ’

119 759 255 832 afficitur,
270 760 435 819 intellectus
449 779 571 837 quoque
586 764 618 821 in
629 765 744 837 judicio
759 782 865 823 eorum
877 781 945 839 quae
999 762 1066 819 Non
1081 768 1124 819 est
1137 763 1295 832 sapientia,
1307 778 1368 819 raon
1383 768 1426 819 est
1436 761 1613 832 rvr-noenta,
1627 776 1688 817 non
1703 766 1747 817 est
1763 775 1830 817 eon·

119 849 189 907 foris
212 853 290 919 sunt,
315 850 490 924 decipiatur.
519 857 586 911 Haec
607 855 674 928 ipsa
698 859 743 913 θεῖ
765 872 945 929 causaque
999 849 1527 922 siticmcontrobeumterov.111).
1545 848 1831 924 Ubiquantumnon

119 937 208 994 etiam
219 938 382 1013 aliquando
392 940 423 996 in
434 941 546 999 unitate
557 959 702 1001 sensuum
710 945 945 1002 controversiam
999 943 1055 1010 est,
1085 942 1202 996 tantum
1228 938 1286 995 dici
1313 939 1397 1012 quod
1417 939 1542 1012 potest?
1566 937 1661 995 Portio
1689 937 1831 1012 quaeritur

117 1027 280 1085 verborum
295 1045 438 1100 generare
451 1032 535 1103 solet,
559 1049 628 1106 quae
650 1039 752 1092 tamen
766 1041 835 1092 tunc
849 1035 947 1107 magis
1003 1030 1054 1086 uhi
1068 1046 1212 1086 numerus
1234 1045 1296 1086 non
1311 1028 1468 1086 invenitur.
1498 1027 1654 1102 Sapientiae
1673 1029 1740 1099 eius
1771 1043 1831 1084 non

117 1116 244 1174 venialis
256 1117 300 1187 fit,
316 1135 386 1176 cum
401 1121 538 1193 pertinax
561 1139 623 1179 non
638 1123 735 1182 fuerit.
752 1128 833 1182 Hanc
858 1125 948 1196 igitur
1002 1123 1209 1176 estnumerus.
1226 1118 1304 1186 Quid
1318 1118 1407 1190 igilur
1418 1117 1511 1175 dl00‘?
1532 1117 1641 1175 Anima
1655 1116 1765 1175 Christi
1782 1121 1833 1174 ⁸¹¹²

117 1221 175 1264 nos
188 1206 242 1279 qni
253 1207 339 1264 verbi
354 1209 405 1265 liei
419 1213 593 1269 tractatores
614 1217 642 1270 et
666 1213 858 1287 inquisitores
872 1213 947 1270 veri·
1002 1214 1138 1267 creatura
1155 1225 1218 1266 non
1236 1206 1299 1276 tuit,
1315 1213 1368 1265 aut
1382 1206 1511 1264 &aeteri
1522 1206 1637 1280 equari
1650 1222 1712 1263 non
1726 1206 1830 1280 potuit.

118 1294 187 1353 tatis
202 1310 267 1353 csse
294 1295 442 1366 videmur,
459 1299 484 1354 si
508 1301 585 1357 inter
599 1317 657 1359 nos
671 1307 745 1359 torte
771 1303 815 1375 (ut
828 1303 946 1375 assolet)
1002 1302 1157 1356 imovero
1180 1298 1409 1373 quiaorcetura
1441 1301 1495 1363 cst,
1524 1295 1653 1354 Creatori
1676 1311 1741 1353 non
1766 1294 1831 1353 dioc

120 1383 767 1466 aliquandoinvenerimusoitiusinidipsum
776 1393 947 1462 redeamus,
1002 1387 1164 1462 aequanda,
1186 1388 1238 1445 sed
1261 1387 1331 1463 plus
1356 1386 1455 1445 audeo
1478 1385 1588 1456 dicere,
1603 1385 1695 1442 etiam
1713 1401 1833 1459 compa-

119 1487 168 1542 ne,
184 1473 209 1528 si
221 1475 401 1548 coeperimus
415 1483 517 1537 nostra
532 1480 611 1537 dicta
640 1482 829 1554 pertinaciter
847 1482 948 1539 deten-
1002 1479 1098 1535 rande
1123 1494 1185 1535 ι]οι]
1199 1482 1252 1536 est.
1272 1481 1348 1549 Ergo
1370 1476 1477 1544 dicitis,
1492 1475 1643 1533 minorem
1664 1474 1773 1533 habuit
1787 1490 1832 1532 sa-

104 1561 200 1630 dere,
214 1562 296 1621 aliud
305 1570 447 1639 putemur
457 1570 603 1642 sapuisse.
619 1571 692 1628 illud
705 1572 787 1645 quod
798 1572 835 1629 de
846 1573 949 1629 anima
1003 1567 1146 1641 pientiam
1156 1582 1249 1640 quam
1262 1565 1412 1623 verbum?
1425 1564 1483 1622 Sed
1494 1579 1600 1638 quaeso
1610 1563 1685 1637 quid
1692 1562 1830 1631 dicimus,

120 1650 226 1709 Christi
238 1653 368 1711 charitas
380 1660 509 1715 vestrae
523 1676 572 1715 mc
591 1677 725 1733 querere
740 1662 864 1732 dignata
891 1666 947 1726 est,
969 1671 1073 1725 Reum
1095 1656 1230 1713 animam
1242 1655 1408 1729 sapientem
1424 1654 1577 1711 dicimus?
1603 1651 1746 1727 Nunquid
1772 1667 1832 1709 non

118 1740 182 1811 Jam
196 1741 314 1814 pridem
336 1743 412 1802 inter
430 1748 582 1819 quosdam
605 1750 754 1823 sapientes
774 1751 948 1808 ventilatum
1004 1747 1152 1820 sapientia
1162 1746 1327 1819 sapientem
1346 1744 1501 1801 dicimus?
1526 1743 1597 1811 Quis
1612 1741 1695 1800 enim
1714 1741 1832 1816 sapiens

120 1827 211 1885 luisse
221 1830 322 1902 didici,
338 1839 427 1907 atque
442 1852 478 1892 ex
499 1837 555 1893 illis
581 1839 653 1911 quid
670 1840 815 1896 senserint
837 1840 949 1914 quibus
1004 1841 1059 1903 est,
1071 1836 1096 1893 si
1124 1836 1270 1908 sapientia
1283 1835 1403 1908 sapiens
1420 1835 1560 1891 nonest?
1578 1836 1613 1889 Et
1627 1837 1730 1890 umen
1750 1831 1833 1889 aliter

120 1919 219 1991 magis
231 1921 415 1980 credendum
430 1942 496 1982 esse
511 1927 729 1996 existimamus,
746 1934 810 1985 tum
825 1930 889 1986 aliis
911 1930 949 1985 de
1004 1927 1125 2002 sapiens
1139 1926 1224 1983 estin
1240 1942 1301 2000 quo
1326 1924 1473 1999 sapientia
1485 1930 1539 1994 est,
1552 1923 1636 1980 ahter
1655 1921 1777 1994 sapiens
1791 1922 1833 1975 cst

120 2006 204 2082 ipsis,
233 2013 297 2066 tum
315 2011 388 2086 ipsis
416 2015 454 2071 de
478 2032 510 2072 se
534 2017 730 2074 referentibus
752 2019 949 2090 agnovi.an
1004 2018 1056 2091 qui
1070 2016 1215 2089 sapientia
1231 2020 1283 2073 est.
1296 2014 1566 2089 Creaturasapiens
1579 2009 1833 2086 cst,quiainipse

120 2102 221 2155 autem
234 2115 304 2157 cum
318 2103 428 2176 saepius
442 2105 501 2162 hac
515 2107 682 2180 questione
696 2108 809 2181 pulsari
823 2109 947 2177 soleam,
1005 2106 1152 2180 sapientie
1172 2110 1226 2163 θεῖ.
1252 2107 1372 2162 Creator
1383 2120 1454 2160 vero
1471 2103 1593 2178 sapiens
1612 2106 1666 2170 θεῖ,
1684 2101 1758 2175 quia
1771 2099 1832 2173 ipse

120 2187 209 2244 talem
236 2204 364 2250 measse
379 2196 587 2270 protitoorqui
601 2197 712 2254 nollem
741 2197 810 2255 hinc
835 2198 949 2271 aliquid
1005 2196 1151 2268 sapientia
1165 2200 1220 2252 est.
1241 2194 1344 2252 Nullus
1358 2199 1458 2250 tamen
1474 2192 1538 2249 sinc
1554 2190 1701 2265 sapientia
1716 2189 1833 2263 sapiens

120 2276 160 2335 ab
174 2278 316 2335 omnibus
330 2281 378 2338 vel
392 2288 454 2340 tam
464 2285 580 2341 curiose
595 2302 630 2343 ac
640 2287 841 2361 superstitiose
852 2289 949 2361 inqui·
1004 2301 1071 2340 esse
1085 2289 1191 2357 potest,
1207 2284 1269 2341 sive
1281 2299 1317 2340 ea
1331 2299 1425 2356 quam
1447 2282 1548 2350 hehet,
1566 2281 1627 2337 siva
1639 2296 1676 2336 ea
1691 2295 1761 2353 quae
1773 2277 1833 2353 ipse

119 2366 156 2434 ri,
170 2365 292 2425 veltem
306 2369 432 2429 fidenter
447 2374 550 2431 asseri.
566 2375 742 2432 Undenunc
757 2393 880 2450 quoqne
900 2394 948 2447 ge·
1003 2379 1057 2430 est.
1072 2365 1282 2445 Animuigitur
1297 2372 1403 2430 Christi
1418 2370 1443 2427 si
1469 2370 1657 2445 sapiensest,
1673 2369 1737 2424 imo
1766 2366 1834 2442 quia

120 2454 246 2513 minain
257 2458 315 2515 hec
334 2475 366 2515 re
391 2461 629 2520 consideratione
643 2470 789 2536 coarctor,
814 2483 883 2522 cum
908 2466 948 2522 si·
1003 2467 1057 2535 est,
1071 2467 1123 2519 aut
1137 2463 1187 2519 illa
1216 2461 1321 2536 procul
1349 2461 1443 2518 dubio
1463 2460 1609 2534 sapientia
1637 2458 1760 2532 sopiens
1782 2460 1834 2524 est,

119 2544 210 2602 deam
235 2562 285 2602 me
299 2551 328 2603 et
340 2549 507 2621 prudentias
535 2559 594 2609 ture
619 2553 729 2611 debere
744 2554 903 2618 silentium,
920 2559 949 2611 et
1003 2568 1097 2626 quam
1106 2551 1207 2620 hebet,
1225 2555 1278 2608 aut
1296 2550 1347 2607 illa
1373 2567 1441 2623 quae
1456 2551 1525 2624 ipsa
1537 2551 1606 2607 est?
1627 2552 1771 2607 Crcatura
1786 2562 1834 2602 au·

119 2631 245 2690 bonitati
260 2651 448 2709 responsum.
461 2643 539 2697 lnter
549 2642 613 2698 lraeo
629 2641 694 2714 ipsa
708 2642 797 2698 etiam
812 2643 853 2699 rei
868 2642 948 2699 diffi·
1004 2646 1074 2711 tem,
1087 2642 1141 2698 etsi
1156 2640 1384 2715 participatione
1395 2640 1548 2713 sapientise
1563 2639 1684 2711 sapiens
1698 2640 1755 2706 cst,
1771 2636 1835 2709 ipsa

119 2722 377 2795 cultasoccurrit,
393 2744 462 2800 qua
483 2729 617 2787 fortassis
641 2747 703 2787 non
722 2734 829 2806 poterit
856 2750 874 2790 a
899 2750 949 2790 me
1004 2736 1103 2790 tamen
1119 2731 1264 2806 sapientia
1279 2747 1344 2788 esse
1373 2746 1435 2786 non
1461 2732 1568 2803 potest.
1593 2729 1664 2795 Quas
1678 2727 1771 2798 igitur
1796 2730 1838 2783 est

120 2816 153 2868 ut
162 2812 248 2869 decet
258 2816 472 2888 compendiose
486 2819 604 2888 discuti,
620 2837 690 2877 cum
706 2837 762 2891 ego
783 2822 807 2878 si
821 2823 948 2879 modum
1003 2821 1053 2878 illa
1067 2822 1223 2895 sapientia,
1234 2838 1296 2895 qua
1310 2820 1411 2878 anima
1427 2819 1532 2878 Christi
1545 2818 1664 2893 sapiens
1678 2821 1724 2874 est
1737 2815 1838 2883 ‘louid

120 2900 151 2957 in
166 2901 294 2961 dicendo
309 2905 454 2962 transiero
469 2907 592 2966 timeam
606 2911 830 2983 superstitiosus
843 2912 946 2969 videri.
1003 2910 1075 2967 dicit
1087 2913 1217 2967 ioannes
1238 2910 1276 2966 de
1296 2908 1418 2965 Verbo?
1436 2909 1524 2978 Erat,
1554 2906 1660 2980 inquit,
1689 2906 1836 2972 lenanu,

120 2989 191 3046 Volo
207 2996 308 3048 tamen
335 2998 364 3050 ct
375 2995 469 3051 multo
495 2999 593 3069 magis
607 2998 677 3056 volo
693 2999 794 3072 aliqua
809 3000 839 3056 in
864 3007 949 3074 parto
969 3015 1069 3081 Caute
1085 3000 1239 3055 illuminat
1250 3013 1366 3054 ornnem
1379 2998 1526 3054 bominem
1542 2993 1747 3053 venientemin
1757 2993 1837 3050 banc

120 3076 245 3136 inscitiae
271 3082 366 3152 argui,
391 3101 484 3157 quarn
511 3087 664 3145 charitatis
702 3094 890 3161 contemptor
913 3091 954 3148 ri·
1006 3088 1151 3144 mundant
1168 3087 1309 3158 (Joan.r).
1342 3085 1418 3152 Quid
1433 3083 1617 3141 estVerbum
1641 3080 1698 3138 nisi
1721 3081 1838 3154 sapien-

121 3166 194 3236 deri,
206 3172 235 3226 et
245 3170 338 3228 verba
350 3172 505 3249 incompta
516 3176 638 3248 habere,
652 3194 747 3250 quam
761 3195 813 3234 cor
836 3195 954 3253 perver·
1007 3177 1069 3233 tia‘t
1083 3176 1165 3232 ldem
1180 3176 1259 3231 enim
1274 3174 1327 3248 qui
1342 3174 1469 3231 verbum
1485 3173 1536 3229 Dei
1558 3174 1704 3229 elcanae
1719 3168 1836 3238 dicitur,

122 3272 200 3315 sum·
1006 3265 1070 3339 ipse
1092 3264 1239 3338 sapientia
1258 3266 1308 3321 Dei
1321 3280 1340 3321 a
1353 3263 1444 3321 Paulo
1469 3262 1651 3320 nominatur.
1682 3260 1837 3317 Christum

148 3366 319 3433 SEQUlTUR
334 3372 447 3428 beoisto
458 3375 628 3443 assertionis
638 3375 674 3430 dc
687 3377 788 3433 anima
797 3377 922 3447 Christi,
1007 3355 1097 3424 essim,
1111 3354 1209 3426 inquit
1221 3353 1328 3410 Panlus
1342 3351 1509 3427 ³P⁰SlOlU82
1521 3351 1578 3408 Del
1592 3351 1732 3448 ”mitem
1743 3354 1772 3406 0²
1785 3346 1840 3403 Del

122 3441 784 3511 utramnquatenr.carridioinitatescientiane
800 3448 949 3506 babuerat.
1006 3444 1184 3513 sapientiam
1213 3442 1242 3511 (l
1252 3442 1321 3499 Cor.
1337 3449 1366 3513 r).
1397 3440 1530 3499 Christus
1551 3439 1640 3510 igitur
1653 3454 1719 3511 ipse
1731 3441 1762 3495 et
1775 3437 1839 3492 Ver·

159 3527 271 3592 Quaeris
286 3528 323 3584 de
338 3531 440 3587 anima
455 3531 571 3598 Christi,
584 3533 615 3589 id
630 3539 675 3590 cst
696 3534 733 3590 do
748 3534 798 3590 illo
813 3535 951 3593 rationali
1007 3532 1092 3599 bum,
1107 3535 1136 3587 et
1149 3530 1214 3604 ipse
1240 3535 1284 3586 est
1312 3527 1468 3602 sapientia.
1493 3529 1622 3585 Verbum
1637 3525 1797 3600 sapientia,
1812 3528 1839 3578 et

123 3613 236 3687 spiritu,
253 3616 305 3690 qui
318 3618 485 3677 humanam
498 3620 530 3677 in
552 3622 667 3680 Christo
691 3623 813 3680 homine
828 3641 949 3681 carnem
1008 3620 1154 3694 sapientia
1166 3619 1304 3678 Verbum.
1316 3618 1446 3675 Verbum
1459 3616 1617 3690 sapientia,
1633 3616 1717 3690 quia,
1743 3615 1838 3671 Erae·

121 3706 277 3777 vegetavit,
299 3724 391 3781 quem
413 3710 543 3766 Verbum
568 3726 638 3768 eum
662 3728 751 3770 carne
774 3712 847 3770 etin
862 3729 951 3769 carne
1008 3713 1082 3768 teuit
1098 3726 1259 3767 θονιηθιιιιι
1285 3708 1407 3766 aerium
1431 3708 1538 3764 honam
1561 3707 1654 3778 (Psal.
1671 3704 1758 3776 xire).
1790 3704 1840 3760 Sa·

121 3791 188 3866 ipsa
211 3792 268 3849 sibi
293 3796 324 3853 in
352 3800 497 3856 unitatem
518 3817 640 3874 pesonae
671 3802 775 3874 univit,
811 3806 844 3858 ut
875 3806 953 3858 esset
1008 3800 1119 3873 pientia
1133 3800 1260 3856 verbum
1274 3799 1356 3872 quia,
1372 3797 1596 3869 Eposapientia
1610 3792 1840 3852 ecoretttissi-

123 3881 255 3937 Christus
277 3900 356 3940 unus
381 3887 411 3942 in
439 3905 501 3944 una
519 3905 660 3961 persona,
679 3890 798 3946 ‹lualsus
825 3891 950 3957 naturis,
1006 3892 1050 3945 nsi
1072 3890 1183 3960 protili.
1210 3888 1413 3959 primoqenita
1434 3892 1505 3943 onte
1526 3901 1641 3942 omaern
1666 3890 1838 3941 creatarum

122 3967 218 4023 tribus
243 3972 377 4028 essentiis
407 3991 413 4028 :
442 3991 504 4029 una
536 3976 672 4032 videlicet
701 3993 851 4049 porsona3
879 3979 952 4052 quia
1009 3980 1125 4049 (ticeli,
1141 3980 1229 4050 xxiv).
1260 3976 1411 4050 Sapientia
1424 3975 1514 4046 igitur
1540 3974 1666 4031 verbum
1680 3972 1783 4029 cordis
1813 3978 1840 4029 et

122 4055 203 4112 idem
227 4058 331 4127 homo,
361 4066 597 4136 propterquam
625 4067 764 4138 suscepit,
795 4071 823 4122 et
847 4070 950 4135 Deus;
1008 4062 1839 4141 verbumsapientioeoris,quiadumverbumexcorde

123 4149 340 4222 propterquod
355 4150 410 4207 luit
424 4151 544 4208 duabus
573 4152 700 4224 naturis,
715 4154 817 4211 divina
841 4154 952 4212 scilicet
1008 4161 1037 4212 et
1051 4157 1195 4230 sapientia
1215 4172 1249 4211 ox
1266 4171 1317 4212 ore
1344 4153 1464 4228 prodire
1477 4153 1595 4223 dicitur,
1605 4150 1685 4208 idem
1707 4166 1775 4207 essc
1791 4167 1839 4207 sa-

123 4240 213 4310 atque
243 4238 387 4308 humana,
425 4240 455 4297 in
491 4242 552 4297 Deo
579 4246 607 4298 et
641 4241 762 4298 homine
791 4259 861 4310 uno,
890 4260 950 4300 non
1006 4246 1118 4320 pientia
1133 4251 1161 4302 et
1173 4244 1300 4301 verbum
1312 4244 1545 4300 demonstretur.
1561 4247 1662 4315 ltaque
1677 4239 1701 4295 si
1709 4239 1840 4296 verbum

122 4328 192 4385 unis
204 4347 211 4399 ;
225 4329 321 4386 tribus
334 4331 480 4395 essentiis,
495 4332 657 4400 divinitate,
674 4338 812 4403 cai·ne,et
827 4333 948 4390 anima:
970 4378 992 4433 D
1007 4334 1164 4401 illuminet,
1179 4332 1501 4407 sapientiaillaminat;
1516 4330 1589 4404 quia
1600 4345 1655 4386 nec
1668 4327 1839 4384 illuminare

62 4422 64 4427 ’
123 4417 186 4474 sine
211 4421 399 4491 separatione
430 4420 573 4488 discretis,
604 4421 668 4478 sine
693 4422 868 4479 confusione
902 4440 950 4480 so-
1007 4423 1133 4480 verbum
1151 4427 1276 4496 poterat,
1291 4423 1315 4478 si
1330 4421 1476 4495 sapientia
1495 4436 1557 4477 non
1572 4423 1643 4476 erat.
1665 4417 1744 4485 Quid
1758 4418 1838 4474 enim

123 4505 218 4561 ciatis.
244 4506 284 4560 De
319 4506 369 4563 illa
399 4508 526 4580 inquaru
551 4509 664 4580 anima,
692 4526 754 4583 qua
789 4511 939 4569 mediante
1008 4506 1839 4584 tooitvernumsinesapientia?verbumsonat,sapien·

129 4593 254 4649 Verbum
277 4609 348 4650 earo
370 4597 486 4666 facturn
510 4604 563 4667 est,
586 4603 613 4654 et
640 4599 786 4657 habitavit
809 4602 840 4657 in
868 4603 952 4658 notis
1008 4601 1049 4657 tia
1061 4600 1304 4657 illuminatb'am
1314 4604 1342 4656 et
1352 4599 1419 4673 ipsa
1429 4596 1636 4674 sapientialux
1653 4599 1708 4664 est,
1720 4600 1749 4652 et
1762 4594 1838 4651 Deus

124 4681 273 4755 (loon.1);
289 4683 421 4755 quaeritis
439 4689 540 4740 utrum
551 4681 698 4759 aiqrralem
715 4704 783 4744 cum
799 4688 953 4746 divinitate
1008 4692 1060 4748 lux
1070 4695 1122 4755 est,
1134 4691 1288 4764 quiaileus
1300 4689 1501 4763 sapientiaest
1512 4692 1634 4757 ;etoum
1645 4685 1838 4743 Deusillumi·

123 4771 277 4828 scientiam
300 4772 447 4831 habuerit.
473 4774 606 4846 adjicitis
625 4775 725 4843 etiam,
751 4779 834 4851 quod
854 4778 878 4834 si
902 4778 953 4835 illa
1008 4785 1070 4850 nat,
1082 4779 1228 4854 sapientia
1240 4779 1400 4849 illuminat,
1411 4782 1440 4835 et
1448 4776 1514 4834 luce
1526 4776 1692 4833 illuminat:
1708 4791 1765 4832 nec
1781 4774 1838 4832 alie

123 4860 225 4918 anima
240 4877 318 4934 quae,
334 4865 474 4936 quemvis
488 4864 621 4921 creatrici
635 4871 751 4922 naturae
763 4867 953 4924 ineffabiliter
1008 4870 1074 4926 luce
1084 4869 1243 4939 illuminet,
1255 4866 1308 4924 seh
1330 4883 1366 4924 ea
1375 4866 1441 4923 luce
1450 4883 1519 4940 quar
1533 4866 1600 4938 ipsa
1611 4869 1675 4934 est;
1700 4864 1773 4939 quia
1787 4863 1837 4919 lux

124 4950 207 5007 unita
233 4950 338 5021 lucrat,
367 4952 572 5010 indubitanter
592 4958 692 5011 tamen
722 4962 854 5014 creatura
878 4960 950 5026 erat,
1008 4964 1061 5028 est,
1078 4962 1107 5014 et
1120 4956 1245 5013 verbum
1267 4957 1319 5013 lux
1334 4960 1389 5023 est,
1405 4961 1434 5012 et
1448 4954 1594 5029 sapientia
1608 4953 1659 5010 lur
1674 4958 1740 5023 est;
1767 4951 1837 5027 quia

123 5040 354 5115 oequalemcum
369 5041 522 5101 divinitate
538 5045 693 5102 scientiam
716 5046 865 5113 habuerit,
881 5050 952 5102 tunc
1008 5048 1135 5104 verbum
1150 5047 1362 5121 sapientiaest,
1382 5051 1411 5103 ot
1425 5045 1573 5120 sapientia
1587 5048 1665 5101 Deus
1688 5046 1744 5100 est.
1760 5045 1835 5107 Erat,

123 5130 266 5187 nimirum
274 5135 410 5187 creatura
418 5133 548 5189 Creatori
558 5134 682 5206 aequalis
696 5133 770 5191 luit:
791 5151 850 5191 non
862 5150 951 5207 posse
1007 5139 1113 5212 inquit,
1134 5139 1186 5194 lux
1201 5153 1273 5195 vera
1296 5154 1364 5210 quae
1378 5135 1527 5193 illuminat
1545 5151 1668 5192 omnem
1681 5131 1836 5191 hominem

122 5220 604 5279 autemCrcatoriiacturamsuain
614 5223 820 5295 inaequalitate
830 5238 952 5295 compa·
1006 5228 1176 5283 venientem
1199 5226 1229 5282 in
1244 5227 1325 5282 hunc
1349 5225 1486 5281 modum.
1512 5224 1589 5290 Quid
1604 5222 1721 5294 igitur?
1748 5219 1837 5279 ldalos

123 5307 248 5365 rabilem
263 5307 327 5364 fieri
344 5309 398 5365 etsi
406 5311 534 5382 potuerit
546 5310 576 5366 in
585 5310 768 5366 consortium
777 5310 895 5365 unitatis
905 5326 952 5365 as·
1007 5315 1156 5373 illuminat
1177 5316 1229 5373 lux
1243 5314 1309 5383 ista,
1324 5319 1353 5371 et
1366 5314 1463 5372 malos
1477 5316 1556 5370 neus
1573 5311 1745 5369 illuminat?
1759 5313 1836 5378 Quo-

124 5397 950 5470 sumihongealiudesscuniridignationcetcomparari
1005 5404 1099 5461 modo
1114 5404 1268 5476 ergocaeci
1294 5403 1386 5460 sunt?
1413 5401 1578 5475 nudique]
1603 5399 1738 5473 sequitur
1765 5417 1772 5456 :
1800 5399 1837 5454 Et

123 5488 290 5558 majestat&
302 5486 389 5543 Multa
401 5487 536 5543 suntalia
545 5502 613 5558 ‹1¹1oe
620 5485 649 5541 in
663 5487 743 5541 hunc
754 5485 879 5542 modum
890 5486 950 5542 lor·
1007 5494 1062 5551 tac
1075 5495 1104 5550 in
1122 5494 1249 5551 tenebris
1264 5493 1352 5560 lacet,
1367 5497 1394 5548 et
1411 5492 1539 5549 tenebra
1553 5506 1616 5547 eom
1627 5505 1687 5545 non
1704 5502 1836 5558 eompre-

124 5578 206 5630 tasse
216 5575 351 5631 absurda
365 5574 520 5631 ostendere
542 5573 675 5646 potuisti.
692 5573 749 5630 Sed
765 5590 820 5645 ego
832 5575 874 5632 sic
889 5592 951 5632 una
1006 5579 1173 5637 henderent
1203 5581 1300 5653 (Joan.
1324 5581 1354 5651 1).
1383 5579 1460 5645 Quid
1487 5583 1541 5647 est,
1571 5578 1624 5634 lux
1649 5576 1681 5634 in
1707 5572 1837 5633 tenebris

124 5667 224 5720 ῖθοοιο
235 5661 952 5738 lalsaraicllerecupio,sioutveraprotiteri.0uo·
1003 5665 1104 5726 lucet?
1132 5672 1166 5727 Et
1183 5668 1259 5746 quid
1273 5668 1403 5728 enchra
1421 5666 1534 5728 iaciunt
1548 5667 1572 5724 si
1586 5665 1639 5725 lux
1654 5664 1698 5724 ibi
1711 5665 1782 5725 esti
1807 5664 1838 5721 Et
