3742 6082
500 165 545 221 DE
568 164 748 223 uetustae
767 162 897 220 lutura
916 193 950 203 -
969 165 1034 220 ltu.
1055 167 1098 223 lv,
1584 178 1658 233 iliu

54 309 65 357 ¹,
89 288 164 345 dum
187 286 297 343 divina
324 286 482 361 Scriptura
501 288 609 362 *verhis
635 288 775 361 Ecclesia,
790 288 815 342 A
831 286 971 344 diabolus
985 289 1054 347 ions
1069 289 1222 361 draconis,
1238 291 1268 349 id
1290 297 1343 365 est,
1370 293 1486 351 initium
1512 296 1659 356 elationis.

55 376 286 447 contradicente,
313 375 456 433 munitur.
482 378 670 436 Stantetiam
698 377 778 437 muri
831 376 875 432 dh
903 376 971 450 ipso
995 378 1075 435 enim
1094 378 1215 437 diaholo
1243 380 1333 455 culpa
1357 384 1505 457 superbiae
1530 387 1659 462 sumpsit

54 485 84 540 n,
95 467 170 524 dum
186 464 247 523 vila
260 469 289 524 et
302 465 438 524 moribus
454 468 684 526 commendatur
705 468 777 525 doc·
831 463 998 522 exordium.
1017 467 1098 525 Unde
1111 467 1327 541 postulationis
1345 470 1583 543 inundationem,
1597 474 1658 534 rui-

54 555 242 613 troelatorum.
830 570 877 609 11ae
891 554 1000 612 meruit
1013 555 1143 629 lapsum.
1159 559 1253 616 Draco
1266 559 1380 616 calens
1392 563 1580 635 serpentibus
1595 582 1658 623 ma-

55 661 94 703 tr.
112 649 155 702 lll.
171 647 215 701 De
226 646 323 716 portis
334 647 524 705 Hierusalem
535 649 699 712 moraliter.
827 642 876 713 jor
890 659 955 700 esse
967 643 1084 714 dicitur,
1097 645 1169 719 quia
1178 652 1272 721 caput
1285 648 1433 721 superhiae
1447 651 1535 708 etiam
1547 654 1658 712 coelum

55 740 75 793 tt
99 733 189 792 etiam
215 733 396 792 Hierusalem
420 740 533 808 portas,
555 736 776 795 exhortationes
829 731 958 803 tetigisse
974 738 1167 791 memoratur.
1184 740 1258 792 Ante
1272 736 1384 793 iontem
1406 737 1496 809 igitur
1518 740 1657 799 draconis

55 828 82 882 el
93 826 269 882 sanctorum
282 827 402 882 Petrum
409 825 562 895 discretas,
576 843 630 902 per
640 843 718 901 quas
732 827 773 883 in·
828 821 942 892 transit,
957 821 1029 897 quia
1041 823 1162 880 ruinam
1175 825 1284 898 angeli,
1298 832 1326 882 et
1344 825 1463 899 lapsum
1474 828 1605 887 hominis
1617 832 1657 888 ad

55 911 314 989 turinEcclesiam
329 918 358 971 et
378 914 548 987 egredimur
567 917 606 974 ad
630 920 775 974 aeternam
827 910 1006 968 memoriam
1019 911 1143 970 reducit.
1160 916 1192 969 Et
1205 914 1244 970 ad
1259 918 1378 987 portam
1402 916 1548 974 stercoris.
1569 919 1657 975 Porta

58 1001 209 1073 attollite,
231 1001 337 1076 inquit,
356 1009 462 1074 portas
470 1007 625 1079 principes
648 1011 772 1076 vestras,
827 1000 977 1072 stercoris,
993 1006 1037 1058 est
1061 1001 1152 1059 virtus
1176 1003 1382 1061 contessionis.
1414 1005 1588 1064 sicutenim
1603 1024 1657 1082 per

55 1092 159 1150 lamini
179 1097 277 1161 porta
300 1094 465 1162 aeternales,
494 1099 521 1151 et
547 1095 683 1152 introibit
710 1095 774 1151 Rea
826 1089 1143 1162 portamlimuscxtra
1159 1091 1307 1151 civitatem
1326 1093 1453 1164 vehitur,
1483 1095 1656 1171 sipercon·

58 1184 154 1256 (Psal.
170 1183 262 1254 xxnr).
277 1183 426 1256 Principes
442 1188 512 1241 sunt
526 1184 599 1242 honi
626 1184 674 1244 vel
700 1183 773 1242 mali
825 1178 996 1250 lessionem,
1022 1181 1137 1254 peceati
1162 1182 1237 1239 letor·
1258 1199 1276 1239 a
1297 1188 1396 1241 mente
1422 1200 1544 1243 necesse
1567 1190 1656 1244 estut

55 1289 90 1330 rs.
106 1271 251 1346 Malorum
264 1276 358 1346 porta
372 1276 441 1329 sunt
451 1288 598 1347 perverse
609 1273 773 1345 suggestio·
826 1266 970 1338 ejiciatur.
985 1270 1025 1325 Et
1040 1271 1265 1328 considerabam
1280 1289 1400 1330 murum
1413 1275 1581 1332 Jerusalem
1598 1277 1656 1331 dis·

55 1377 179 1421 >norum
193 1362 621 1420 verosanctaeexhoriaiionis,
636 1365 689 1419 Per
700 1363 772 1420 istas
824 1357 966 1428 sapatum,
982 1363 1011 1414 et
1018 1365 1123 1429 portas
1134 1362 1198 1431 ejus
1213 1361 1279 1433 inni
1292 1368 1423 1419 anastas.
1442 1366 1557 1421 Murum
1575 1365 1656 1420 leru-

55 1451 172 1521 coelum,
187 1450 320 1524 perillus
348 1450 538 1508 descenditur
552 1450 592 1508 ad
609 1450 769 1508 infernum.
825 1444 920 1501 salem
932 1444 1112 1519 dissipatum
1127 1448 1305 1518 considerat,
1322 1455 1350 1507 et
1364 1449 1477 1520 circuit,
1488 1452 1654 1526 quilapsus

55 1545 192 1612 arantur,
208 1539 265 1596 illae
276 1539 439 1597 elevantur.
454 1541 679 1599 lslaesetemales
690 1546 770 1612 sunt,
824 1533 933 1606 carnis,
950 1538 979 1591 el
989 1535 1133 1595 scissuras
1145 1538 1253 1595 mentis
1262 1539 1419 1610 diligenter
1428 1541 1561 1598 attendit.
1577 1546 1654 1600 Con-

56 1629 69 1686 1
83 1629 277 1687 aeternitatem
296 1633 447 1705 perpetuae
472 1628 618 1688 felicitatis
632 1631 746 1689 ducunt
762 1650 770 1702 i
787 1649 807 1703 Β
825 1623 935 1681 siderat
948 1630 1051 1699 portas
1066 1627 1127 1698 igni
1137 1633 1258 1686 exustas
1272 1645 1377 1686 sensus
1391 1630 1526 1689 videlicet
1547 1647 1654 1707 corpo·

55 1724 84 1778 ii
96 1724 191 1793 poriae
208 1719 323 1791 moitis,
350 1719 603 1794 quiipeiiiuiiffli
616 1721 656 1779 id
681 1722 773 1795 ahys.
823 1713 864 1769 ris
876 1714 945 1785 igne
955 1714 1080 1772 luxuriae
1088 1721 1117 1774 et
1129 1717 1260 1773 llammis
1270 1718 1433 1775 iracundie
1446 1726 1652 1795 consumptos.

56 1814 172 1884 ipetuffi
187 1809 400 1868 damnationis,
416 1812 470 1867 per
483 1809 555 1868 isias
569 1812 700 1870 introibit
719 1829 771 1870 iix
824 1805 859 1859 Et
872 1804 995 1862 hansivi
1006 1804 1046 1862 ad
1060 1810 1180 1878 portam
1194 1806 1304 1880 pontis.
1320 1810 1396 1863 Pons
1406 1807 1447 1863 ihi
1462 1809 1652 1882 construitur,

67 1915 122 1974 pii·
147 1897 213 1956 ilias
234 1897 373 1956 diabolus
400 1915 454 1956 rex
469 1899 628 1974 superbiai,
657 1903 771 1972 item
824 1891 876 1948 uhi
891 1892 928 1949 de
941 1909 1002 1950 uno
1015 1893 1081 1950 loco
1096 1894 1136 1951 ad
1149 1895 1276 1951 alterum
1287 1895 1437 1952 transitur.
1452 1900 1576 1955 Pontem
1584 1899 1654 1956 laei-

78 1993 171 2061 terna,
184 1988 282 2064 inquit
294 1988 447 2063 ieremias,
457 1997 557 2063 porte
569 1994 633 2063 ejas
647 1992 768 2066 (Thrae.
824 1997 905 2053 11111,
920 1997 989 2037 111111
1013 1981 1222 2054 1111111111
1247 1982 1375 2054 agimus.
1404 1988 1435 2040 ¹¹¹
1461 1989 1552 2059 ponte
1571 1987 1653 2058 11811

58 2077 347 2152 reinterraportae
362 2079 546 2138 Hierusalem
562 2080 779 2139 tesserularum·
823 2069 976 2143 ponimus,
988 2071 1061 2128 1111
1084 2071 1251 2129 transeunti
1264 2072 1373 2129 1111111
1388 2089 1511 2130 1111111
1535 2075 1652 2147 sublici·

56 2167 130 2225 ofigs
145 2183 249 2226 amore
271 2171 457 2226 terrenarum
478 2186 579 2227 perum
593 2171 770 2244 ppaelgtissc.
823 2176 902 2216 mus.
915 2162 1037 2218 Pontem
1051 2161 1223 2232 transimus,
1238 2161 1363 2236 quando
1380 2162 1418 2219 de
1433 2163 1512 2220 vllits
1533 2164 1572 2221 ad
1596 2166 1653 2222 ViI'·

56 2255 245 2315 delectantur.
256 2259 289 2314 Et
300 2263 404 2316 erectoe
419 2264 498 2329 sunt,
508 2260 625 2334 quoties
639 2261 770 2332 coelestia
823 2249 1172 2320 11111111111181111111·
1201 2250 1230 2308 Si
1244 2266 1316 2307 1110
1331 2250 1651 2325 10111101111811111,

56 2349 87 2405 tt.
100 2346 182 2417 Unde
193 2362 246 2420 per
257 2348 440 2406 Ezechielem
449 2349 629 2423 prophetam
639 2349 767 2408 dicitur:
823 2337 944 2395 11111111
956 2338 1139 2412 quibusdam
1160 2339 1314 2396 1011111113
1329 2339 1473 2413 impium
1496 2342 1651 2415 1111111111,

72 2432 178 2508 inquii,
193 2436 370 2506 respiciebat
386 2437 465 2494 viam
480 2438 630 2510 aquiiomi
647 2439 766 2507 (giiii,
821 2443 883 2485 non
898 2432 942 2484 est
956 2429 1067 2486 mirum
1078 2428 1102 2484 si
1120 2431 1239 2502 portam
1255 2429 1392 2487 stercoris
1408 2430 1541 2504 sequitur
1564 2438 1652 2506 porta

56 2522 218 2598 ‚aquilonis
232 2528 277 2581 esi
289 2524 350 2582 viia
363 2524 542 2599 peecatoris,
553 2527 638 2584 iiim
652 2528 768 2602 aquilo.
823 2517 923 2586 tontis,
934 2522 968 2574 ut
978 2516 1055 2575 letor
1069 2518 1202 2575 criminis
1218 2519 1380 2575 mundetur
1393 2518 1544 2593 lacrymis.
1559 2524 1593 2577 Et
1613 2521 1652 2578 ad

59 2613 227 2687 tarespicit,
242 2613 367 2688 quando
377 2615 503 2688 quilibet
514 2616 619 2674 doctor
631 2618 769 2692 spiritua.
823 2607 1035 2681 aqueductum
1060 2606 1147 2676 regis.
1170 2606 1373 2680 aqueductus
1395 2612 1440 2663 est
1467 2607 1652 2666 desiderium

58 2702 178 2772 aderat,
201 2708 230 2761 et
256 2705 450 2778 reprehendit
472 2706 565 2763 vitam
593 2708 766 2782 peccatoris.
822 2693 1158 2768 contemplandilleum.
1171 2695 1652 2769 1111111,811111111111111111111·

57 2791 121 2850 nim
132 2793 237 2850 doctor
251 2808 318 2850 eise
332 2793 451 2863 dicitur,
465 2795 538 2868 quia
553 2812 607 2870 per
618 2796 719 2871 ipsum
729 2799 769 2856 iii
822 2787 897 2843 citur
907 2800 971 2840 esse
982 2782 1070 2854 regis,
1078 2783 1108 2840 id
1115 2783 1360 2850 est,rationissu0
1363 2785 1477 2856 iudicio
1483 2791 1592 2844 cuncta
1606 2804 1653 2844 re·

57 2898 83 2939 m
96 2881 190 2941 vitam
210 2886 290 2940 recto
317 2883 434 2941 tramite
447 2885 630 2958 pei-venitur,
660 2888 717 2945 sid
741 2892 770 2946 ii
822 2876 927 2948 gentis.
936 2875 1041 2931 lilaea
1062 2880 1137 2939 erut,
1156 2872 1261 2947 inquit,
1278 2876 1359 2931 locus
1369 2877 1507 2944 jumento
1517 2878 1654 2935 caiscde-

57 2974 118 3029 rias
139 2972 248 3030 animai
265 2972 425 3045 designare
446 2989 609 3048 possumus
633 2976 804 3059 diversosc
823 2964 1101 3034 harmattransiret.
1118 2962 1654 3039 Cumadaquoeduetumregisperve·

58 3078 72 3117 ⁸
87 3075 202 3118 sensus,
217 3064 310 3119 portoe
321 3063 403 3120 enim
419 3068 499 3134 sunt,
513 3063 587 3138 quia
598 3081 652 3139 pii·
665 3082 717 3127 iii
727 3068 770 3125 in.
822 3054 907 3124 niret,
917 3069 978 3110 non
988 3050 1337 3124 eratjumentoloeus,ut
1347 3052 1586 3127 transireposset.
1603 3058 1654 3112 lu·

58 3154 199 3221 imunt,
215 3150 267 3225 qui
280 3150 429 3210 civitatem
442 3153 630 3213 subvertunt,
654 3159 768 3214 exeunt
822 3147 959 3203 mentum
965 3140 1163 3199 esthehetudo
1170 3140 1350 3211 mentis,sive
1357 3143 1536 3201 sensualitas
1542 3161 1652 3202 carnrs.

57 3243 98 3308 nt,
113 3239 166 3315 qui
180 3239 259 3298 cives
274 3240 411 3312 ejusdem
427 3241 555 3299 civitatis
584 3244 769 3320 quandoque
824 3230 1652 3307 Siigiluraquaeduetusregisastamorconlemplationis,

57 3331 117 3386 rtet
140 3334 328 3387 conservant,
351 3331 402 3387 Hae
418 3330 567 3405 siquidem
581 3339 673 3408 porta)
699 3338 769 3394 tunc
823 3324 849 3381 si
865 3321 1063 3397 aquaeductus
1078 3319 1280 3392 glafiasancfi
1292 3320 1427 3394 Spiritus,
1444 3322 1467 3378 si
1481 3323 1654 3394 jumentum

57 3415 190 3475 adelina
213 3418 325 3490 jacent,
352 3420 476 3493 quando
505 3437 611 3479 seusus
637 3423 771 3498 corporis
823 3412 975 3471 hebetudo
991 3410 1110 3480 mentis,
1126 3410 1174 3468 sel
1196 3410 1372 3467 sensualitas
1387 3411 1495 3481 earnis,
1521 3428 1583 3470 non
1608 3419 1655 3471 est

57 3525 63 3562 i
85 3506 240 3565 desideriis
261 3507 380 3581 penitus
401 3508 557 3569 inhaereni
584 3516 617 3569 ιη
637 3513 771 3570 vectibus
823 3504 935 3561 mirum
951 3501 977 3558 si
994 3500 1171 3558 sensualitas
1184 3500 1283 3558 carnis
1297 3505 1360 3558 tum
1379 3501 1436 3557 cito
1449 3517 1511 3558 non
1524 3507 1655 3560 transeat

58 3600 128 3654 ecte
140 3595 284 3670 pendent,
299 3598 416 3671 quotics
431 3600 566 3674 corporis
577 3616 682 3660 sensus
695 3603 771 3661 divi.
824 3593 863 3650 ud
873 3592 1001 3665 gratiam
1012 3589 1284 3663 contemplationis.
1297 3590 1475 3660 Etascendi,
1486 3591 1591 3664 inquit,
1598 3607 1655 3661 per

58 3685 249 3760 ‚temptationi
259 3691 372 3759 patent.
825 3685 987 3739 torrentem
1002 3680 1131 3736 Cedron.
1145 3677 1261 3735 Cedron
1275 3677 1485 3751 interpretatus
1499 3678 1593 3733 tristis
1608 3674 1654 3732 vel

58 3777 73 3832 ἰ.
87 3776 132 3831 De
139 3775 237 3844 portis
249 3775 416 3834 leucatem
431 3792 469 3835 er
483 3779 580 3836 nerea
591 3781 751 3839 Neimiae,
824 3784 945 3828 matur.
961 3767 1069 3824 Anima
1083 3767 1120 3823 de
1135 3766 1306 3840 captivitate
1317 3765 1452 3835 reducta,
1465 3764 1496 3822 id
1509 3768 1562 3833 est,
1573 3763 1655 3820 novi·

58 3860 126 3918 ubis
139 3862 287 3918 Nehemioe
302 3862 354 3919 lilii
365 3862 473 3920 Elehiae
501 3864 540 3921 de
553 3865 648 3938 portis
659 3867 774 3922 Jerusa-
824 3863 869 3916 ter
884 3857 923 3914 ad
939 3857 1034 3913 ileum
1049 3870 1202 3924 conversa,
1218 3855 1249 3912 in
1263 3854 1346 3911 initio
1359 3853 1561 3911 conversionis
1582 3869 1655 3909 moe-

58 3949 124 4021 risse
137 3965 185 4008 me
198 3949 306 4020 recolo,
318 3951 402 4028 quod
413 3952 484 4010 huie
498 3953 581 4027 operi
591 3954 631 4012 ad
644 3954 773 4011 adifica-
826 3964 895 4006 rens
910 3951 939 4005 el
948 3944 1048 4016 tristis,
1063 3943 1198 4002 aseendit
1222 3961 1276 4018 per
1303 3948 1466 4002 torrentem
1493 3958 1656 4017 compunc-

72 4037 276 4097 clnustralium
288 4039 417 4099 inserere
431 4041 511 4101 volo.
538 4044 685 4117 Egressus
695 4060 772 4114 sans,
826 4035 926 4096 tionis
956 4033 1006 4091 llic
1030 4037 1074 4090 est
1094 4032 1175 4090 enim
1197 4033 1272 4090 ordo
1291 4033 1484 4101 conveniens,
1507 4037 1540 4089 ut
1571 4030 1655 4105 prius

63 4143 122 4200 per
142 4133 264 4199 portam
290 4131 379 4190 valles
398 4137 484 4191 noete
506 4138 535 4190 el
563 4139 634 4192 ante
657 4134 774 4204 sontem
828 4126 938 4184 delleat
950 4122 1034 4199 quod
1044 4122 1124 4179 mele
1135 4127 1269 4194 gesserat
1280 4127 1309 4180 el
1320 4128 1389 4198 post
1402 4122 1442 4181 ad
1457 4121 1603 4196 gaudium
1615 4119 1659 4176 di,

58 4216 98 4289 ie,
125 4222 153 4274 et
165 4224 285 4288 portam
303 4222 443 4278 stercorat
471 4237 483 4278 :
509 4227 536 4280 et
551 4221 776 4280 considerabam
828 4215 907 4272 vinee
920 4210 1180 4285 contemplationis
1195 4211 1346 4269 ascendat.
1366 4213 1406 4268 El
1432 4210 1659 4268 considerabam

58 4304 266 4380 admiratam,
277 4313 306 4365 et
318 4313 496 4382 portasejas
512 4312 678 4369 combustas
700 4311 775 4383 igni.
830 4319 961 4362 maram.
983 4304 1093 4357 lterum
1107 4301 1277 4358 considerat
1300 4315 1432 4357 murum.
1461 4301 1577 4356 dmum
1591 4298 1659 4353 des-

58 4395 130 4452 tsioi
144 4395 439 4467 superimponas,
455 4406 483 4456 et
509 4403 719 4473 aqueductum
735 4416 780 4457 re·
832 4396 964 4452 tructam
977 4389 1087 4446 iterum
1100 4388 1462 4463 consideretquilapsus
1476 4387 1619 4461 corporis,
1633 4388 1663 4443 et
1749 4471 1754 4475 .

67 4499 128 4541 non
147 4488 214 4540 erat
242 4484 323 4541 locta
332 4487 481 4557 iumento,
506 4491 555 4545 eui
574 4491 720 4562 sedebam,
746 4495 780 4547 ut
832 4482 942 4542 animm
956 4479 1059 4537 ruinas
1073 4478 1104 4535 in
1118 4483 1217 4537 menta
1232 4495 1286 4553 per
1297 4477 1535 4536 recordationem
1550 4475 1661 4549 saepius

59 4578 116 4631 et:
143 4578 171 4630 et
196 4574 318 4630 ascendi
338 4588 397 4644 per
419 4580 580 4634 torrentem
596 4579 780 4653 Cedron,1et
833 4575 981 4633 retractat.
1011 4571 1051 4626 at
1079 4583 1215 4626 reversas
1229 4569 1297 4626 ueni
1324 4569 1365 4626 ad
1377 4573 1498 4638 portam
1513 4567 1612 4634 vallis,
1635 4569 1664 4622 et

59 4663 176 4722 mabam
189 4677 321 4731 maram,
333 4666 362 4719 et
374 4678 511 4720 reuersas
525 4667 594 4721 ueni
607 4668 648 4722 ad
658 4675 780 4738 portam
834 4661 920 4718 redii.
936 4657 982 4714 dd
995 4661 1114 4732 portam
1123 4655 1218 4729 vallis,
1233 4674 1288 4732 per
1300 4673 1394 4731 quam
1407 4656 1527 4722 exierat,
1543 4652 1664 4711 reverti·

64 4756 93 4812 et
107 4752 186 4810 redii
193 4752 241 4824 (ll
249 4752 339 4809 Esdr.
356 4752 396 4824 u).
421 4755 508 4815 Porta
522 4753 617 4825 vallis,
632 4757 783 4814 estvirtus
835 4751 893 4804 tur.
909 4749 962 4801 Per
976 4745 1035 4801 hoc
1050 4743 1131 4800 cuim
1156 4743 1300 4812 innuitur,
1330 4746 1364 4799 ut
1388 4740 1538 4815 quidquid
1556 4741 1664 4814 agitur,

59 4839 139 4897 latis.
154 4839 211 4895 Per
225 4844 345 4913 portam
359 4839 446 4898 vallis
464 4841 628 4900 Jerusalem
654 4843 783 4915 ingredi·
835 4831 1010 4911 humilitatis
1025 4830 1172 4887 beneficio
1186 4830 1352 4887 condiatur.

59 4944 94 4985 m
108 4927 216 5003 aliquis
231 4928 322 4986 corde
335 4929 458 4986 humilis
477 4930 516 4988 ad
531 4945 639 5004 pacem
653 4931 783 5005 rediens,
838 4940 904 4996 car.
919 4939 963 4995 ill.
979 4936 1109 4992 Deseris
1122 4942 1281 5005 portarum
1295 4938 1486 4996 Hiemsalem
1501 4939 1625 5010 mystice
1639 4940 1666 4992 et

64 5019 125 5075 Deo
147 5017 366 5077 reconciliatur.
394 5022 447 5077 Per
460 5024 580 5095 portam
604 5020 689 5078 vallis
704 5037 785 5093 egre·
1168 5026 1334 5084 moraliter.

59 5110 92 5164 ut
102 5105 337 5166 destructionem
352 5109 477 5167 civitatis
491 5110 602 5182 videat,
617 5111 671 5184 qui
683 5111 786 5169 ruinas
876 5114 970 5172 llahet
984 5112 1148 5171 Jerusalem
1162 5113 1194 5170 in
1207 5113 1299 5188 portis
1314 5132 1406 5188 seras,
1424 5115 1613 5175 auctoritates
1627 5109 1668 5167 vi·

59 5195 103 5266 iar,
114 5195 161 5253 vel
175 5196 279 5271 lapsus
290 5196 400 5255 anima
414 5199 565 5257 humiliter
581 5216 719 5275 reparare
728 5201 786 5259 ies·
839 5205 946 5263 delicet
956 5203 1113 5277 Scriptura
1123 5204 1237 5273 lirmas,
1249 5221 1317 5278 quae
1327 5206 1412 5279 quod
1422 5207 1534 5271 dicunt,
1546 5199 1669 5258 firmiter

59 5288 171 5342 stante
186 5285 301 5343 fontem
313 5287 464 5346 draconis.
488 5292 565 5346 Fons
577 5293 621 5346 est
633 5291 718 5362 origo
732 5291 787 5349 llu-
841 5292 1669 5366 asserunt.Laada,.lerusalcm,Dominam,taadaDeam

84 5380 114 5432 et
135 5375 275 5433 diaholus
303 5375 420 5433 initium
435 5377 577 5449 angehcoe
604 5382 632 5434 et
645 5379 787 5438 humana
841 5390 937 5453 tuam,
953 5383 1035 5454 Sion,
1054 5385 1390 5456 quoniamronsartauit
1406 5399 1488 5440 seras
1509 5386 1670 5452 portarum

60 5462 149 5522 ionis.
164 5468 218 5522 Per
230 5465 344 5524 iontem
354 5464 493 5523 diabolus
506 5465 688 5540 intelligitur.
705 5470 788 5527 Unde
843 5473 1066 5545 tuarmmiPsat.
1075 5473 1187 5545 aava).
1198 5476 1450 5547 Serasportarum
1459 5465 1673 5540 contortaequt

60 5566 100 5608 tus
122 5554 259 5612 morsum
279 5558 376 5626 fluens
394 5556 616 5629 interpretatur.
642 5558 789 5615 Deorsum
843 5561 1031 5636 quoddocel,
1041 5561 1214 5620 auctoritate
1223 5559 1390 5618 confirmat.
1408 5560 1521 5617 Laudat
1533 5559 1622 5629 igitur
1631 5556 1674 5611 le

60 5639 132 5788 [ulla
145 5643 205 5739 lieo
227 5646 465 5792 cocrldggtlppere
486 5645 609 5705 recedit:
628 5650 677 5707 Est
688 5653 790 5718 autem
844 5649 977 5709 rusalem
994 5650 1383 5720 connumeratorum
1397 5664 1489 5710 suum
1505 5648 1586 5707 Sion.
1600 5661 1675 5720 que

129 5741 232 5788 imon.
396 5778 403 5793 .
1438 5740 1474 5798 37
