3742 6082
77 208 127 269 321
539 215 594 273 DE
612 211 901 274 SACRAMENTIS.
918 241 954 257 -
976 213 1096 275 LIBRI.
1116 214 1131 276 I
1149 214 1249 276 PARS
1267 215 1321 276 1x.
1729 211 1784 277 322

77 336 264 394 deficiamus.
276 337 355 404 Quia
368 341 513 411 ergovita
523 341 657 399 hominis
669 343 720 400 bic
734 343 800 399 sine
808 344 904 398 muta-
917 340 945 397 A
959 350 1063 402 menta
1076 350 1201 420 propter
1214 344 1462 403 exercitationem
1475 342 1629 398 instituta.
1740 344 1743 355 '

76 426 904 505 bilitateessenonpotest,contraillam(quaedeiectum

77 517 211 588 generat)
234 517 474 574 mutabilitatem
490 519 551 575 alia
578 522 605 576 ei
628 521 821 576 mutabilitas
836 536 904 592 qnae

77 605 248 678 profectum
259 607 341 677 parit
353 608 528 679 opponitur;
544 612 589 677 ut,
602 610 675 680 quia
686 614 768 665 stare
780 624 841 664 non
852 623 904 680 po-

76 698 136 750 test
157 698 194 750 ut
218 710 337 767 semper
349 701 383 751 ut
404 695 484 752 idem
500 698 550 766 sit,
566 702 727 754 moveatur
740 701 770 754 et
785 713 903 770 promo·
994 702 1049 757 Est
1060 702 1157 772 igitur
1171 702 1281 774 triplex
1294 716 1386 757 causa
1396 699 1461 755 haec
1471 695 1677 753 institutionis
1688 709 1785 750 sacra·

78 788 190 840 veatur
204 799 323 856 semper
335 785 442 841 melior
456 788 506 843 sit.
520 787 658 843 Primum
685 788 765 843 enim
789 788 904 843 bonum
958 795 1131 846 mentorum
1146 792 1299 846 omnium:
1313 788 1497 857 humiliatio,
1514 785 1645 842 eruditio
1660 788 1690 841 et
1704 799 1786 839 exer·

77 877 142 929 erat
156 874 190 928 in
206 888 327 929 summo
356 876 446 929 stare.
469 874 643 932 Secundum
659 880 705 932 est
721 877 838 932 bonum
867 875 906 930 ad
959 881 1064 936 citatio
1076 881 1220 936 hominis.
1232 880 1305 945 Qua
1320 894 1420 934 causae
1436 878 1461 932 si
1477 892 1538 932 non
1558 878 1669 943 essent,
1684 888 1782 930 sacra·

78 963 238 1034 superiora
251 963 422 1019 ascendere.
434 964 474 1019 Ει
488 964 600 1020 idcirco
614 966 679 1021 vita
694 964 853 1020 mutabilis
868 980 906 1020 ne
959 974 1063 1026 menta
1077 970 1213 1038 omnine,
1229 968 1260 1024 id
1274 972 1320 1024 est
1335 983 1490 1024 sacrorum
1504 967 1592 1037 signa
1605 963 1655 1020 vel
1668 964 1782 1018 instru-

77 1067 133 1106 sua
147 1051 321 1107 mobilitate
341 1052 492 1109 dissoluta
506 1053 545 1109 ad
560 1054 711 1110 deteriora
726 1069 844 1126 semper
856 1053 904 1109 de·
959 1063 1073 1129 menta,
1089 1059 1238 1115 elementa
1253 1072 1307 1130 per
1333 1072 1365 1112 se
1390 1071 1454 1111 esse
1469 1070 1531 1110 non
1546 1055 1679 1126 possent.
1696 1050 1784 1117 Quod

76 1141 189 1210 ficeret;
207 1140 322 1196 talibus
333 1142 444 1197 studiis
457 1143 623 1199 nutrienda
636 1144 738 1198 fuerat
749 1143 781 1198 in
792 1143 905 1214 quibus
959 1150 1040 1204 enim
1049 1149 1197 1205 elementa
1204 1148 1485 1214 sacramentonum,
1492 1159 1552 1199 non
1560 1146 1672 1198 natura
1684 1142 1784 1214 prima

76 1235 104 1287 et
118 1246 225 1286 rerum
240 1231 388 1287 varietate
410 1233 485 1289 ioris
509 1234 652 1302 excitate,
669 1236 698 1288 et
717 1231 906 1287 emulatione
959 1239 1043 1307 iacit3
1057 1238 1109 1294 sed
1122 1238 1263 1310 apposita
1275 1235 1430 1292 institutio
1447 1248 1500 1306 per
1513 1231 1783 1304 dispensationem,

75 1320 229 1375 virtutum
250 1321 335 1376 intus
359 1336 495 1390 accensa,
511 1321 688 1393 proficiendi
714 1321 905 1377 occasionem
960 1331 989 1383 et
1003 1328 1103 1398 gratis
1125 1326 1231 1382 infusa
1251 1341 1305 1398 per
1318 1323 1579 1389 benedictionem,
1595 1334 1664 1392 qua
1683 1318 1743 1374 duo
1758 1318 1785 1374 si

75 1409 239 1465 inveniret.
254 1409 362 1465 Divisa
376 1415 449 1466 sunt
464 1415 602 1482 tempora
614 1414 644 1466 et
658 1411 804 1466 distincta
826 1410 904 1480 loca,
959 1415 1108 1472 elementa
1122 1421 1192 1489 post
1205 1415 1337 1487 primam
1352 1417 1496 1469 naturam
1510 1425 1571 1467 non
1587 1408 1783 1480 accepissent,

75 1499 242 1570 propositas
266 1500 382 1570 species
401 1498 583 1572 corporales,
598 1500 739 1571 injuncta
758 1498 861 1555 studia
874 1503 905 1554 et
960 1505 1280 1577 sacramentoproprio
1291 1518 1357 1559 esse
1366 1517 1428 1558 non
1438 1501 1572 1573 possent.
1587 1497 1678 1553 Dedit
1685 1496 1785 1568 primo
1807 1516 1816 1533 ⁰

76 1602 169 1660 opera
178 1587 358 1656 exercenda,
368 1588 595 1644 utmedicinam
606 1588 760 1643 interioris
770 1587 905 1643 bominis
960 1598 1071 1650 natura
1086 1593 1279 1650 habilitatem
1295 1596 1330 1648 ut
1343 1591 1401 1647 hoo
1411 1605 1477 1646 esse
1490 1589 1625 1661 possent3
1642 1584 1784 1657 adjunxit

77 1677 193 1732 exterio
204 1675 297 1732 bomo
307 1680 503 1749 praepararet,
513 1680 542 1732 et
553 1678 580 1732 ei
589 1677 714 1733 subesse
721 1680 752 1732 et
761 1677 904 1749 prodesse
922 1689 948 1745 Β
963 1684 1096 1740 secunda
1118 1682 1274 1737 institutio
1299 1680 1512 1737 auctoritatem
1527 1681 1563 1733 ut
1581 1676 1639 1732 boc
1652 1674 1782 1742 fierent;

76 1765 257 1821 addisceret.
273 1764 354 1820 Nam
370 1781 439 1821 cum
454 1767 540 1837 prius
551 1767 688 1822 humana
700 1766 766 1822 vita
777 1781 832 1838 per
845 1766 905 1822 duo
960 1771 1171 1844 superaddidit
1183 1771 1273 1827 tertia
1286 1769 1458 1825 benedictio
1470 1767 1665 1823 sanctitatem
1674 1766 1710 1820 ut
1719 1763 1784 1819 bisc

77 1854 333 1910 exercitationum
356 1869 468 1925 genera
489 1856 673 1911 cucurrisset
700 1855 734 1909 in
750 1853 846 1910 altero
867 1855 905 1910 ad
959 1864 1069 1918 essent.
1085 1861 1189 1916 Prima
1200 1859 1283 1914 sacta
1296 1874 1350 1931 per
1364 1858 1538 1913 Creatorem
1544 1871 1553 1924 ;
1568 1851 1701 1910 secunda
1715 1865 1782 1924 pro·

76 1943 301 2011 necessitatem,
316 1943 349 1998 in
365 1943 460 2000 altero
489 1944 528 1999 ad
545 1944 746 2016 voluptatem,
761 1943 794 1999 in
810 1942 904 1999 altero
958 1950 1059 2022 posita
1081 1964 1135 2021 per
1149 1947 1356 2016 Salvatorem3
1385 1945 1476 2001 tertia
1501 1943 1716 1999 administrata
1730 1954 1784 2012 per

76 2031 113 2088 ad
124 2032 374 2101 usum,inaltero
386 2032 553 2102 advitium;
565 2034 603 2089 ad
614 2049 705 2089 usum
716 2036 903 2105 pronatum,
958 2039 1211 2111 dispensatorem.
1226 2036 1364 2091 Primum
1379 2034 1504 2090 Creator
1523 2047 1577 2104 per
1590 2031 1783 2101 majestatem

76 2120 113 2177 ad
127 2122 242 2176 vitium
253 2136 308 2192 pro
320 2121 421 2192 culpo,
437 2121 567 2177 alterum
580 2121 619 2176 ad
633 2122 902 2191 sustentationem,
957 2145 1033 2185 vasa
1047 2127 1203 2196 formavit,
1219 2128 1326 2198 postea
1339 2123 1479 2180 Salvator
1490 2137 1544 2195 per
1557 2119 1783 2176 institutionem

77 2212 208 2267 alterum
223 2210 263 2265 ad
278 2211 518 2280 subvertimini,
535 2227 703 2282 0⁰ssssfuuu¹
720 2215 785 2267 erut
799 2214 834 2266 ut
849 2215 903 2267 tel·-
959 2218 1063 2274 eadem
1076 2217 1247 2289 proposuit,
1263 2216 1417 2286 postremo
1428 2212 1622 2284 dispensator
1632 2208 1782 2282 perbene-

77 2301 154 2356 tium
170 2315 294 2372 quoque
308 2301 536 2356 exercitationis
550 2316 647 2371 genus
674 2301 902 2372 adjungeretur,
958 2306 1122 2362 dictionem
1133 2304 1199 2359 hano
1209 2304 1277 2375 ipsa
1287 2301 1460 2369 mundavit,
1476 2302 1505 2355 et
1520 2299 1619 2370 gratia
1632 2295 1780 2369 implevit.

76 2394 110 2445 ut
122 2405 178 2462 per
192 2388 269 2444 illud
284 2404 381 2444 unum
394 2405 410 2445 e
427 2390 548 2445 duobus
564 2390 672 2462 primis
691 2392 902 2460 evacuaretur,
957 2397 997 2451 Et
1011 2397 1138 2468 apparet
1151 2390 1303 2460 mirabile,
1319 2389 1403 2463 quod
1426 2390 1479 2461 qui
1500 2389 1599 2460 major
1617 2386 1688 2455 tuit,
1700 2383 1784 2457 quod

77 2480 149 2551 quin
163 2483 231 2535 erat
241 2494 375 2548 noteu8;
391 2479 519 2535 alterum
535 2480 739 2551 perficeretur,
755 2480 904 2551 quianon
957 2485 1060 2541 minus
1075 2487 1141 2539 erat
1163 2482 1245 2551 iecit;
1261 2485 1291 2537 et
1314 2480 1368 2554 qui
1383 2480 1485 2535 minor
1508 2477 1578 2547 luit,
1603 2475 1675 2531 iecit
1700 2472 1784 2547 quod

76 2572 140 2624 erat
154 2568 319 2624 sufficiens.
336 2568 497 2640 Proposita
517 2571 590 2623 sunt
605 2583 676 2639 ergo
693 2568 811 2624 homini
828 2567 904 2624 foris
958 2575 1059 2646 maius
1071 2574 1141 2628 fuit.
1157 2572 1231 2628 Plus
1242 2571 1322 2628 enim
1335 2568 1465 2625 contulit
1476 2564 1676 2623 sanctificatio
1688 2578 1783 2636 quam

76 2672 168 2730 opero
180 2658 333 2713 Virtutum
341 2657 381 2711 ud
394 2656 625 2713 aetiifioutionom
636 2657 812 2713 interiorem
820 2672 902 2713 oxor-
957 2661 1271 2736 creatio,quoniamin
1282 2660 1433 2716 creatione
1443 2661 1586 2713 naturam
1601 2656 1783 2725 acceperunt

76 2747 215 2817 cendam,
227 2749 262 2801 ut
275 2746 337 2802 illis
349 2751 590 2819 praeoccupatus,
601 2761 656 2802 nec
667 2762 804 2818 unquam
815 2760 902 2802 vaca·
957 2756 992 2808 ut
1007 2756 1128 2819 essent;
1146 2751 1178 2806 in
1194 2748 1436 2806 sanctificatione
1450 2745 1591 2817 gratiam,
1609 2745 1644 2798 ut
1658 2742 1741 2797 bona
1752 2744 1783 2796 et

76 2841 120 2893 ret
144 2836 186 2892 ud
210 2851 303 2908 Opera
322 2836 508 2908 iniquitatis,
524 2851 580 2891 1¹00
605 2850 724 2908 tempor
747 2835 787 2890 ad
812 2833 926 2907 Oporo'
957 2845 1064 2897 sancta
1076 2843 1186 2896 essent.
1197 2839 1228 2894 Si
1237 2853 1308 2908 ergo
1317 2837 1401 2892 Deus
1410 2838 1492 2891 creat
1500 2836 1530 2888 et
1541 2831 1681 2887 sacerdos
1695 2844 1782 2887 sanc·

76 2925 278 2982 nooeouitutiu·
294 2924 330 2980 In
341 2924 391 2979 hit
406 2927 508 2979 nutem
523 2925 675 2980 Virtutum
690 2924 802 2980 studiis
816 2925 904 2980 mira·
957 2931 1063 2998 tificat,
1075 2928 1245 3001 plushomo
1259 2926 1358 2981 facere
1369 2923 1592 2993 videturquam
1601 2915 1782 2991 Deus‚quod

75 3015 129 3071 bili
143 3014 374 3086 dispensatione
387 3013 470 3069 Deus
485 3017 514 3068 nt
529 3013 788 3085 multiplicitatem
798 3013 903 3086 praevi·
920 3027 944 3086 c
959 3019 1084 3075 omnino
1099 3015 1268 3071 absurdum
1284 3018 1315 3069 et
1329 3011 1549 3069 inconveniens
1563 3012 1653 3077 esset,
1669 3008 1696 3063 si
1719 3021 1782 3063 non

75 3104 130 3175 dit,
142 3107 174 3160 tt
188 3104 379 3172 varietatum,
396 3106 426 3157 0t
436 3103 706 3170 intermifluiuuem‚
720 3106 755 3158 ut
767 3102 905 3158 humanit
957 3107 1040 3181 quod
1055 3107 1146 3162 homo
1165 3103 1309 3160 fecithoc
1321 3104 1413 3159 etiam
1428 3101 1540 3156 iaceret
1554 3102 1584 3155 ct
1597 3097 1782 3154 DeusDeus

75 3208 162 3250 mens
187 3196 218 3248 et
232 3193 264 3247 in
288 3190 516 3264 multiplicitate
540 3192 799 3261 exercitationem,
816 3195 847 3247 et
870 3192 904 3248 in
958 3198 1039 3254 onim
1054 3197 1120 3252 sine
1134 3194 1257 3251 homine
1271 3195 1363 3262 creat,
1379 3190 1432 3246 sed
1453 3190 1545 3246 homo
1558 3188 1624 3245 sine
1642 3187 1707 3243 Deo
1719 3200 1783 3243 non

75 3283 225 3339 varietate
240 3281 484 3350 delectationem,
499 3285 529 3336 et
551 3281 584 3336 in
605 3280 833 3336 intermissione
859 3295 903 3334 re·
958 3286 1139 3343 sanctificat,
1153 3283 1195 3340 Ut
1205 3282 1305 3354 grstia
1315 3279 1540 3353 quodammodo
1554 3291 1703 3334 asummo
1711 3276 1783 3331 inci·

75 3373 261 3429 creationem
276 3371 424 3426 inveniat.
442 3370 566 3426 Sacrata
582 3372 656 3425 sunt
670 3368 811 3441 quaedam
824 3367 903 3438 loca,
957 3377 1033 3449 piat,
1048 3380 1078 3432 st
1090 3376 1123 3431 in
1136 3376 1199 3430 imo
1212 3375 1460 3439 consummetur3
1476 3373 1506 3425 et
1517 3370 1551 3425 in
1564 3369 1621 3425 boc
1634 3368 1701 3440 ipso
1716 3365 1781 3421 dss-

76 3462 237 3519 aenficatae
246 3460 392 3529 butffiutn
405 3463 436 3515 tt
445 3459 649 3515 determinata
659 3463 797 3531 tempora
809 3462 902 3528 terto,
958 3481 1067 3521 census
1082 3465 1188 3536 gratiae
1202 3463 1293 3519 nobis
1308 3461 1506 3533 significetur,
1524 3459 1597 3531 quia
1611 3457 1672 3513 nisi
1682 3455 1783 3528 gratia

74 3552 193 3625 qtiibuo
214 3550 347 3622 populun
367 3549 465 3605 fideliu
479 3549 512 3603 in
526 3564 623 3604 unum
649 3552 858 3619 congregetur,
874 3551 904 3603 ot
958 3554 1161 3621 descenderet,
1173 3553 1310 3625 jacentes
1333 3566 1395 3606 non
1422 3550 1562 3604 elevaret.
1579 3546 1701 3602 Creavit
1720 3544 1781 3617 pri·

75 3643 181 3697 unitas
191 3639 420 3695 commendetur
431 3642 466 3693 ut
477 3638 594 3708 gratias
605 3637 712 3693 reddat
720 3651 824 3709 preces
838 3637 905 3692 offe·
957 3660 1041 3699 mum
1067 3643 1150 3699 Deus
1164 3656 1218 3713 per
1234 3656 1265 3695 se
1280 3643 1310 3695 et
1323 3640 1356 3694 in
1372 3653 1439 3706 suo,
1454 3637 1512 3692 hoe
1526 3639 1582 3704 est,
1596 3634 1680 3690 solus
1703 3636 1733 3689 et
1748 3633 1781 3688 iu

75 3731 133 3797 rat,
143 3731 219 3784 vota
228 3726 392 3800 persolvat.
403 3725 470 3782 Hlic
477 3726 560 3782 Deus
571 3740 654 3781 nunc
662 3725 696 3780 in
706 3725 828 3781 silentio
836 3726 905 3780 sim·
957 3734 1126 3804 majestate.
1139 3729 1279 3786 Instituit
1288 3731 1394 3799 postea
1404 3726 1544 3781 Salvator
1552 3738 1645 3796 perso
1658 3720 1782 3793 quidem

74 3819 197 3891 pliciter
210 3819 366 3885 exoratur,
384 3831 465 3871 nunc
486 3816 629 3871 consonis
656 3815 784 3870 vocibus
796 3815 904 3870 devote
958 3822 1010 3878 ssd
1033 3822 1066 3877 in
1088 3824 1205 3888 nostro,
1222 3819 1279 3874 hoo
1304 3821 1352 3872 est
1365 3815 1448 3872 solus
1468 3818 1498 3870 et
1519 3814 1553 3869 in
1576 3810 1779 3868 humanitate.

75 3906 282 3975 collaudatur,
294 3908 330 3961 ut
339 3904 475 3960 Vicissim
486 3894 621 3960 fidilium
635 3903 903 3959 cordouunocom·
956 3911 1132 3968 sanctificat
1142 3911 1296 3982 postremo
1310 3905 1452 3962 sacerdos
1462 3918 1561 3977 neque
1574 3917 1628 3975 per
1641 3917 1672 3958 se
1682 3915 1782 3973 neque

76 3999 235 4070 ponantur
249 3994 288 4049 ad
302 3994 449 4065 requiem,
466 4008 548 4049 nunc
570 3994 741 4049 excitentur
761 3991 800 4047 ad
814 3990 902 4047 devo·
956 4001 989 4057 in
1003 4015 1069 4068 suo,
1084 3999 1158 4071 quia
1172 4012 1229 4052 neo
1244 3995 1327 4053 solus
1349 3995 1414 4067 ipse
1429 3993 1542 4066 estqui
1562 3994 1716 4064 operatur,
1727 4004 1783 4046 nec

75 4087 201 4143 tionem.
223 4084 260 4139 In
281 4083 356 4155 ipsis
380 4087 503 4155 quoque
525 4082 639 4138 divinis
659 4081 820 4155 praeconiis
841 4096 903 4136 non
956 4079 1780 4160 virtusipsiusestquaeadsanctificationemtribuitur.

76 4170 904 4244 eademsemperexibeturiormacollaudationis,nunc
957 4178 1027 4251 ipss
1049 4177 1129 4233 enim
1144 4174 1334 4231 ministranti
1359 4175 1549 4245 cooperatur,
1565 4170 1653 4243 quus
1666 4169 1782 4224 virtute

75 4261 255 4336 psalmodiae
266 4260 481 4316 ntooudtlutud
490 4260 693 4329 devotionem,
701 4275 784 4316 nuno
794 4259 903 4331 hymni
956 4283 1011 4341 per
1024 4266 1230 4322 ministerium
1245 4262 1454 4318 ministrantis
1479 4258 1562 4333 quod
1590 4256 1781 4314 sanctifican-

76 4351 232 4408 etoantica
241 4349 281 4404 ad
291 4349 428 4405 divinam
436 4349 572 4405 excitant
579 4348 901 4421 jucunditatem,nunc
915 4375 943 4432 D
957 4357 1030 4413 dnm
1045 4359 1090 4411 est
1105 4353 1324 4421 sanctificatur,
1337 4353 1372 4405 ut
1388 4351 1428 4405 sit
1453 4347 1577 4420 quidem
1593 4360 1656 4401 una
1681 4344 1782 4401 virtus

75 4442 220 4498 lectiones
244 4439 413 4494 recitantur
427 4438 465 4493 ad
488 4438 619 4494 formam
641 4454 762 4494 morum
784 4441 815 4494 et
828 4439 900 4494 vita
956 4459 1119 4518 perunum
1135 4457 1212 4515 opus
1228 4441 1266 4496 ad
1280 4455 1377 4495 unum
1402 4439 1551 4505 enectum,
1568 4451 1637 4508 quae
1657 4432 1780 4506 quidem

76 4532 162 4587 bonae
176 4528 424 4586 instructionem·
440 4528 517 4600 ipson
533 4528 625 4583 otiam
639 4528 774 4583 notiones
789 4531 902 4583 nootrae
957 4523 1780 4601 virtusinduobussimuloperantibussicdiscernitur,

76 4621 105 4676 in
128 4618 247 4676 divinis
262 4617 428 4689 obsequiis,
444 4632 506 4672 non
521 4617 626 4672 eadem
645 4632 764 4689 semper
777 4617 901 4672 institu-
959 4623 1105 4696 quoniam
1120 4636 1173 4693 per
1187 4619 1317 4675 alterum
1340 4618 1440 4687 datur,
1457 4632 1511 4690 per
1525 4615 1656 4671 alterum
1675 4613 1781 4668 minis·

77 4709 168 4765 tionis
174 4709 276 4763 torma
285 4705 464 4779 procedunt.
473 4705 901 4778 Nnncerectimuncprostati,
958 4716 1068 4770 tratur,
1086 4710 1171 4766 Alter
1186 4711 1231 4764 ost
1244 4724 1262 4762 s
1277 4723 1338 4781 quo
1351 4705 1531 4774 damnabor
1543 4720 1597 4776 per
1611 4717 1701 4774 quem
1716 4701 1783 4756 mit

78 4813 157 4854 nunc
186 4795 398 4864 inclinatione,
424 4810 507 4850 nunc
531 4795 728 4851 conversione
754 4811 791 4851 ex
814 4798 902 4865 gestu
958 4804 1044 4859 titur,
1058 4800 1097 4855 Et
1111 4815 1180 4855 oum
1196 4797 1280 4853 venit
1294 4796 1363 4869 ipsa
1377 4795 1476 4866 gratia
1491 4792 1529 4847 ad
1543 4807 1609 4862 nos,
1625 4789 1781 4863 perillum

78 4886 213 4961 tornutio
227 4886 344 4941 Statum
366 4884 479 4939 montis
494 4884 704 4956 exprimimus·
720 4883 779 4939 Sed
793 4886 822 4938 ot
835 4884 903 4956 inno
957 4886 1235 4961 venitaqnovenit;
1247 4884 1395 4958 quoniam
1402 4868 1592 4938 ministranti
1602 4882 1783 4953 cooperatur

77 4976 105 5032 iu
117 4976 236 5048 quibus
246 4990 278 5030 se
288 4972 442 5046 operando
453 4977 583 5043 exercet,
596 4977 626 5029 et
633 4973 774 5029 divinum
785 4972 902 5028 cultum
959 4983 1065 5034 auctor
1076 4974 1279 5044 muneris,sed
1294 4989 1356 5029 non
1369 4972 1510 5028 similiter
1517 4971 1557 5027 ab
1571 4970 1624 5027 illo
1634 4969 1719 5025 venit
1729 4983 1783 5041 per

77 5067 205 5121 ttiumut
219 5062 356 5119 fidelium
369 5063 490 5118 d0V0t10
501 5079 509 5131 ,ἓ
525 5062 623 5118 multu
636 5066 666 5118 ot
679 5061 849 5118 multifario
862 5062 900 5116 Si·
957 5083 1048 5141 quem
1060 5066 1156 5134 venit,
1170 5065 1244 5136 quia
1256 5067 1363 5119 auctor
1379 5062 1515 5118 muneris
1530 5076 1595 5117 esse
1607 5074 1669 5116 non
1681 5060 1782 5131 potest

76 5155 137 5210 nili
152 5153 274 5209 ratione
284 5152 407 5224 provisa
418 5156 501 5221 sunt,
515 5152 621 5207 utsint
632 5151 765 5225 plurima
775 5154 805 5206 et
815 5166 901 5205 sacra
957 5157 1010 5229 qui
1027 5155 1125 5211 solum
1141 5157 1187 5209 est
1201 5153 1342 5208 minister
1354 5151 1602 5225 disponsationis.
1618 5149 1716 5204 Nemo
1728 5147 1784 5218 igi-

77 5251 102 5301 et
116 5245 325 5311 sacramenta,
338 5245 492 5314 quatenus
503 5242 578 5297 fides
592 5243 625 5296 in
640 5243 684 5297 eis
699 5244 729 5296 et
740 5240 900 5296 materiam
957 5250 1008 5302 tur
1022 5245 1104 5299 dicat
1116 5241 1268 5316 quomodo
1281 5241 1373 5296 honio
1382 5237 1687 5311 sanctificat,quando
1697 5236 1781 5291 Deus

75 5331 302 5390 exercitationis
322 5334 353 5386 et
366 5346 490 5386 causam
513 5331 709 5386 recreationis
735 5329 900 5401 perfectam
955 5350 1009 5407 per
1023 5333 1179 5390 bominem
1195 5330 1384 5401 sanctiticat3
1398 5331 1544 5403 quoniam
1559 5329 1591 5382 in
1606 5327 1663 5381 hoc
1676 5323 1780 5380 verius

75 5422 221 5479 inveniat.
234 5420 284 5476 Sic
308 5419 390 5475 enim
414 5420 513 5475 tidelis
527 5421 651 5476 animus
666 5420 739 5474 dum
762 5418 837 5474 ioris
861 5418 900 5474 ad
955 5424 1047 5480 homo
1062 5423 1135 5478 facit
1148 5421 1230 5494 quod
1245 5421 1328 5476 Deus
1349 5436 1402 5493 per
1415 5435 1484 5476 eum
1499 5419 1582 5473 lacit.
1599 5415 1679 5470 Nam
1694 5411 1777 5484 quod

73 5513 158 5568 varia
170 5513 285 5566 sanctae
294 5510 540 5566 excercitationis
551 5510 653 5565 studia
661 5508 794 5577 ducitur,
800 5508 900 5579 masis
955 5514 1030 5569 facit
1043 5527 1097 5584 per
1111 5527 1153 5581 se,
1169 5515 1199 5566 et
1214 5512 1247 5566 in
1263 5526 1319 5566 suo
1333 5510 1407 5565 iacit
1421 5509 1523 5576 homo,
1538 5519 1609 5561 vere
1619 5517 1681 5556 non
1692 5502 1777 5572 lacit,

75 5615 192 5674 semper
204 5614 240 5654 ac
254 5599 355 5669 magis
368 5598 454 5655 intus
467 5614 504 5654 ex
518 5600 587 5670 ipsa
608 5613 665 5653 sua
686 5597 846 5653 devotione
860 5598 900 5652 ad
955 5602 1101 5674 quoniam
1116 5599 1276 5656 veritatem
1293 5614 1355 5653 non
1371 5598 1454 5665 iacit,
1470 5594 1616 5667 quoniam
1632 5606 1687 5664 per
1703 5606 1734 5647 se
1749 5593 1779 5646 et

74 5689 269 5746 sanctitatem
279 5687 547 5743 innovatur.ldtad
555 5686 769 5743 huncmodum
775 5686 899 5758 quidem
953 5693 987 5746 in
1000 5705 1056 5745 suo
1071 5704 1133 5744 non
1145 5689 1206 5743 nisi
1220 5687 1336 5743 malum
1351 5685 1425 5741 iacit
1433 5700 1441 5754 ;
1459 5685 1538 5740 sicut
1548 5697 1618 5753 ergo
1633 5680 1719 5738 Deus
1731 5696 1779 5735 so-

74 5776 311 5850 intelligendum
325 5779 483 5849 putamus,
500 5775 584 5849 quod
597 5774 712 5832 dictum
727 5777 784 5846 est,
798 5790 898 5832 sacra·
954 5780 1005 5835 lus
1032 5776 1188 5833 mirabilia
1199 5775 1289 5845 iacit,
1301 5773 1458 5846 mortuam
1484 5773 1527 5828 ne
1546 5772 1627 5842 ipso
1633 5769 1814 5834 sconsum

994 489 1067 545 Car.
1085 490 1135 546 IV.
1151 494 1195 546 De
1219 491 1433 546 distinctione
1462 486 1566 542 trium
1591 496 1723 540 onerum
1753 485 1785 536 et
1835 477 1840 483 “

1201 581 1306 634 triam
1322 577 1541 646 operantium.
