3742 6082
595 176 643 231 lfa
659 173 826 232 MWtClNli
845 169 977 238 ΔΝΜ.
1612 180 1683 239 ιιιθ

57 298 99 351 sni
115 297 217 350 contra
233 296 406 367 paccatum,
427 313 463 353 ex
485 299 642 370 juventute
664 299 830 356 fortitudh
851 303 965 376 ginem,
976 309 1009 361 ut
1020 305 1132 362 haheat
1145 304 1274 360 charitas
1287 304 1318 359 in
1331 305 1445 362 Cancro
1456 302 1496 360 ad
1507 302 1682 376 prozimum

57 374 150 442 rantra
164 384 330 455 diabolum,
346 403 382 443 ex
398 387 466 457 igne
490 388 665 457 claritatem,
689 386 796 446 intelli·
850 393 1077 451 conversionem
1092 392 1321 466 compassionis,
1333 392 1363 448 in
1377 394 1484 464 ιιοιι,
1494 391 1682 463 vigilantiam

57 474 282 544 acoguoscendi
299 476 404 547 Deum,
418 492 454 532 ιι
469 483 571 535 astate
590 478 729 535 ardorem
753 478 796 535 di·
850 482 1176 557 circumspectionum
1190 480 1317 552 Virgine,
1333 480 1494 554 puritatem
1503 480 1679 540 dilectionis.

57 564 76 620 li
88 564 271 636 proximum.
287 566 497 635 Purgatioaem
511 568 602 624 habet
621 583 674 641 per
694 585 792 625 aures.
850 574 964 629 Cancer
975 572 1201 643 retrograditur.
1218 574 1275 628 Leo
1294 569 1449 627 dormiens
1472 572 1591 643 apertos
1612 583 1682 624 ocu·

57 653 136 709 anim
149 653 276 709 libenter
287 653 375 710 audis
388 656 470 728 qnod
486 672 574 727 egere
593 657 718 726 debeas,
741 674 795 731 per
848 660 894 717 los
908 660 1010 719 habet,
1025 662 1116 730 Virgo
1127 664 1174 716 est
1185 675 1253 733 qum
1269 657 1421 717 carnalem
1440 655 1681 715 commistionem

67 742 167 799 cordis
182 741 309 799 ahalaria
322 744 420 800 rubrae
437 747 655 818 superfluitates
669 765 793 821 purgas·
849 749 1088 821 adhucignorat.
1105 751 1137 805 lu
1150 747 1322 821 tacitaque
1336 744 1448 816 vigilet,
1462 743 1515 818 qut
1533 742 1572 800 od
1597 757 1681 801 amo·

58 836 70 888 ι
95 832 125 888 iu
152 836 264 887 ιιιιιιι.
290 834 407 898 Quanto
440 835 520 891 enim
559 837 627 909 plus
658 837 795 894 abundat
849 855 912 895 rem
940 838 1067 902 onesimi
1097 837 1289 904 convertitur,
1314 839 1348 891 ut
1369 849 1431 891 non
1452 835 1574 906 propter
1597 831 1680 889 aliud

57 937 101 986 as,
118 919 285 992 tantoplus
306 921 376 978 odio
398 922 528 980 habetur
550 924 701 998 iniquitas,
724 925 796 997 quia
848 944 944 1001 qnam
963 931 1086 1000 propter
1107 929 1202 982 ileum
1228 924 1384 999 proximus
1407 922 1557 992 diligatur.
1586 919 1679 992 liuius

57 1009 156 1079 igendi
173 1013 242 1065 sunt
253 1009 402 1078 homines,
419 1016 569 1069 uteorum
585 1029 646 1070 non
661 1015 792 1084 diligan-
849 1023 950 1074 entem
963 1018 1104 1090 temporis
1117 1015 1275 1090 proprium
1290 1017 1334 1071 est
1346 1012 1463 1070 radices
1477 1004 1640 1069 herbarum
1650 1015 1680 1070 et

57 1113 145 1154 rores.
161 1101 193 1153 ln
208 1097 265 1153 hoc
280 1101 414 1171 tempore
425 1101 534 1157 melius
544 1118 575 1158 se
590 1102 703 1158 babent
713 1101 796 1176 phle·
849 1106 992 1163 orborum
1006 1106 1166 1170 arefacere,
1183 1105 1257 1160 dum
1269 1103 1353 1161 nullo
1372 1106 1496 1159 terrenae
1509 1099 1679 1159 delectatio·

57 1187 248 1254 cietscnese
262 1187 348 1259 pejus
364 1189 512 1256 cholerici,
528 1195 557 1248 ιι
576 1192 714 1262 iuvenes.
746 1194 794 1248 Se·
848 1197 1030 1255 nishumore
1045 1195 1179 1253 fidelium
1193 1195 1364 1252 nutriuntur
1377 1195 1505 1250 mentes.

57 1279 97 1331 int
107 1275 309 1348 phlegmatici,
323 1277 451 1348 iuvenes
465 1279 613 1336 cholerici.
626 1278 667 1335 llli
678 1279 794 1350 frigidm
1305 1337 1310 1348 ,

57 1364 137 1420 niden
150 1368 265 1420 naturae
278 1383 285 1434 ;
299 1365 344 1422 isti
359 1381 429 1423 vero
444 1367 548 1424 cahdre
565 1373 592 1425 et
608 1369 693 1425 siccae
713 1372 792 1426 sunt.
937 1335 1005 1396 ΟΨ·
1020 1340 1064 1394 w'
1080 1333 1125 1394 De
1139 1338 1262 1395 dmm
1276 1351 1376 1438 '‘W‘’
1396 1339 1465 1393 “m
1481 1330 1544 1404 Μ’
1560 1336 1589 1390 ‘t

57 1470 62 1507 ι
76 1454 165 1524 igitur
180 1454 293 1510 habent
306 1470 393 1511 senes
416 1461 445 1512 et
458 1456 639 1529 phegmatici
668 1457 692 1514 si
711 1458 793 1514 infir·
1146 1426 1381 1485 melam'wlms·

57 1554 81 1599 rr
94 1543 124 1598 in
141 1546 252 1608 testate,
267 1543 298 1599 id
314 1547 367 1611 ιιι,
384 1543 414 1599 in
427 1547 577 1603 contrario
592 1551 735 1622 tempore.
750 1548 793 1606 Ci-
883 1556 980 1610 Restat
995 1568 1077 1610 nuno
1088 1555 1123 1610 ut
1134 1553 1173 1609 de
1187 1556 1296 1610 natura
1309 1549 1437 1608 cholera
1450 1549 1543 1622 nigrae
1562 1545 1678 1621 aliquid

57 1632 112 1686 nim
129 1632 226 1687 curari
240 1636 378 1704 possunt,
393 1635 465 1706 quia
478 1635 633 1691 contrariis
643 1637 793 1693 contraria
808 1654 827 1706 p
848 1641 906 1697 sub
929 1640 1070 1698 brevitate
1090 1640 1237 1696 dicamus.
1265 1643 1335 1711 lpsa
1354 1637 1435 1695 enim
1455 1632 1678 1694 dominatum

57 1719 150 1775 aiunt.
167 1721 295 1776 iuvenes
312 1725 411 1777 antem
434 1726 464 1778 ιι
485 1723 624 1780 cholerici
643 1724 673 1780 in
703 1724 793 1782 simili
848 1731 967 1788 sinistro
981 1730 1083 1787 latere.
1100 1729 1196 1786 Habet
1211 1732 1313 1785 autem
1327 1727 1430 1784 sedem
1448 1726 1480 1783 in
1492 1724 1606 1800 splene,
1628 1722 1678 1780 fri·

57 1826 96 1865 uc
109 1809 197 1884 pejus
213 1809 327 1865 habent
340 1810 364 1865 si
379 1810 468 1867 nimis
482 1812 542 1869 alta
552 1814 685 1886 sapiunt,
705 1814 730 1870 si
750 1814 794 1871 ni·
846 1820 917 1889 gida
928 1823 974 1875 est
987 1822 1016 1874 ιι
1026 1817 1114 1883 ιιιιι,
1126 1815 1343 1875 ιιιιιιιοιιιιιιιι
1357 1813 1533 1883 iracundos,
1543 1810 1676 1882 timidos,

57 1899 231 1971 urralationis
255 1899 403 1956 desiderio
427 1903 564 1958 succensi
591 1903 696 1960 calent.
712 1904 794 1961 Unde
846 1908 1076 1978 somniculosos,
1093 1907 1257 1981 aliquando
1271 1904 1438 1977 vigilantes.
1466 1901 1678 1975 purgationem

57 2003 105 2044 ¹⁰⁰
120 1989 640 2062 issmlffittfpflfssifflstestisssttfflifsss,
662 2009 730 2066 quta
745 2009 792 2050 ve·
844 2001 937 2057 habet
963 2015 1017 2072 per
1043 1998 1159 2055 oculos.
1189 1996 1298 2056 Crescit
1325 1995 1356 2051 in
1379 1999 1535 2051 autumno.
1559 1996 1592 2048 lu
1617 1992 1677 2051 hoo

62 2075 193 2145 oholera,
205 2077 396 2134 minusmala
409 2095 477 2152 quae
494 2084 580 2137 estex
595 2081 789 2154 phlegmate:
844 2094 979 2164 tempore
1002 2087 1109 2145 melius
1138 2103 1169 2143 se
1191 2086 1306 2143 habent
1328 2082 1498 2156 sanguinei,
1512 2081 1599 2156 pejus
1614 2096 1676 2138 me·

57 2170 254 2235 agmentatnr
268 2167 394 2224 materia
408 2167 588 2226 infirmitatis
602 2186 637 2227 ex
652 2171 792 2228 consimi·
844 2176 1003 2235 lanchclici
1021 2195 1027 2247 ;
1043 2177 1130 2250 pejus
1143 2191 1240 2248 senes,
1255 2172 1363 2231 melius
1374 2172 1471 2247 pueri.
1484 2169 1616 2228 Pessima
1630 2169 1682 2229 ιιι

57 2271 100 2311 ιιι
115 2255 267 2327 temporis.
285 2260 317 2312 tn
332 2256 439 2313 eodem
456 2257 524 2314 utile
544 2263 588 2316 est
612 2260 654 2316 nti
676 2259 792 2329 frigidis
844 2266 1002 2323 infirmitas
1025 2282 1091 2339 ques
1116 2264 1251 2321 nascitur
1275 2279 1312 2320 ex
1335 2259 1548 2331 melancholia,
1574 2257 1676 2318 minus

57 2343 143 2401 nidis.
168 2349 198 2400 ln
222 2349 304 2401 tanto
331 2345 481 2418 siquidem
504 2347 611 2405 ardore
638 2349 791 2406 charitatis
845 2354 1006 2428 molaque
1020 2358 1064 2411 est
1077 2369 1113 2410 ex
1129 2352 1286 2422 sanguine.
1301 2356 1334 2406 ln
1347 2351 1406 2408 hoe
1429 2349 1520 2408 etiam
1540 2351 1675 2421 tempore

57 2433 173 2489 ‚endum
189 2437 233 2489 est
244 2433 337 2504 frigus
349 2435 545 2507 praecedentis
559 2436 675 2503 hiemis,
690 2437 721 2493 id
736 2442 790 2506 est,
844 2428 989 2501 utan'dnm
1005 2447 1051 2500 est
1063 2441 1167 2497 calidis
1179 2445 1208 2498 et
1221 2439 1365 2497 humidis.
1392 2442 1425 2495 ln
1439 2437 1559 2495 cholera
1576 2436 1675 2507 nigra,

57 2538 63 2577 ι
88 2521 325 2594 delinquentium
350 2523 390 2580 ad
413 2524 673 2583 confirmationem
692 2526 789 2583 bono·
844 2534 920 2592 sicut
934 2531 1005 2590 alibi
1018 2530 1159 2597 animus,
1175 2528 1406 2603 inleffigtpotest
1421 2526 1547 2599 tristius,
1566 2527 1600 2582 ut
1618 2539 1675 2598 pro

57 2612 80 2671 ιι
95 2612 176 2669 euim
189 2617 259 2677 stas,
275 2614 378 2670 videas
391 2630 428 2671 ue
442 2615 534 2671 cados
546 2616 650 2687 (IGor.
662 2617 702 2688 x).
715 2621 790 2675 Nam
843 2625 970 2697 hisquae
984 2620 1062 2677 male
1077 2619 1226 2691 gessimus
1241 2619 1337 2676 tristes
1349 2618 1454 2675 simus.
1480 2615 1538 2674 Sed
1564 2618 1594 2670 et
1616 2613 1677 2673 alia

57 2718 69 2758 ι
99 2701 211 2771 grodm
227 2700 322 2765 ιιῑίθιι
337 2707 420 2758 ῐιῐιιθ
444 2719 533 2759 casus
554 2705 683 2775 gravior·
710 2709 792 2762 Tem·
843 2712 957 2786 species
972 2708 1093 2765 tristitiae
1108 2708 1216 2764 dicitur
1233 2722 1309 2777 esse,
1325 2706 1400 2762 dum
1414 2720 1501 2762 meus
1517 2707 1676 2760 nausean-

57 2806 116 2861 =¹'80
129 2789 260 2846 calidum
274 2790 393 2863 ιιίιιίᾶθι
410 2791 524 2848 siccum
538 2793 676 2861 humido.
699 2799 728 2850 θι
752 2809 791 2850 ne
842 2801 873 2858 di
888 2800 928 2858 ad
942 2803 1035 2856 lletrm
1047 2796 1195 2854 desiderio
1210 2795 1368 2853 cruciatur.
1385 2792 1562 2850 nominatur
1582 2790 1614 2847 in
1638 2789 1677 2849 si·

57 2879 124 2935 ,ndo
139 2879 267 2936 nimium
289 2879 396 2947 careas,
428 2880 548 2939 attende
571 2881 647 2939 retu
671 2896 789 2948 casum,
842 2890 935 2947 nisuo
958 2887 1061 2956 latere,
1084 2885 1156 2958 quio
1179 2883 1256 2941 viris
1281 2882 1447 2955 subjicitur,
1472 2895 1541 2957 qua
1560 2877 1674 2937 suntin

57 2968 80 3024 ¹⁰
92 2972 121 3025 θι
132 2968 293 3042 lflsstymos·
803 3015 822 3059 Γ
843 2977 962 3035 ιιιιιιιι
975 2980 1069 3049 parte.
1086 2979 1118 3031 ln
1132 2973 1235 3047 splene
1255 2972 1357 3030 sedem
1368 2970 1469 3040 habet,
1483 2966 1556 3044 quia
1567 2982 1675 3042 quam·

57 3064 170 3115 seuseu
185 3059 381 3128 recrescere
398 3059 515 3128 tapsum
529 3060 612 3130 flevit
627 3075 741 3118 aurare·
819 3048 888 3126 'vis
902 3067 940 3125 oe
953 3065 1095 3123 dilatione
1119 3062 1245 3121 celestis
1271 3061 1375 3137 patrie
1403 3059 1606 3126 occursator,
1632 3059 1675 3114 a·

57 3148 165 3203 'uerunt
179 3147 266 3204 nobis
279 3148 357 3204 illins
372 3152 402 3206 ιι
416 3162 514 3216 casus,
528 3153 556 3206 ιι
570 3149 791 3222 lacrymante-
843 3173 912 3214 men
924 3157 955 3213 in
969 3154 1071 3228 splene
1086 3153 1174 3227 quasi
1186 3153 1280 3227 inape
1293 3150 1413 3224 gaudet
1428 3152 1463 3206 Ut
1477 3148 1559 3205 euim
1567 3145 1674 3218 legisse

57 3237 143 3293 ⁰h0⁰
157 3241 322 3306 ΰΰιιῦθῦῒοι
337 3253 399 3294 1¹0ss
414 3238 493 3294 essim
510 3238 610 3296 adhuc
641 3239 790 3295 meliores
843 3262 891 3304 me
912 3244 1023 3315 recolo,
1047 3246 1192 3300 testantur
1216 3241 1336 3315 physici
1360 3239 1391 3297 in
1414 3237 1517 3313 splene
1537 3229 1676 3308 generari

65 3326 161 3383 Nimio
176 3325 274 3382 calore
290 3327 438 3396 flagrabat
453 3330 554 3385 Petrus
567 3344 636 3384 oum
655 3327 788 3385 diceret:
843 3336 949 3393 risum.
976 3336 1016 3390 Ex
1044 3333 1101 3388 hac
1121 3331 1210 3401 igitur
1230 3330 1381 3387 vicinitate
1408 3327 1479 3385 satia
1504 3339 1676 3397 congruum

57 3417 214 3486 ›porticerit
242 3431 289 3472 ιιι
310 3417 388 3472 mort
414 3422 519 3482 tecum,
546 3434 605 3474 ιιοιι
630 3418 790 3488 renegabo
843 3439 909 3480 esse
935 3438 1003 3480 reor
1032 3424 1065 3477 ut
1094 3418 1301 3476 melancholici
1323 3415 1508 3491 quandoque
1546 3411 1674 3479 rideant,

57 3512 147 3563 .xrvt.
165 3506 354 3563 lmmensitas
370 3507 478 3563 caloris
493 3512 556 3565 erat
580 3508 674 3566 nimia
696 3508 791 3566 confi·
843 3511 1028 3586 quandoque
1040 3509 1140 3567 fleant.
1166 3508 1283 3578 Frigida
1295 3510 1339 3564 ιιι
1357 3510 1385 3562 ιι
1411 3504 1501 3573 ιιιιι,
1523 3501 1618 3571 frigus
1646 3502 1677 3558 ιι

70 3611 105 3653 ιι
118 3596 212 3653 nimio
227 3595 335 3653 affectu
349 3597 470 3653 amoris.
488 3600 521 3654 ut
536 3597 602 3654 ideo
627 3598 699 3670 qrriu
721 3597 789 3671 plus
844 3602 962 3659 siccitas
975 3599 1140 3672 aliquando
1154 3597 1186 3653 in
1200 3596 1281 3652 leona
1294 3592 1511 3665 significatione
1521 3588 1675 3663 accipiun-

56 3691 170 3759 tqnam
184 3685 298 3754 debuit,
314 3687 430 3743 exaruit
445 3687 566 3743 dicans:
582 3689 650 3745 Non
661 3688 731 3744 nori
742 3687 792 3744 bo·
843 3695 900 3760 tur,
912 3687 1077 3761 aliquando
1091 3686 1122 3741 in
1133 3685 1223 3742 malo.
1240 3687 1271 3740 ln
1282 3681 1365 3739 mala
1384 3677 1603 3751 significatione
1626 3674 1675 3732 fri·

57 3791 64 3829 ι
80 3775 302 3846 (Mastane).
318 3775 454 3848 Oportuit
469 3775 558 3845 igitur
572 3779 647 3831 utet
669 3776 790 3833 aridita-
844 3794 899 3850 gns
914 3776 1068 3848 accipitur,
1085 3789 1154 3830 oum
1176 3772 1306 3830 dicitur:
1325 3773 1395 3827 Jam
1420 3768 1513 3826 bieme
1534 3766 1620 3836 abiit,
1647 3769 1675 3824 et

57 3867 226 3935 imperaret,
250 3868 278 3921 et
301 3864 459 3921 flammam
488 3863 587 3919 nimia
602 3864 790 3921 confidentis
829 3865 1072 3938 meccssittcant.
1089 3863 1129 3935 n).
1149 3862 1228 3919 Utin
1242 3860 1351 3932 frigore
1374 3856 1481 3916 hiemis
1504 3853 1675 3914 attendatur

57 3955 164 4021 gneret.
193 3953 342 4024 Egressus
366 3954 445 4010 enim
472 3955 557 4024 soros
579 3956 660 4024 (lectt
688 3970 791 4012 amare
844 3961 945 4030 torpor
958 3952 1135 4011 devotionis.
1157 3956 1189 4008 ln
1202 3952 1285 4008 bona
1304 3947 1522 4021 significatione
1540 3943 1673 4020 ponitur,

57 4083 62 4095 .
77 4042 179 4099 Petrus
193 4058 361 4113 agnoscens
373 4043 591 4116 interpretatur.
620 4045 668 4099 Est
689 4046 789 4098 eutem
843 4043 1037 4102 ubidicitur:
1058 4042 1262 4100 Transivimus
1272 4054 1329 4110 per
1344 4040 1443 4111 ignem
1468 4041 1496 4095 et
1510 4049 1632 4108 aquom,
1645 4036 1674 4091 ef

57 4143 136 4187 raum
152 4130 292 4204 Delphico
307 4130 442 4204 Apolline
455 4131 596 4201 dignum:
614 4133 695 4185 Γνῶθι
714 4150 790 4184 ceco·
842 4132 1087 4192 edormiscam
1106 4130 1299 4201 refrigerium
1326 4126 1421 4199 (Psal.
1442 4124 1519 4198 axv).
1548 4125 1584 4181 Ut
1606 4123 1675 4194 post

57 4232 112 4273 uec
128 4221 264 4287 teipsum.
282 4220 311 4277 Si
326 4220 406 4277 enim
422 4221 520 4294 qualis
534 4220 615 4278 fuisti
629 4225 697 4278 ante
717 4236 789 4277 con·
842 4229 948 4280 aestum
963 4225 992 4279 ιι
1006 4220 1236 4278 dissolutionem
1251 4223 1442 4276 transeamus
1466 4215 1507 4272 ad
1527 4211 1672 4288 requiam.

57 4318 126 4360 ncm
142 4306 323 4376 consideres,
339 4324 411 4365 mox
425 4314 454 4367 ιι
467 4309 598 4368 ariditati
610 4315 669 4367 ιιιιι
690 4309 788 4383 locry-
842 4313 920 4386 ignis
934 4309 1082 4385 siquidem
1096 4308 1162 4380 urit,
1177 4323 1258 4381 aqua
1269 4304 1413 4363 dissolvit.
1437 4303 1498 4363 Urit
1522 4301 1603 4360 euim
1626 4298 1675 4357 tri-

57 4407 78 4448 n
90 4407 188 4447 rorem
201 4391 354 4462 infundas,
368 4400 397 4451 et
410 4398 538 4455 nimium
558 4400 687 4457 calorem
702 4399 789 4469 fragi-
840 4400 1004 4460 bulationis
1016 4397 1192 4462 adversitas,
1206 4394 1342 4453 dissolvit
1361 4390 1543 4451 blandientis
1565 4386 1675 4446 muudi

60 4480 212 4552 agnitione
225 4486 383 4555 temperes.
400 4488 431 4540 ln
445 4488 588 4558 praedicto
604 4494 704 4546 autern
718 4494 789 4546 tem·
841 4491 1034 4567 prosperitas.
1049 4492 1108 4545 Vas
1123 4492 1225 4546 autem
1239 4485 1309 4558 igne
1322 4481 1542 4542 consolidatum
1560 4493 1674 4552 aquam

57 4571 87 4628 id
102 4571 186 4628 estin
200 4575 311 4638 estete,
326 4572 459 4628 ascendit
475 4573 519 4630 sol
534 4591 630 4648 usqne
654 4578 693 4635 od
716 4581 789 4636 Can·
841 4598 903 4638 non
918 4581 1011 4639 timet.
1027 4582 1095 4636 Post
1109 4577 1269 4636 transitum
1292 4589 1364 4632 vero
1388 4569 1560 4631 ιιιιιιιοιιιι
1585 4567 1676 4625 ducet

68 4664 98 4717 ιι
117 4660 150 4717 frt
166 4660 280 4717 ibidem
306 4659 437 4717 aeshvale
457 4661 624 4720 solstitium.
651 4668 717 4720 llaec
745 4670 791 4723 est
840 4667 1106 4726 nosltominusad
1124 4664 1312 4737 refrigerium
1337 4660 1458 4719 ments.
1486 4653 1625 4717 Similiter
1645 4657 1676 4713 ιι

59 4749 195 4807 utissima
208 4749 258 4806 via
271 4749 359 4807 nobis
375 4749 415 4806 ab
424 4749 789 4824 apostolodemonstrata,
842 4756 955 4812 siccum
968 4752 1089 4810 duobus
1103 4752 1201 4809 modis
1212 4750 1365 4824 accipitur.
1389 4746 1472 4804 Unde
1497 4749 1527 4803 ιι
1553 4742 1675 4803 Psalmi·

57 4842 110 4894 ιιι
124 4837 195 4895 alibi
210 4838 341 4895 dicitur:
361 4839 416 4897 Ειι
428 4839 512 4909 fides,
537 4854 611 4909 spes,
632 4841 766 4898 ebaritas
778 4857 790 4898 .·
841 4848 910 4900 sta:
927 4843 967 4899 lit
981 4843 1091 4897 siccam
1113 4840 1324 4915 formaverunt
1350 4851 1459 4894 manua
1487 4838 1552 4908 ejus
1577 4833 1672 4908 (Ριαι.

69 4933 171 4984 autem
188 4928 233 4983 ιιι
241 4934 285 4984 ιιι
299 4928 434 4986 abantea
449 4930 478 5000 (f
491 4928 560 4986 Cor.
576 4930 648 5002 ιιι).
675 4933 706 4986 ln
721 4945 788 5002 per·
842 4931 944 5001 cmlv).
963 4928 1078 4986 Siccam
1093 4925 1291 4984 vocatecrdis
1303 4924 1398 4984 nostri
1415 4928 1526 4984 terram
1547 4940 1566 4984 a
1583 4922 1673 4982 malis

57 5031 82 5072 re
94 5015 349 5085 igituroharitatis
364 5016 398 5074 fit
411 5018 578 5089 solstitium,
595 5024 627 5077 nt
651 5018 724 5076 nihil
746 5019 789 5076 di·
841 5017 1022 5075 hnmoribus
1037 5014 1226 5072 desaieatam.
1244 5013 1344 5072 Sedet
1358 5013 1442 5073 aliter
1456 5015 1570 5073 siceum
1590 5010 1673 5069 intel·

57 5119 86 5160 ιι
101 5102 264 5176 plusquam
279 5108 383 5162 iteum.
400 5110 527 5165 Vocatur
541 5111 654 5166 Cancer
669 5109 788 5180 signum
841 5107 893 5177 ligi
907 5108 1014 5180 potest,
1030 5103 1155 5177 quando
1169 5102 1277 5160 mentis
1290 5102 1413 5162 ariditas
1426 5102 1547 5170 ooelesti,
1573 5099 1605 5155 id
1627 5103 1672 5177 ιιι

57 5205 115 5257 nm,
139 5191 247 5260 idest,
274 5195 495 5265 conversivam,
518 5198 601 5254 ntah
616 5213 719 5256 amore
738 5199 788 5256 Dei
842 5195 934 5254 sancti
953 5193 1078 5268 Spiritus
1092 5208 1158 5250 rore
1173 5197 1262 5252 caret.
1288 5193 1367 5252 Facit
1393 5191 1532 5251 homines
1556 5188 1672 5246 hacun-

57 5281 137 5339 rtaris
166 5281 206 5337 ad
233 5297 369 5340 amorem
397 5284 535 5357 proximi.
563 5286 615 5343 Hic
642 5291 687 5342 est
708 5288 788 5344 enim
842 5285 898 5341 dos
919 5283 1006 5355 juxta
1037 5280 1112 5338 illud
1140 5299 1147 5338 ε
1176 5282 1359 5355 franconici,
1380 5285 1410 5339 ιι
1432 5280 1526 5345 nolite
1545 5290 1672 5348 peccare

57 5385 110 5427 sus
124 5385 143 5427 a
155 5372 270 5427 Cancro
285 5370 323 5426 ad
340 5371 498 5442 Virginem,
514 5371 667 5429 aferventi
686 5388 788 5430 amore
846 5374 937 5446 (Prot.
953 5372 1004 5444 ιι),
1019 5371 1161 5444 Timidus,
1175 5372 1247 5445 qnia
1261 5374 1361 5429 beatus
1376 5369 1463 5426 bomo
1483 5368 1537 5443 gui
1556 5380 1672 5438 temper

57 5473 117 5530 que
133 5459 173 5516 ad
186 5465 304 5516 castum
319 5475 455 5517 amorem
469 5460 608 5533 proximi.
624 5460 672 5518 Sol
687 5465 788 5518 autem
842 5468 883 5519 ιιι
900 5462 1030 5532 pavidus
1047 5460 1149 5533 (Pron.
1174 5460 1283 5533 xxvia).
1306 5457 1478 5531 Aliquando
1501 5455 1671 5512 somnolen-

57 5545 119 5603 iem
141 5553 243 5606 ιιιιιιι
268 5549 324 5606 tria
347 5548 433 5620 signa
455 5548 563 5606 dicitur
586 5549 719 5607 obtinere
736 5550 790 5606 :in
843 5555 899 5616 tos,
915 5548 1080 5623 aliquando
1094 5550 1259 5621 vigilantes,
1282 5547 1382 5620 idest,
1406 5546 1589 5623 quandoque
1604 5560 1671 5616 gra·

57 5632 107 5711 pio
122 5637 282 5712 Cunerum,
296 5638 329 5696 in
341 5638 443 5698 medio
455 5641 596 5711 Leonem,
612 5638 645 5697 in
656 5641 716 5697 tine
730 5639 788 5699 Vir-
843 5641 912 5699 vics
923 5639 1017 5712 euris,
1031 5640 1197 5718 aliquando
1224 5637 1384 5711 vigilanter
1397 5637 1527 5700 nuans
1548 5635 1672 5697 colou-
