3742 6082
465 214 629 273 usuurr.
649 213 858 301 uruuscuu.
878 212 1000 270 umus
1016 212 1225 301 surrruus,
1335 178 1338 183 ’
1630 213 1685 268 err

57 345 71 385 e
94 330 206 386 olfactu
233 335 365 405 narium,
393 336 505 394 lenitas
528 340 561 395 in
583 356 707 413 corpore
719 345 803 397 tactu
817 338 844 411 A
859 343 905 394 est
919 340 951 394 iu
967 339 1040 406 situ,
1054 339 1088 394 in
1101 342 1197 408 motu,
1212 341 1245 395 in
1260 340 1368 412 specie,
1388 340 1421 394 in
1434 338 1592 411 qualitate.
1608 337 1682 404 Quae

57 432 140 473 uum.
163 420 287 477 Utilitas
304 427 512 482 creaturarum
536 434 654 485 constat
668 431 701 485 in
716 434 802 500 grato
820 416 825 431 ’
857 427 980 498 quidem
1001 428 1112 499 etquis
1132 429 1318 499 investigare
1336 428 1494 495 sufficerat,
1509 426 1679 481 mirabilem

57 509 106 575 rto,
122 510 152 561 et
175 511 343 580 commodo,
357 517 387 569 et
402 518 580 572 necessario.
606 517 734 573 Gratum
757 522 803 575 est
857 517 889 571 in
904 517 948 572 eis
962 517 1120 587 sapientia
1136 517 1191 572 Dei
1208 516 1306 572 lucem
1321 517 1480 571 inveniret.
1499 515 1538 569 Et
1551 515 1608 569 hoc
1621 515 1679 568 uti·

57 592 184 666 lplacet,
206 602 312 668 aptum
337 603 420 671 quod
436 606 588 674 convenit,
610 606 802 661 commodum
857 619 929 658 nam
944 619 999 674 ego
1014 608 1076 659 tam
1093 620 1214 676 possem
1236 605 1390 659 subtiliter
1413 604 1592 676 perspicere,
1616 606 1679 656 tam

57 681 216 754 lprodest,
243 691 448 744 necessarium
473 693 538 747 sine
557 708 618 764 quo
639 694 714 764 quid
738 709 803 748 esse
857 696 1061 763 competenter
1087 708 1238 761 enarrare,
1271 708 1363 764 quam
1390 707 1516 763 possum
1539 691 1679 745 ardenter

57 773 163 842 potest.
181 772 271 828 Nunc
287 778 457 847 propositas
469 781 649 850 partitiones
664 797 682 834 a
696 781 804 852 princi·
856 779 991 849 diligere.
1006 780 1142 835 Delectat
1153 782 1234 836 enim
1249 796 1296 835 me
1311 781 1384 851 quia
1398 779 1486 835 valde
1498 779 1585 833 dulce
1597 782 1627 833 et
1636 779 1680 849 ju·

57 862 230 930 apetamus,
251 863 326 917 etin
343 881 528 939 unoquoque
543 868 704 925 divisionis
717 885 803 940 gene-
857 868 990 923 cundum
1019 872 1065 923 eet
1079 868 1116 923 de
1135 869 1184 923 his
1205 869 1296 924 rebus
1319 869 1494 940 frequenter
1512 881 1610 937 agere,
1625 866 1680 921 ubi

57 945 155 1002 taliter
166 949 215 1003 vel
240 966 278 1004 ex
297 952 499 1011 universitate
514 948 722 1013 creaturarum
737 959 803 1015 Cre·
856 956 948 1011 simul
961 960 992 1013 et
1010 957 1128 1011 ratione
1141 956 1280 1011 eruditur
1295 971 1412 1024 sensus,
1428 959 1458 1011 et
1471 955 1623 1010 suavitate
1634 952 1682 1008 de·

57 1048 72 1088 s
99 1036 314 1093 manifestetur
335 1043 482 1113 potentia,
504 1045 552 1100 vel
571 1061 608 1100 ex
633 1047 739 1103 decore
759 1062 804 1101 sa·
855 1045 985 1100 lsctatur
995 1045 1160 1114 animus,et
1173 1043 1368 1100 aemulatione
1379 1044 1530 1098 excitatur
1542 1043 1679 1110 affectus,

57 1121 104 1191 ia,
121 1124 220 1179 velex
233 1127 367 1183 utilitate
380 1130 564 1202 benignitas,
576 1136 799 1205 perquiramus.
856 1135 899 1188 ita
918 1135 952 1188 ut
967 1149 1036 1188 cum
1053 1133 1217 1189 Psalmista
1231 1136 1419 1204 stupeamus,
1442 1133 1472 1186 et
1494 1130 1682 1185 admirantes

57 1209 100 1265 ria
113 1211 304 1271 immensitas
319 1218 419 1288 prima
431 1216 490 1276 fuit
505 1223 538 1277 in
553 1224 728 1294 partitione,
740 1224 800 1295 pri·
855 1221 1038 1278 clamemus:
1053 1225 1156 1283 Quam
1172 1223 1387 1293 magnificata
1405 1224 1486 1275 aunt
1499 1233 1596 1288 opera
1609 1224 1680 1287 tua,

57 1313 106 1355 sse
115 1300 205 1357 debet
217 1304 249 1359 in
264 1309 484 1376 prosecutione.
852 1312 1010 1366 Domine!
1023 1313 1136 1365 omnia
1152 1313 1188 1365 in
1203 1312 1370 1379 sapientia
1383 1308 1680 1378 fecisiitPcal.cur);

62 1388 101 1444 Π.
114 1392 156 1445 De
166 1393 389 1452 immensitate
399 1400 523 1454 diuinae
532 1403 689 1467 potentiue
700 1415 800 1469 quam
856 1402 886 1453 et
900 1398 994 1453 allbi:
1020 1402 1193 1455 Deiectasti
1210 1414 1259 1453 me
1287 1401 1324 1452 in
1344 1398 1479 1468 foetura
1495 1402 1565 1462 tua,
1590 1401 1622 1450 et
1644 1398 1681 1449 in

57 1479 225 1546 repicinrus
237 1497 278 1536 ece
290 1491 522 1541 creaturarum
535 1491 763 1544 multitudine.
856 1488 1004 1555 operibus
1020 1502 1182 1542 monumn
1205 1492 1342 1542 tuorum
1367 1488 1545 1542 exsultabo.
1574 1487 1679 1553 Quum

57 1564 181 1637 ligeuter
193 1569 288 1639 igitur
303 1573 449 1642 audite,et
460 1576 650 1632 considerate
664 1593 733 1648 quse
744 1577 802 1633 dic·
857 1576 1073 1647 magnificato
1100 1580 1179 1630 crint
1202 1590 1298 1644 opero
1314 1581 1383 1642 tua,
1397 1573 1554 1630 Domine?
1579 1576 1681 1631 nimis

57 1668 155 1710 reum.
172 1657 301 1722 Quando
317 1662 394 1717 nihil
418 1669 482 1718 erut
498 1665 606 1734 facere,
629 1670 664 1721 ut
684 1666 802 1738 aliquid
816 1680 842 1735 B
851 1663 1031 1733 profundae
1041 1664 1139 1734 facire
1152 1669 1232 1719 aunt
1246 1666 1457 1732 cogitationes
1472 1669 1547 1719 tuoe.
1571 1665 1626 1716 Vir
1637 1664 1684 1716 in-

57 1783 65 1808 ,
84 1743 185 1814 qualis
210 1750 348 1817 potentia
378 1756 451 1806 erat.
476 1752 550 1817 Quis
577 1770 685 1810 sensus
701 1758 802 1827 potest
854 1755 979 1822 sipienr
997 1768 1060 1808 non
1073 1757 1247 1823 requescet,
1259 1757 1290 1807 et
1302 1755 1425 1807 stultus
1440 1766 1506 1807 non
1522 1753 1682 1820 intelliget

57 1831 237 1902 trahendam,
253 1852 322 1907 quae
344 1840 443 1896 virtus
459 1842 499 1897 sit
523 1842 559 1897 de
575 1843 682 1913 nihilo,
707 1846 801 1901 etiam
856 1844 922 1897 baec
946 1841 1045 1912 (Pani.
1075 1841 1149 1911 scr).
1176 1841 1345 1896 Universus
1362 1839 1444 1894 anim
1468 1839 1603 1895 muudus
1624 1839 1683 1894 iste

57 1932 75 1972 n
90 1919 206 1992 aliquid
222 1924 329 1995 facere,
344 1930 485 1998 quamvis
504 1933 658 2001 exiguum.
685 1932 716 1987 Si
730 1949 800 2004 ergo
855 1929 1009 1984 sensibilis
1023 1929 1113 1999 quasi
1128 1928 1253 2000 qnidam
1275 1927 1351 1982 liber
1366 1931 1412 1981 est
1435 1928 1568 1998 scriptus
1582 1927 1679 1997 digito

57 2007 224 2080 naliquid,
255 2014 426 2084 quamlibet
441 2034 581 2089 parvum,
604 2020 640 2075 de
655 2021 732 2076 nihil
761 2022 802 2076 fa·
855 2016 922 2086 Dei,
938 2017 995 2072 hoc
1014 2020 1060 2071 est
1080 2016 1193 2070 virtute
1214 2015 1320 2070 divina
1339 2018 1470 2083 creatus,
1495 2018 1525 2069 et
1551 2013 1681 2083 singulm

57 2097 138 2150 tauta
152 2101 291 2169 potentia
303 2108 358 2173 est,
376 2108 410 2160 ut
429 2107 642 2178 comprehendi
658 2125 719 2164 non
733 2126 800 2181 pos·
856 2108 1002 2161 creaturae
1016 2105 1106 2176 quasi
1120 2105 1226 2175 figurae
1240 2104 1381 2175 quaedam
1402 2105 1474 2158 suut
1497 2117 1559 2157 uon
1572 2101 1680 2156 huma·

57 2188 158 2254 manta
172 2187 377 2245 existimanda
397 2195 442 2247 est
457 2196 595 2266 potentia
620 2200 683 2252 tam
704 2197 802 2253 multa
856 2210 896 2249 no
910 2193 1022 2265 placito
1037 2193 1181 2260 inventae,
1197 2190 1250 2246 sed
1261 2190 1366 2245 divino
1381 2190 1509 2246 arbitrio
1527 2190 1679 2245 institutae

56 2269 206 2338 aionem
222 2277 344 2332 multa?
364 2279 444 2345 Quot
458 2287 530 2338 sunt
544 2281 557 2337 i
572 2284 708 2340 Numera
735 2284 802 2340 stel·
856 2282 895 2336 ad
912 2280 1170 2337 manifestandam
1184 2278 1388 2334 invisibilium
1408 2279 1465 2334 Dei
1479 2279 1675 2350 sapientiam.

57 2359 117 2430 oeli,
134 2378 257 2420 arenam
273 2368 384 2437 maris,
407 2369 562 2440 pulverem
583 2375 681 2442 terrm,
697 2377 802 2443 guttas
855 2368 1117 2436 Quemadmodum
1129 2372 1231 2423 autem
1247 2368 1273 2423 si
1283 2367 1447 2423 illiteratus
1459 2368 1528 2439 quis
1540 2369 1680 2440 apertum

57 2448 98 2518 Lae,
122 2467 239 2523 pennas
263 2455 433 2526 volucrum,
459 2474 637 2530 squammas
659 2462 801 2532 piscium,
854 2458 968 2513 librum
982 2457 1095 2526 videat,
1110 2458 1226 2528 figuras
1247 2457 1367 2530 aspicit,
1392 2457 1512 2514 litteras
1527 2473 1588 2512 non
1608 2471 1676 2527 cog·

62 2537 253 2610 animalium,
271 2546 412 2614 gramina
427 2562 615 2619 camporum,
640 2549 715 2605 folia
738 2550 802 2605 sive
855 2547 970 2601 noscit:
991 2546 1035 2600 ita
1056 2545 1171 2601 stultus
1187 2549 1216 2601 et
1237 2548 1395 2601 animalia
1414 2548 1516 2615 horno,
1535 2546 1589 2617 qni
1612 2560 1678 2601 non

59 2639 96 2680 us
115 2627 271 2699 arborum,
286 2637 315 2688 et
330 2639 509 2690 caeterorum
530 2636 802 2693 innumerabilium
850 2636 1041 2704 percipitare
1054 2649 1127 2703 quoe
1141 2636 1197 2688 Dei
1212 2639 1291 2688 sunt
1308 2635 1338 2704 (Ι
1352 2635 1419 2689 Gor.
1438 2634 1484 2703 rr),
1507 2634 1539 2688 in
1552 2633 1680 2690 visibili·

56 2716 215 2772 merahilia
227 2735 364 2778 numera.
380 2725 620 2780 Innumerabilia
641 2726 674 2780 in
695 2726 801 2782 simili·
855 2721 915 2777 bus
928 2723 997 2778 istie
1009 2723 1156 2778 creaturis
1175 2723 1252 2778 foris
1266 2722 1349 2777 videt
1363 2723 1504 2794 speciem,
1528 2722 1581 2777 sed
1594 2723 1680 2777 intus

61 2802 300 2864 innumerabilia
315 2813 348 2866 in
363 2812 502 2881 diversis,
518 2813 758 2869 innumerabilia
768 2815 802 2870 in
856 2828 918 2867 non
930 2811 1075 2882 iutelligit
1089 2812 1249 2866 rationem.
1258 2810 1317 2875 Qui
1332 2815 1434 2866 autem
1449 2810 1618 2882 spiritualis
1633 2814 1680 2865 est

57 2890 140 2948 detis.
159 2895 232 2961 Quas
248 2904 321 2955 suut
333 2899 554 2966 similialQuee
570 2902 741 2958 subeodem
756 2918 802 2975 ge-
856 2905 886 2956 et
898 2901 1002 2959 omnia
1026 2900 1192 2971 dijudicare
1205 2904 1317 2972 potest,
1339 2901 1371 2955 in
1393 2915 1429 2955 eo
1453 2898 1576 2971 quidem
1598 2899 1681 2970 quod

62 2982 258 3041 continentur
269 3004 275 3041 :
288 2991 322 3042 ut
336 2988 427 3044 homo
443 3006 524 3045 uuus
540 2993 569 3045 et
584 2991 660 3046 alter
675 3007 682 3057 ;
702 2991 749 3047 leo
764 3008 799 3047 u·
819 3017 842 3073 0
857 2990 931 3046 foris
945 2989 1116 3046 considerat
1129 2988 1388 3060 pulchritudinem
1403 2988 1600 3067 operis,intus
1613 3004 1680 3044 con·

57 3072 76 3121 rt
94 3069 184 3140 alter,
201 3073 305 3146 aquila
316 3092 378 3130 una
390 3081 420 3132 et
434 3077 548 3146 altera;
562 3079 776 3151 honoruscopa
792 3097 798 3135 :
856 3080 930 3153 cipit
943 3093 1037 3151 quam
1051 3077 1192 3133 miranda
1215 3077 1255 3131 sit
1277 3077 1428 3149 sapientia
1452 3077 1613 3132 Crantoris.
1638 3076 1678 3133 Et

61 3160 93 3213 et
115 3159 227 3216 altera:
249 3163 313 3218 haec
340 3165 473 3235 singula,
494 3170 524 3221 et
538 3170 646 3222 caetera
670 3167 745 3223 talia
768 3169 801 3224 in
855 3169 923 3224 ideo
937 3181 1026 3222 nemo
1041 3167 1148 3221 estcui
1168 3180 1259 3238 opera
1273 3166 1329 3221 Dei
1349 3165 1503 3221 mirabilia
1526 3182 1589 3222 non
1604 3166 1677 3235 sint,

57 3249 216 3316 generibus
236 3251 350 3307 similia
369 3258 452 3309 suut.
472 3254 544 3320 Qnae
567 3260 639 3311 sunt
654 3255 801 3313 diversa?
855 3256 928 3311 dum
943 3255 1093 3327 insipiens
1107 3255 1140 3310 in
1155 3256 1199 3310 eie
1213 3255 1309 3311 solam
1323 3255 1455 3311 miratur
1466 3255 1616 3327 speciem;
1632 3269 1678 3309 ea·

61 3334 263 3394 dissimilibus
275 3341 454 3403 differentiis
471 3345 688 3415 informantur,
703 3346 802 3402 utho
854 3346 942 3417 piens
956 3349 1059 3399 autem
1074 3344 1172 3416 perid
1192 3343 1273 3415 qnod
1293 3344 1370 3399 foris
1391 3343 1474 3400 videt
1494 3343 1679 3415 profundam

60 3422 139 3479 ileo.
157 3425 217 3482 Leo
233 3432 262 3483 et
277 3431 391 3502 aquila.
410 3432 522 3504 Aquila
535 3436 564 3487 et
578 3433 800 3506 honoruscopa·
854 3433 986 3487 rimatur
999 3430 1112 3486 divinae
1126 3431 1284 3502 sapientiae
1300 3431 1527 3502 cogitationem,
1540 3430 1625 3486 reiut
1652 3431 1679 3486 si

57 3509 185 3569 tumeam
200 3515 321 3573 diversa
335 3524 417 3574 suut.
437 3520 510 3586 Quae
527 3526 600 3577 sunt
628 3520 801 3594 permiste?
853 3520 887 3574 iu
898 3535 961 3575 una
976 3519 1143 3590 eademque
1158 3519 1313 3590 Scriptura
1324 3519 1401 3573 alter
1415 3519 1545 3575 colorem
1559 3519 1679 3574 senfor-

59 3597 90 3653 la
112 3601 203 3658 simul
230 3607 431 3663 considerata.
457 3609 614 3674 Quomodo
625 3626 696 3681 ergo
710 3612 743 3666 in
759 3612 798 3666 si·
853 3608 1022 3663 mationem
1035 3607 1202 3677 figurarum
1215 3606 1424 3675 commendet,
1441 3606 1517 3661 alter
1530 3620 1602 3660 vero
1616 3606 1679 3660 lau·

57 3701 103 3742 rus
121 3689 438 3759 infinitanuomodo
463 3698 496 3752 in
522 3697 651 3752 diversis
679 3699 801 3754 infinita
854 3696 904 3769 det
920 3709 1043 3750 sensnm
1059 3698 1089 3749 et
1107 3693 1372 3764 significationem.
1396 3692 1516 3749 Bonum
1536 3707 1606 3762 ergo
1632 3695 1679 3747 est

57 3775 130 3830 nodo
157 3778 190 3833 in
229 3784 385 3852 permistis
408 3784 529 3839 infinita
545 3782 559 3837 f
586 3784 676 3840 Audi.
700 3786 800 3842 Homo
854 3783 977 3838 assidue
989 3781 1187 3852 contemplari
1203 3785 1233 3836 et
1245 3780 1391 3835 admirari
1402 3795 1495 3852 opera
1508 3777 1680 3848 diviua‚sed

56 3877 76 3917 n
102 3878 198 3934 genus
231 3872 298 3939 est,
326 3871 378 3925 sed
407 3887 488 3927 unus
522 3872 613 3927 horno
642 3888 704 3932 non
738 3877 795 3930 est.
854 3872 880 3928 ei
896 3871 1064 3943 quirerum
1078 3868 1281 3942 corporalium
1306 3867 1566 3941 pulchritudinem
1586 3868 1619 3922 in
1644 3883 1679 3922 u·

78 3967 129 4008 eos
159 3970 317 4014 numerare
349 3960 486 4031 potest?
523 3961 584 4017 Leo
619 3977 716 4017 unum
750 3978 799 4034 ge·
854 3975 923 4015 snm
936 3958 1022 4014 novit
1031 3961 1148 4013 vertere
1157 3957 1357 4030 spiritualem.
1371 3957 1451 4013 Nam
1464 3955 1568 4012 etideo
1579 3954 1678 4028 Scrip-

57 4045 101 4111 at,
113 4042 166 4098 sed
178 4060 258 4101 unus
270 4046 316 4102 leo
327 4063 388 4103 non
404 4052 458 4104 est.
473 4048 549 4114 Quis
564 4065 615 4105 eos
637 4066 800 4106 numerare
854 4051 924 4103 tura
937 4050 1096 4118 tantopere
1112 4061 1167 4102 nos
1180 4045 1219 4100 ad
1233 4043 1434 4101 desideranda
1455 4044 1610 4101 mirabilia
1622 4043 1681 4100 Dei

57 4126 100 4184 rt?
113 4131 226 4203 Aquila
239 4151 334 4190 unum
350 4151 446 4207 genus
469 4142 525 4208 est,
550 4137 602 4194 sed
617 4138 720 4211 aquila
737 4155 801 4195 una
854 4136 978 4205 excitat,
994 4138 1030 4191 ut
1043 4150 1096 4207 per
1120 4150 1156 4191 ea
1184 4149 1253 4206 qum
1276 4133 1351 4190 foris
1365 4133 1516 4189 credimus
1534 4133 1621 4189 intus
1641 4131 1681 4188 ad

57 4221 112 4287 est3
125 4220 194 4292 qnis
209 4237 260 4277 eas
274 4240 434 4281 numerare
449 4229 548 4298 potest
563 4224 620 4281 fet
634 4227 679 4282 ita
694 4227 726 4282 in
743 4243 800 4283 cae·
855 4225 1042 4296 agnitionem
1058 4224 1197 4279 veritatis
1207 4222 1378 4278 veniamus.
1394 4221 1482 4278 Unde
1502 4220 1677 4290 Psalmista,

61 4307 620 4371 innumerabilibusinnumerabilium
635 4330 736 4370 rerum
752 4331 798 4386 gs-
811 4355 840 4413 D
854 4315 942 4386 quasi
954 4329 1010 4386 pro
1034 4313 1146 4384 magno
1170 4311 1273 4383 aliquo
1302 4310 1419 4381 sejam
1443 4311 1473 4364 et
1501 4309 1558 4364 hoc
1571 4309 1679 4365 fecisse

57 4411 109 4467 ins,
124 4398 255 4471 infinita,
271 4416 372 4457 rerum
387 4418 498 4473 genera
512 4407 542 4459 et
557 4404 589 4458 in
606 4403 737 4474 singulis
751 4419 799 4474 ge·
852 4404 1080 4471 commemorat,
1108 4404 1137 4456 et
1159 4399 1258 4455 adhuc
1277 4398 1431 4453 facturum
1449 4396 1612 4469 promittit,
1631 4396 1676 4452 di·

57 4500 100 4541 rus
114 4486 236 4543 infinita
251 4489 373 4546 similia.
386 4490 484 4546 Simul
496 4507 569 4547 vero
584 4493 688 4547 omnia
698 4492 800 4547 infini-
852 4507 924 4547 cena
938 4508 944 4546 :
959 4492 1082 4547 Memor
1092 4492 1148 4562 fui
1163 4492 1294 4545 dierum
1310 4488 1677 4557 antiquorum,madita·

56 4576 267 4633 numerabilia.
852 4585 906 4635 tus
921 4596 995 4635 sum
1009 4581 1046 4634 in
1061 4580 1210 4635 omnibus
1225 4579 1373 4649 operibus
1390 4578 1469 4646 tuis,
1485 4577 1564 4631 etin
1579 4578 1675 4631 adin·

57 4677 101 4717 se.
119 4663 171 4718 III.
190 4668 233 4720 De
248 4672 481 4723 creaturarum
498 4670 741 4738 magnitudine.
852 4664 1056 4725 contionibus
1071 4670 1138 4722 tuis
1153 4669 1320 4722 eaucebor
1344 4667 1445 4736 (Pani.
1462 4662 1570 4733 exau).
1595 4662 1677 4720 Hinc

57 4748 220 4809 lfortassis
233 4756 286 4827 qui
311 4759 357 4812 tot
371 4757 453 4827 feeit,
477 4772 573 4830 parva
588 4756 670 4824 fecit,
699 4758 798 4813 multa
852 4760 899 4814 est
914 4756 1006 4813 etiam
1021 4755 1102 4827 quod
1118 4753 1303 4825 quibusdam
1321 4752 1539 4822 ignorantibus
1552 4751 1675 4808 Creato-

57 4836 105 4894 let
119 4856 232 4912 magna
246 4845 344 4899 facere
356 4861 417 4901 non
428 4846 659 4917 potuit,quanta
670 4843 797 4900 tamen?
851 4860 915 4901 rem
930 4858 1032 4912 suum,
1049 4845 1078 4897 et
1092 4840 1209 4897 cultum
1233 4839 1297 4895 Deo
1320 4839 1458 4894 debitum
1478 4838 1569 4895 idolis
1590 4839 1674 4896 exhi·

57 4941 82 4982 re
104 4928 199 4985 moles
226 4934 387 5003 montium,
406 4938 522 4990 tractus
537 4935 712 5002 fluminum,
728 4948 795 5005 spa·
850 4932 995 4987 bentibus
1006 4930 1040 4984 in
1062 4929 1142 4984 isaia
1155 4927 1282 4983 dicitur:
1301 4929 1378 4988 ouis
1397 4933 1596 4984 mensurari
1612 4944 1674 4998 pu·

57 5030 218 5089 tmporum,
240 5020 433 5078 altitudinem
453 5023 531 5092 coeli,
553 5021 796 5094 profunditatem
849 5022 930 5091 gillo
942 5032 1058 5089 aquas,
1074 5019 1209 5072 etcoelos
1228 5018 1342 5086 pulmo
1351 5015 1577 5085 ponder-aeut
1596 5018 1673 5077 onis

57 5103 300 5180 ri.Miraris,qnia
315 5110 428 5180 deficis
442 5110 495 5165 sed
509 5110 618 5166 melius
629 5109 796 5165 deficiendo
850 5107 1007 5178 appendit
1020 5106 1125 5160 tribus
1140 5106 1257 5174 dipitia
1268 5107 1385 5160 molem
1401 5110 1509 5175 tewoe,
1533 5110 1565 5160 et
1583 5104 1677 5157 tibra-

57 5191 796 5254 daMeditantibusdecreaturarumimmensitate
850 5199 897 5252 uit
917 5197 1108 5265 inpendere
1130 5199 1266 5263 montes,
1294 5198 1327 5249 et
1343 5196 1438 5249 colles
1461 5195 1498 5246 in
1526 5186 1676 5246 statera?

57 5279 272 5341 [seminarium
282 5287 578 5359 quoddamjecimus;
586 5302 667 5342 nunc
677 5286 715 5342 ad
729 5302 796 5343 con·
850 5287 911 5348 oui
925 5286 1014 5340 sedet
1035 5298 1133 5353 super
1155 5299 1276 5353 purum
1302 5289 1408 5350 terrra,
1429 5286 1460 5337 et
1475 5281 1675 5335 habitatores

57 5366 178 5426 landam
194 5389 298 5428 earum
315 5374 573 5447 pulchritudinem
591 5378 792 5432 transeamus.
850 5378 920 5444 ejus
935 5377 1015 5430 eunt
1027 5374 1114 5428 sicut
1130 5373 1270 5428 iocurtae.
1290 5374 1351 5433 oui
1363 5371 1513 5427 entendit
1528 5368 1616 5421 velut
1628 5365 1677 5418 ni·

57 5456 796 5532 lV.Deearumdernpuicbritudineinquatuor
849 5466 955 5519 bitum
968 5451 1071 5530 coeioe,
1086 5466 1117 5516 et
1136 5461 1296 5529 expandit
1320 5460 1468 5516 eossteut
1482 5456 1671 5511 tabernacu-

57 5549 154 5602 amvis
179 5551 285 5606 multis
304 5568 339 5606 ac
359 5552 453 5606 variis
471 5551 569 5606 modis
587 5554 794 5606 creaturarum
850 5556 918 5607 turn
932 5553 1009 5623 (Ira.
1026 5549 1089 5618 xu).
1104 5548 1143 5604 ut
1158 5548 1322 5603 Psalmista
1346 5548 1457 5601 iterum
1479 5545 1512 5599 in
1537 5542 1670 5615 quodam

57 5634 168 5692 uitudo
182 5639 315 5710 perfecta
330 5641 381 5708 sit,
392 5643 524 5711 quatuor
531 5642 633 5693 tamen
644 5639 795 5711 praecipue
846 5639 992 5717 locorum
1007 5640 1147 5709 argueret
1159 5634 1310 5719 idolorum
1320 5633 1463 5703 cultores,
1476 5633 1539 5689 nit:
1554 5634 1670 5688 Omnes

69 5721 232 5801 inquibus
256 5727 430 5784 earumdem
449 5727 538 5784 decor
554 5726 704 5785 consistit.
728 5726 795 5800 Hoc
846 5729 898 5782 dii
916 5728 1066 5819 pontium
1085 5714 1250 5811 doemdria
1262 5740 1275 5791 ,·
1301 5722 1459 5780 Dominus
1484 5727 1598 5813 autern
1617 5735 1671 5778 οω-
