3742 6082
68 193 123 253 nr
549 193 932 260 aannmmnascan.
953 205 1287 280 umnaouaarns.
1719 206 1773 267 ΤΒ

64 315 195 386 iuvenes
214 317 338 387 propter
363 314 457 370 robur
481 330 500 370 a
527 316 627 374 fronte
640 318 778 378 lecticam
793 326 894 380 tenere
908 325 936 380 A
948 328 981 385 id
1004 333 1087 404 quod
1111 338 1185 391 sunt
1205 334 1316 390 divites
1337 332 1435 389 videri
1456 331 1608 388 laborant.
1624 331 1686 387 Nec
1705 331 1771 403 jam

66 403 213 459 dicuntur
222 419 231 472 3
246 402 425 473 videliaicet,
446 423 518 474 aaa
533 403 577 466 sal
592 406 673 478 nisos,
697 409 729 465 id
744 415 790 467 est
801 426 895 469 arnor
950 418 1175 489 qnid'didicerit
1188 424 1318 496 quisque
1327 423 1459 494 jactitat,
1471 419 1524 477 sed
1539 419 1613 493 quid
1623 419 1770 492 expende·

67 497 99 547 et
113 492 212 560 labor,
229 491 303 562 quia
323 490 399 546 foris
414 508 490 565 opus
510 501 671 567 peragunt,
688 515 706 553 a
733 502 894 571 posteriori
949 508 998 564 rit.
1015 509 1073 565 Sed
1094 512 1234 568 fortassis
1258 526 1329 566 suos
1345 511 1509 581 magistros
1522 506 1638 564 imitari
1651 507 1770 577 volunt,

65 579 186 652 puellae,
194 579 335 635 videlicet
347 581 487 654 irapinas
501 583 545 645 nai
556 591 689 665 cyparissi,
715 604 782 660 quae
800 590 891 646 inter·
949 596 985 651 de
999 597 1112 668 quibus
1128 600 1202 671 quid
1216 599 1307 670 digne
1321 598 1420 654 dicam
1437 613 1498 653 non
1511 596 1646 653 invenio.

64 672 228 741 pretantur
251 684 333 724 aura
358 687 411 726 seu
434 676 612 744 dilipentia
628 681 658 732 et
672 679 802 746 cipitia,
819 678 894 749 quia
1183 688 1256 744 Car.
1271 687 1337 742 XX.
1352 690 1395 742 De
1408 687 1534 741 exsilio·

64 757 151 813 intus
165 758 198 813 in
210 762 324 813 secreto
343 761 504 816 consilium
523 764 658 834 pariunt.
674 764 752 820 Sunt
767 765 892 836 quidam
984 771 1140 831 Postremo
1156 779 1237 831 terra
1257 774 1357 830 aliena
1375 774 1475 846 posita
1490 775 1545 841 est,
1561 787 1629 843 quas
1652 773 1682 827 et
1703 771 1772 843 ipsa

66 846 120 917 qui
132 848 245 917 putant
260 861 313 917 per
335 847 511 905 cathedram
526 851 699 922 philologiae
722 853 892 909 humanum
949 875 1070 931 quoquc
1091 861 1247 919 hominem
1265 866 1392 917 exercet.
1409 861 1516 916 Omnis
1528 859 1662 915 mundus
1673 857 1771 931 philo·

65 948 176 1005 corpus
190 934 367 1004 significari,
384 936 432 991 cui
445 938 550 994 anima
563 940 723 996 rationalis
739 941 891 1013 praesidet,
948 948 1151 1020 cophantihus
1180 949 1321 1006 exsilium
1351 955 1406 1005 est.
1432 948 1511 1014 Quia
1535 951 1649 1017 tamen,
1670 949 1705 1001 ut
1728 946 1772 1002 ait

65 1022 149 1093 quod
176 1022 312 1077 ministri
336 1027 469 1094 quatuor
494 1030 631 1100 portant,
647 1028 679 1084 id
692 1032 747 1098 est,
760 1033 894 1101 quatuor
947 1037 1096 1108 quidam:
1227 1020 1231 1025 ⁴

65 1109 218 1166 elementa
232 1116 430 1182 componunt.
447 1113 492 1168 De
519 1116 633 1187 quibus
649 1116 708 1172 duo
723 1118 891 1190 superiora,
972 1127 1087 1182 Nescio
1100 1143 1165 1196 aaa
1180 1130 1293 1183 natale
1307 1129 1412 1181 solam
1428 1126 1601 1180 dulcedine
1614 1127 1744 1179 cunctos

63 1199 251 1269 idestignis
280 1203 309 1254 et
339 1215 400 1269 aer,
426 1205 496 1257 actu
519 1207 549 1259 et
572 1204 694 1259 nomine
722 1205 893 1261 masculina
999 1216 1105 1283 Ducit,
1121 1218 1374 1272 etintmerncres
1390 1229 1454 1269 non
1472 1211 1715 1266 cinitessesai.

65 1291 148 1342 sunt.
163 1287 232 1343 Duo
245 1302 318 1343 vero
331 1288 486 1360 inferiora,
503 1291 592 1347 idest
607 1295 687 1348 terra
702 1296 733 1348 et
753 1309 834 1365 aqua
847 1294 891 1350 fe·
981 1301 1128 1373 Magnum
1142 1304 1267 1360 virtutis
1281 1303 1466 1375 principium
1476 1303 1532 1370 eat,
1542 1301 1577 1355 ut
1588 1298 1686 1354 discat
1696 1312 1770 1369 pau·

63 1375 158 1430 mina·
946 1389 1033 1445 latim
1049 1393 1233 1448 exercitatus
1249 1393 1370 1448 animus
1392 1389 1529 1446 visibilia
1540 1388 1604 1443 haec
1618 1388 1648 1441 et
1661 1385 1771 1442 transi·

268 1462 341 1520 Cae.
356 1463 440 1520 XIX.
454 1466 497 1520 De
505 1470 682 1536 parcitate.
947 1479 1024 1533 toria
1047 1481 1182 1551 primum
1203 1486 1401 1549 commutare,
1416 1483 1452 1534 ut
1466 1475 1661 1550 postmodum
1675 1473 1774 1547 possit

100 1550 283 1607 Parcitatem
299 1567 420 1625 quoque
441 1552 606 1612 lectoribus
628 1558 756 1614 suadere
769 1558 888 1629 volunt,
946 1565 1038 1621 etiam
1063 1566 1281 1639 derelinquere.
1305 1568 1462 1624 Delicatus
1483 1565 1534 1621 ille
1548 1568 1594 1620 est
1608 1562 1708 1619 adhuc
1721 1561 1772 1616 cui
1816 1594 1822 1605 ·

63 1639 163 1695 idest
187 1640 341 1712 superflua
366 1645 567 1715 consectari,
590 1647 672 1717 quod
697 1647 831 1704 maxime
855 1651 893 1705 ad
907 1652 932 1708 B
946 1655 1047 1725 patria
1061 1655 1501 1726 dulcisest.Fortisautemjam
1510 1653 1564 1724 qui
1572 1666 1661 1708 omns
1671 1649 1771 1706 solum

64 1726 258 1800 disciplinam
274 1733 400 1801 spectat.
947 1743 1047 1812 patria
1061 1746 1117 1812 est,
1133 1744 1286 1815 perlectus
1302 1758 1374 1799 vero
1389 1743 1439 1798 eui
1453 1739 1587 1796 mundus
1602 1741 1686 1796 totus
1698 1736 1773 1793 exsi-

63 1818 206 1888 Pinpnis
227 1820 316 1874 enine
345 1825 466 1888 center,
482 1824 518 1876 ut
539 1821 660 1894 dicitur,
675 1840 807 1882 sensam
827 1843 892 1883 non
947 1830 1023 1886 lium
1047 1835 1102 1887 est.
1119 1831 1173 1888 Illo
1193 1831 1309 1888 mundo
1325 1845 1459 1886 amorem
1474 1830 1552 1898 fixit,
1567 1829 1624 1883 iste
1647 1825 1771 1898 sparsit,

612 1909 733 1983 [pipnit
744 1920 891 1971 acutiam.
947 1918 997 1973 hic
1012 1919 1169 1975 exstinxit.
1184 1920 1248 1991 Ego
1264 1936 1282 1974 a
1297 1934 1392 1991 puero
1412 1916 1561 1987 exsulavi,
1577 1919 1607 1971 et
1627 1915 1690 1971 scio
1710 1929 1771 1986 quo

64 1993 122 2049 Sed
136 1993 212 2065 quid
227 1994 265 2049 ad
279 1995 337 2050 hoc
351 1995 524 2053 scholastici
539 1999 637 2055 nostri
663 2003 809 2074 temporis
831 2019 893 2059 res·
947 2021 1076 2062 moerore
1087 2009 1210 2063 animus
1222 2010 1340 2063 arctum
1353 2004 1669 2078 aliquandopauperis
1681 2005 1771 2072 tugu-

64 2082 198 2154 pondere
212 2086 368 2155 poterunt,
385 2085 438 2155 qui
454 2101 516 2141 non
531 2086 630 2143 solum
650 2089 681 2144 in
704 2091 814 2147 studiis
829 2091 894 2147 suis
948 2093 986 2148 rii
1001 2093 1133 2151 fundum
1148 2095 1276 2164 deserat,
1293 2110 1354 2167 qua
1367 2095 1508 2150 libertate
1522 2096 1627 2166 postea
1638 2103 1770 2147 marmo-

64 2170 273 2242 frugalitatem
296 2173 383 2244 sequi
398 2176 608 2246 contemnunt,
624 2176 783 2234 sedetiam
801 2195 894 2251 supra
949 2197 1016 2239 reos
1027 2183 1107 2239 lares
1122 2187 1151 2240 et
1166 2186 1245 2239 tecla
1258 2182 1403 2255 laqueata
1416 2182 1573 2255 despiciat.

541 2565 794 2677 LIBER
873 2565 1287 2705 QUARTUS,

642 2754 761 2848 Cujus
779 2755 861 2828 haec
879 2759 972 2827 sunt
990 2756 1161 2849 capitula
1179 2779 1187 2827 :

66 2920 138 2977 Car.
156 2923 179 2978 l.
196 2923 242 2978 De
254 2928 364 2981 stadio
377 2928 572 2984 divinarum
587 2930 886 2998 scriptutarum.-
899 2927 972 2983 Cae.
981 2929 1020 2985 II.
1035 2929 1081 2984 De
1095 2931 1250 2985 ordineet
1261 2944 1398 2985 numero
1412 2931 1617 2984 librorum·-
1627 2924 1701 2982 Car.
1711 2921 1768 2979 III.

101 3011 147 3067 De
157 3015 346 3069 auctoribus
362 3017 552 3072 divinornm
570 3019 740 3073 librorum.
755 3046 792 3057 -
803 3015 877 3072 Car.
893 3015 943 3071 IV.
960 3015 1005 3071 De
1017 3017 1216 3071 bibliotheca.
1231 3044 1268 3055 -
1281 3015 1354 3072 Car.
1369 3017 1404 3070 V.
1421 3016 1467 3070 De
1479 3013 1722 3081 interpretibus.
1736 3036 1769 3050 -

101 3102 174 3157 Car.
192 3100 242 3157 VI.
259 3101 305 3157 De
321 3106 509 3160 auctoribus
523 3107 607 3160 Novi
630 3106 838 3160 Testamenti.
853 3133 886 3147 ·-
901 3103 974 3159 Cae.
992 3103 1056 3160 VII.
1075 3104 1158 3170 Quiri
1170 3105 1455 3172 sitapocrppltnrn.
1473 3132 1509 3145 -
1522 3101 1597 3157 Car.
1610 3098 1691 3155 VIII.
1708 3099 1770 3153 lta·

101 3192 147 3245 tio
163 3191 354 3245 divinornm
372 3193 540 3248 librorum.
553 3223 589 3234 -
602 3193 675 3251 Car.
695 3194 748 3248 IX.
769 3192 815 3249 De
827 3207 907 3248 noco
924 3195 1135 3247 Testamenta.
1155 3221 1189 3234 -·
1208 3192 1281 3248 Car.
1303 3192 1340 3247 X.
1365 3192 1411 3248 De
1428 3192 1606 3247 canonibus
1624 3191 1769 3257 licanpe·

103 3279 236 3333 tiaram.
254 3307 286 3318 -
302 3278 375 3334 Car.
396 3279 449 3334 XI.
466 3280 512 3335 De
527 3284 706 3338 canonibus
721 3284 981 3338 conciliarant·
994 3281 1067 3336 Gar.
1080 3280 1147 3336 XIl.
1165 3283 1312 3342 cuatuor
1325 3296 1393 3336 esse
1401 3282 1605 3350 principales
1618 3278 1769 3347 synodos·

100 3364 173 3420 Cau.
190 3365 275 3422 XIII.
294 3368 355 3427 ont
368 3368 574 3424 bibliothecas
588 3369 748 3439 fecerant.
759 3399 791 3411 -
801 3370 873 3425 Car.
889 3368 968 3427 XIV.
982 3369 1059 3435 Oaoe
1073 3371 1247 3438 acrtptnroe
1261 3371 1331 3425 sint
1343 3371 1552 3425 anthentica.
1566 3398 1601 3409 -
1614 3370 1689 3424 Gar.
1703 3367 1770 3424 XV.

102 3455 177 3514 aaa
191 3456 260 3509 sint
275 3457 466 3524 apocrypha
483 3459 669 3526 scriptura.
698 3488 734 3501 -
757 3457 831 3515 Car.
856 3458 936 3513 XVI.
960 3460 1173 3529 Elymaiopia
1198 3460 1419 3527 quorumdam
1434 3461 1478 3513 ad
1495 3458 1664 3513 lectionem
1672 3457 1772 3525 perti·

101 3542 262 3598 nentium.
684 3556 687 3560 ·

83 3773 156 3831 Car.
173 3775 196 3830 l.
212 3777 255 3830 De
268 3777 379 3830 studio
393 3777 588 3830 diuinarum
606 3777 865 3845 scripturarum.
905 3773 1043 3830 caliena
1071 3772 1242 3841 inveniunt,
1266 3776 1301 3827 ut
1327 3770 1407 3827 nihil
1431 3770 1555 3826 veritati
1580 3770 1770 3826 contrarium

100 3862 264 3935 Scripturas
278 3878 345 3934 quae
361 3863 447 3919 velde
458 3863 522 3919 Deo
537 3862 622 3918 velde
649 3864 739 3919 bonis
752 3862 892 3919 invisibi·
946 3861 1100 3918 continere
1108 3861 1283 3932 probentur.
1294 3883 1304 3910 ‹
1315 3858 1686 3932 Scriptursedivinaesunt‚
1693 3872 1772 3930 quas

65 3951 146 4007 lihus
160 3950 340 4023 loquuntur,
355 3967 538 4021 necomnes,
554 3966 610 4007 uec
626 3951 697 4007 solae
712 3951 824 4007 muna
840 3967 891 4024 ap·
946 3968 964 4007 a
989 3950 1145 4007 catholicae
1168 3950 1238 4006 fidei
1266 3950 1434 4007 cultoribus
1460 3949 1574 4019 editas,
1603 3948 1771 4006 auctoritas

66 4039 214 4112 pellendae
225 4045 308 4096 sunt.
319 4041 354 4095 ln
362 4041 449 4096 libris
460 4040 611 4113 siquidem
624 4040 785 4111 gentilium
794 4040 893 4096 multa
946 4040 1128 4096 universalis
1151 4038 1292 4095 Ecclesiae
1308 4039 1346 4095 ad
1361 4039 1497 4111 ejusdem
1511 4038 1582 4093 fidei
1595 4038 1769 4094 corrobora·

65 4128 100 4184 de
114 4130 285 4185 aeternitate
301 4130 366 4199 liei,
379 4130 553 4185 animarum
567 4128 798 4184 immortalitate
812 4128 892 4184 etde
946 4130 1059 4185 tionem
1073 4129 1107 4183 in
1119 4142 1246 4183 numero
1261 4126 1435 4184 divinorum
1451 4127 1674 4199 computandas
1690 4141 1769 4182 rece-

65 4217 215 4274 virtutum
243 4219 378 4291 praemiis
402 4219 606 4289 sempiternis,
621 4218 781 4290 poenisque
795 4217 892 4273 malo-
945 4219 1000 4291 pit,
1012 4221 1042 4273 et
1051 4217 1196 4288 legendas
1208 4215 1344 4272 retinuit.
1359 4217 1437 4271 Sunt
1447 4219 1594 4287 praeterea
1608 4215 1770 4287 aliaquam

65 4322 143 4376 rum,
167 4308 242 4362 satis
265 4307 417 4379 probabili
432 4307 551 4362 ratione
573 4307 686 4379 scripta
705 4306 890 4376 invenimus,
944 4307 1079 4380 plurima
1090 4304 1432 4378 opusculaareligicnis
1444 4305 1520 4360 viris
1533 4307 1564 4360 et
1578 4305 1771 4376 sapientibus

66 4410 142 4468 quos
156 4395 210 4451 tali
224 4395 372 4451 vocabulo
393 4396 537 4466 indiguos
560 4410 624 4451 esse
648 4410 738 4450 nemo
759 4395 890 4450 dubitat.
945 4396 1074 4452 diversis
1089 4394 1279 4466 temporibus
1300 4393 1481 4465 conscripta,
1496 4408 1565 4465 quae
1583 4392 1655 4450 licet
1667 4396 1770 4450 aucto·

66 4484 184 4542 Rursus
203 4484 320 4540 Veteris
345 4488 375 4540 et
388 4485 467 4541 Novi
490 4484 679 4540 Testamenti
695 4483 803 4540 seriem
825 4498 891 4555 perv
946 4486 1035 4541 ritate
1063 4483 1247 4540 universalis
1274 4482 1415 4538 Ecclesiae
1443 4482 1573 4555 probata
1596 4497 1658 4538 non
1687 4483 1770 4554 sint,

65 4577 231 4644 currentes,
248 4577 346 4629 rotam
364 4589 441 4646 pene
456 4574 492 4630 de
504 4574 666 4645 praesentis
679 4573 750 4629 vitae
765 4576 847 4628 statu
863 4575 893 4627 et
947 4577 1049 4629 tamen
1064 4573 1137 4645 quia
1161 4589 1179 4627 a
1199 4572 1258 4628 fide
1279 4570 1428 4628 catholica
1453 4586 1516 4627 non
1541 4571 1724 4644 discrepant,
1741 4573 1772 4628 et

66 4662 197 4719 rebusin
209 4666 344 4734 tempore
358 4663 452 4733 gestis
467 4665 642 4718 contextam
654 4662 817 4730 cernimus,
824 4674 893 4715 raro
946 4660 1096 4717 nonnulla
1118 4661 1211 4716 etiam
1228 4659 1317 4715 utilia
1339 4659 1460 4727 docent,
1475 4660 1556 4716 inter
1570 4659 1676 4715 divina
1689 4674 1769 4716 com·

67 4751 171 4823 aliqua
193 4751 229 4805 de
244 4751 402 4807 dulcedine
417 4754 601 4806 aeternorum
624 4749 776 4804 honorum
792 4752 822 4805 et
836 4764 892 4804 coe-
947 4753 1096 4822 putantur
1115 4749 1245 4820 eloquia,
1261 4764 1323 4819 qua
1341 4749 1473 4803 fortasse
1488 4747 1694 4804 enumerando
1708 4762 1771 4804 me·

67 4838 151 4896 lestis
166 4839 237 4895 vitae
251 4840 371 4910 gaudiis
382 4839 544 4895 manifeste
557 4838 697 4910 deprimi.
707 4837 823 4893 Tamen
837 4838 894 4892 has
946 4838 1006 4893 lius
1021 4852 1114 4909 quam
1128 4834 1298 4891 deliniendo
1311 4836 1544 4890 ostenderimus.

68 4928 236 5000 scripturas
251 4929 372 4984 divinas
387 4928 539 5001 appellare
553 4927 628 4982 tides
642 4925 791 4982 catholica
806 4926 891 4981 solet.
1008 4926 1082 4980 Gne.
1097 4924 1136 4980 ll.
1152 4927 1195 4979 De
1211 4925 1326 4978 ordine
1339 4928 1369 4978 et
1386 4938 1523 4978 nanneno
1540 4925 1708 4980 librorum.

67 5014 323 5088 Philosophorum
350 5019 519 5089 scripturas,
549 5015 638 5087 quasi
666 5015 769 5069 luteus
794 5014 894 5085 paries
983 5013 1090 5068 Omnis
1104 5012 1210 5067 divina
1223 5011 1554 5083 Scripturainduobus
1568 5013 1772 5071 Testamentis
1843 5026 1850 5036 ·

67 5103 236 5172 dealbatus,
259 5106 357 5161 nitore
380 5106 493 5178 eloquii
520 5104 594 5161 foris
618 5102 742 5175 pollent.
766 5101 839 5165 Quae
866 5103 933 5180 sil)
947 5101 1170 5170 continetur‚in
1180 5100 1281 5157 Veteri
1295 5100 1437 5156 videlicet
1450 5105 1480 5156 et
1491 5101 1772 5174 NovoUtrumque

67 5193 191 5264 quando
206 5193 346 5249 veritatis
368 5193 563 5265 praetendunt
589 5191 730 5263 speciem,
743 5189 823 5245 t‘alsa
844 5189 894 5244 ad·
950 5192 1180 5246 Testamentum
1196 5189 1295 5245 trihus
1316 5189 1476 5245 ordinibus
1491 5190 1699 5260 distinguitur.
1715 5189 1771 5245 Ve-

67 5278 778 5354 miscend0,quasiquodamcoloresuperducto
792 5277 893 5334 lutum
948 5282 997 5335 tue
1026 5279 1256 5335 Testamentum
1280 5280 1419 5335 ¹continet
1444 5279 1559 5349 legem,
1587 5277 1771 5350 prophetas,

66 5369 177 5424 erroris
193 5371 345 5442 operiunt.
357 5371 480 5439 Contra,
490 5370 594 5426 diviua
602 5368 726 5439 eloquia
735 5367 893 5440 aptissime
947 5366 1160 5440 agiographos.
1185 5367 1307 5424 Novum
1332 5371 1434 5425 autem
1457 5365 1669 5436 Evangelium,
1685 5379 1772 5438 apos·

65 5458 137 5514 lavo
151 5463 380 5531 comparantur,
397 5476 465 5531 quae
481 5464 510 5514 et
528 5463 651 5531 propter
666 5457 893 5530 simplicitatem
949 5457 1039 5526 tolos,
1055 5457 1172 5512 Patres.

66 5548 218 5603 sermonis
230 5548 316 5602 arida
329 5551 487 5620 apparent,
500 5551 529 5602 et
538 5548 623 5601 intus
635 5545 892 5618 dulcedineplena
966 5546 1104 5602 *Primus
1128 5545 1202 5600 ordo
1230 5546 1348 5600 Veteris
1376 5542 1574 5610 Testamenti,
1599 5541 1700 5597 idest
1724 5541 1775 5600 lex

67 5639 155 5705 aunt,
169 5636 384 5693 undeconstat
398 5635 481 5708 quod
495 5636 603 5691 merito
625 5635 687 5690 tale
709 5634 892 5690 vocabulum
947 5640 1042 5697 quam
1055 5623 1178 5679 Hebraei
1193 5638 1298 5698 fltln,
1327 5622 1457 5677 erafll
1478 5619 1650 5691 similant,
1666 5621 1774 5678 Penta·

66 5726 177 5782 sortita
193 5728 276 5796 sunt,
291 5742 359 5799 quae
374 5725 438 5782 sola
452 5727 496 5783 sic
510 5742 528 5782 a
553 5725 700 5783 falsitatis
712 5725 892 5796 contagione
947 5721 1092 5779 teuchum
1106 5719 1212 5790 habet,
1230 5719 1262 5775 id
1284 5722 1329 5775 est
1353 5718 1490 5791 quinque
1503 5715 1599 5774 libros
1610 5716 1725 5788 Movei.
1738 5718 1786 5772 iu
