3742 6082
66 218 124 278 805
585 221 750 279 ERUDIT.
773 219 981 278 DIDASCAL.
1008 222 1128 284 immi
1145 227 1307 287 SEXTUS.
1725 234 1780 294 8⁰6

67 336 99 390 in
116 351 151 390 ea
161 339 261 390 toturn
274 337 414 392 veritatis
419 338 570 408 judicium
581 341 710 413 pendere
722 342 892 397 credamus.
909 336 935 391 Α
951 342 997 398 dn
1015 363 1077 402 :ecc
1095 355 1127 404 te
1144 353 1227 406 mihi
1250 356 1437 422 egredietur
1458 359 1517 426 qni
1531 358 1576 411 sit
1590 360 1779 415 dominator

66 425 136 479 Non
151 425 320 493 litteratus,
332 426 383 480 sed
395 429 584 494 spiritualis
605 433 717 484 omnia
730 433 897 497 dijudicat
952 435 989 487 in
1005 436 1121 504 Israel;
1134 452 1281 506 opressus
1290 445 1360 508 ejas
1371 444 1409 497 ab
1423 445 1522 500 initio
1536 459 1558 499 a
1568 447 1680 500 diebus
1691 451 1779 502 oeter

67 514 98 583 (Ι
111 512 228 580 Cernit
243 514 284 568 Ut
298 529 369 584 ergo
383 530 485 569 secure
496 518 595 587 possis
600 518 737 588 judicare
749 518 893 586 litteram,
952 523 1072 578 nitatis
1088 525 1195 594 (Mieb.
1212 530 1254 595 v).
1271 528 1311 583 Et
1323 529 1488 591 Psalmista
1504 548 1510 586 :
1526 533 1686 601 Numquid
1701 535 1778 590 Sion

65 600 332 656 nondetuosensu
342 605 589 673 praesumere,sed
601 606 897 676 erudiriprius,etiu·
951 611 1038 664 dicet
1053 629 1063 664 :
1076 614 1187 682 Homo,
1203 620 1234 670 et
1249 617 1342 670 bomo
1366 623 1467 672 natus
1487 625 1534 673 est
1549 621 1585 673 in
1600 634 1650 689 ea,
1665 622 1778 689 etipse

64 690 632 762 formarioportet,etquasiquamda1n
648 694 896 749 inconeussaeve-
949 696 1111 764 fundavit
1133 716 1206 756 eam
1232 705 1425 759 attissimus
1452 706 1552 776 (Prot.
1578 708 1719 779 ixxxm).
1738 709 1779 765 itt

65 777 169 832 ritatis
183 777 295 846 basim,
311 779 360 833 cui
376 783 441 834 tota
455 780 572 835 fabrica
584 781 738 836 innitatur
753 781 893 838 fundare.
952 801 1074 841 rursum
1089 804 1095 841 :
1114 791 1247 844 Domini
1261 794 1403 859 Domini,
1415 793 1527 864 inquit,
1541 797 1651 850 accitus
1661 799 1777 853 mortis

65 867 171 938 Neque
188 884 205 920 a
221 867 319 938 telpso
334 868 449 923 erudiri
474 884 653 940 praesumas,
670 886 707 926 ne
728 871 807 927 forte
821 870 894 926 dum
951 874 1052 944 (Psoi.
1068 878 1179 947 trivii).
1202 878 1240 932 lit
1254 879 1367 933 iterum
1384 896 1389 934 :
1420 883 1513 936 Discit
1538 883 1695 938 Dominus
1717 886 1775 940 Do·

65 960 96 1011 te
106 956 299 1012 introducere
323 960 424 1028 putas,
445 959 544 1028 magis
557 959 705 1027 seducas,
724 975 743 1013 a
764 959 893 1016 doctori·
949 965 1041 1019 mino
1056 979 1135 1030 meo,
1153 969 1227 1020 sede
1248 981 1269 1021 a
1282 969 1409 1023 destris
1425 972 1506 1024 meis
1522 970 1621 1037 (Psal.
1647 969 1720 1042 cix).
1736 971 1776 1029 m

65 1046 126 1100 bus
142 1049 173 1101 et
187 1046 381 1117 sapientibus
392 1046 455 1101 haec
467 1047 654 1103 introductio
669 1049 835 1121 quaerenda
848 1053 894 1105 est
948 1057 1128 1124 postpauca
1144 1069 1150 1106 :
1172 1055 1286 1108 Tecum
1294 1057 1502 1124 principiam
1519 1059 1555 1111 in
1567 1060 1621 1114 die
1637 1061 1773 1115 uirtutis

64 1150 133 1205 quae
159 1138 190 1189 et
213 1134 450 1190 auctoritatibus
478 1140 654 1191 sanctorum
692 1137 831 1206 Panum,
864 1141 894 1192 et
948 1146 1025 1207 tnoe;
1043 1145 1079 1195 in
1095 1144 1320 1211 splendoribus
1335 1149 1525 1199 sanctornm
1540 1160 1581 1200 erc
1593 1151 1774 1204 nteroante
1817 1162 1823 1170 ·

65 1223 253 1278 testimoniis
268 1223 506 1294 Scripturarum,
522 1240 589 1279 eam
614 1226 682 1292 tibi,
697 1229 789 1296 prout
812 1240 890 1296 opus
949 1230 1126 1299 luciferum
1139 1233 1241 1300 genui
1255 1236 1286 1285 te
1302 1231 1393 1301 (ibid.
1395 1231 1420 1301 ).
1435 1232 1475 1287 Et
1488 1231 1599 1288 Dantel
1615 1250 1621 1287 z
1636 1236 1774 1303 Aspicie-

62 1315 119 1380 est,
135 1315 165 1366 et
178 1311 286 1378 iacere,
304 1315 334 1367 et
346 1312 463 1382 aperire
477 1312 607 1383 possint.
622 1312 760 1384 Cumque
772 1313 837 1383 jam
849 1313 894 1367 in·
947 1319 1020 1372 bam
1035 1320 1071 1371 in
1088 1319 1210 1373 visione
1223 1321 1371 1385 noetis,et
1382 1334 1450 1375 ecee
1465 1334 1539 1376 enm
1555 1322 1690 1377 nubilus
1701 1324 1774 1378 caii

62 1399 257 1454 introductus
272 1399 377 1468 tueris,
405 1400 590 1455 testimoniis
604 1399 832 1472 Scripturarum
854 1401 892 1456 le·
947 1408 1043 1473 qnasi
1055 1408 1162 1460 Filius
1178 1408 1321 1461 honrinis
1334 1409 1491 1477 reiciebat,
1500 1414 1532 1463 et
1542 1424 1644 1478 usque
1654 1412 1698 1466 ad
1710 1413 1771 1465 An

61 1488 161 1557 gendo
176 1488 298 1558 singula
312 1504 382 1560 quae
396 1488 554 1544 docuerint
569 1489 757 1544 confirmare.
775 1489 890 1544 Sicuti-
947 1495 1077 1563 tiqunm
1093 1497 1392 1565 aiernmpervem't,
1402 1499 1533 1552 etdcdit
1544 1500 1772 1565 eipotestatem

61 1576 93 1630 hi
109 1575 248 1644 videtur,
266 1577 320 1647 qui
339 1592 388 1631 me
407 1577 439 1631 in
454 1578 512 1632 hoc
535 1577 652 1631 imitari
677 1576 838 1649 placuerit,
854 1576 889 1631 li·
946 1587 976 1637 et
991 1584 1195 1651 herroremet
1209 1591 1400 1652 repnnm;et
1415 1601 1525 1642 omnes
1534 1588 1657 1655 popuii,
1668 1587 1773 1642 tribus

60 1664 137 1719 bens
151 1665 285 1737 aeprio;
302 1666 351 1720 cui
373 1666 474 1720 visum
497 1666 590 1720 fuerit
604 1681 666 1719 non
690 1666 735 1720 ita
749 1669 887 1737 oportere
901 1657 926 1712 Β
941 1676 972 1725 et
988 1673 1111 1739 linguae
1126 1674 1190 1740 ipsi
1207 1674 1351 1728 servient
1368 1689 1373 1726 :
1388 1678 1532 1741 potestas
1549 1677 1620 1741 ejus
1628 1679 1773 1742 potestas

58 1752 124 1807 fieri
137 1753 230 1807 faciat
244 1753 326 1824 quod
340 1752 498 1824 placuerit,
521 1770 583 1809 non
605 1754 799 1808 contendam.
817 1753 885 1809 Scio
941 1765 1151 1829 aterna,qnae
1167 1775 1232 1815 non
1247 1761 1431 1831 auferetur.
1448 1762 1614 1831 (Danau).
1631 1760 1707 1827 Quis
1721 1777 1774 1833 pu·

60 1842 141 1895 enirn
152 1841 255 1912 plures
270 1842 351 1896 hunc
366 1857 481 1897 merem
494 1842 528 1897 in
542 1841 685 1897 discendo
709 1858 770 1897 non
785 1856 884 1896 serva·
940 1848 1237 1920 tushaec,antequam
1255 1849 1491 1921 complerentur,
1507 1849 1676 1921 intelligere
1689 1854 1772 1923 pete·

59 1945 100 1983 re.
117 1929 175 1984 Sed
200 1929 352 2000 quomodo
368 1930 494 2000 quidam
520 1930 681 2001 proficiant
697 1945 806 1985 rursus
822 1945 885 1985 non
939 1940 989 1991 rat
1003 1935 1017 1990 i
1030 1936 1157 2006 Signata
1164 1939 1294 2005 orantei
1309 1952 1398 1992 nemo
1406 1940 1527 2009 poterat
1537 1937 1654 1993 solvere
1668 1939 1771 2008 signa·

58 2017 178 2087 ignoro.
194 2016 226 2071 Si
240 2018 353 2088 quaeris
367 2018 421 2089 qui
434 2017 506 2072 libri
519 2018 618 2088 magis
643 2018 682 2073 ad
694 2018 773 2073 hanc
786 2017 886 2073 lectio·
940 2024 1083 2094 cula,nisi
1097 2024 1190 2080 leode
1205 2025 1287 2080 tribu
1299 2025 1316 2080 J
1320 2025 1361 2080 ud
1368 2025 1489 2080 a.Venit
1503 2039 1575 2095 ergo
1590 2024 1689 2081 Filius
1702 2024 1770 2095 Del,

61 2121 130 2161 nem
145 2104 278 2172 valeant,
294 2120 349 2176 ego
362 2110 436 2177 puto
455 2106 639 2178 principium
655 2105 782 2161 Genesis
810 2105 847 2160 de
858 2122 886 2162 ο·
941 2117 971 2169 et
983 2113 1085 2169 induit
1099 2117 1242 2169 naturam
1257 2116 1394 2168 nostram
1407 2129 1414 2166 τ
1428 2115 1521 2168 natus
1531 2116 1578 2169 est
1587 2113 1624 2168 de
1634 2113 1770 2184 Virgine,

58 2196 185 2268 peribus
200 2211 254 2251 sex
266 2195 395 2261 dierum,
413 2200 475 2251 tres
486 2195 611 2251 ultimos
624 2195 720 2251 libros
732 2196 833 2267 Moysi
848 2196 885 2251 de
941 2203 1114 2270 crucifixus,
1126 2202 1274 2273 sepultus,
1284 2202 1461 2270 resurrexit,
1471 2201 1607 2257 ascendit
1618 2201 1657 2257 ad
1667 2198 1783 2271 coelos,

58 2284 209 2354 legalibus
226 2285 436 2353 sacramentis,
452 2283 576 2352 lsaiarn,
593 2285 778 2356 principium
807 2289 837 2339 et
855 2285 886 2338 ti-
940 2293 970 2344 et
984 2288 1139 2360 implendo
1155 2303 1224 2359 quat
1236 2289 1387 2359 promissa
1400 2290 1497 2355 erant,
1510 2289 1630 2359 aperuit
1641 2302 1710 2359 quae
1723 2287 1767 2342 la·

57 2389 128 2428 nern
150 2373 326 2441 Ezechielis,
342 2373 411 2440 Joh,
439 2373 634 2440 Psalterium,
649 2372 777 2428 Cantica
790 2373 884 2428 canti·
940 2379 1056 2433 iebant.
1073 2378 1153 2447 Lego
1168 2377 1201 2432 in
1214 2377 1390 2446 Evangelio,
1401 2376 1484 2447 quod
1499 2375 1627 2446 angelus
1644 2374 1769 2433 Gabriel

57 2478 173 2530 corum,
189 2462 249 2517 duo
262 2462 412 2533 praecipue
425 2460 601 2530 Evangelia,
618 2460 732 2515 scilieet
745 2460 885 2516 Matthaei
941 2466 980 2522 ad
986 2466 1115 2521 Mariam
1126 2465 1282 2534 Virginem
1293 2464 1438 2532 mittitur,
1448 2464 1618 2535 parituram
1630 2479 1771 2535 pranun·

57 2554 88 2606 et
99 2551 228 2606 Ioannis
241 2568 248 2619 3
262 2550 416 2623 Epistolas
429 2551 526 2620 Pauli,
543 2551 706 2607 canonicas
720 2550 883 2622 Epistulas,
941 2556 998 2610 tiat
1011 2556 1096 2627 (Lae.
1109 2553 1142 2623 1).
1155 2553 1308 2610 Recordor
1317 2553 1485 2624 prophetiae
1497 2569 1567 2625 quae
1582 2553 1656 2609 dicit
1672 2570 1678 2608 :
1693 2555 1770 2610 Ecce

58 2644 88 2694 et
104 2640 489 2712 Apocalypsim,praecipue
501 2646 602 2694 tamen
618 2638 773 2710 Epistulas
785 2637 883 2705 Pauli,
938 2644 1026 2713 vitgo
1042 2642 1200 2713 concipiet.
1216 2641 1298 2711 Lege
1314 2640 1481 2713 quodcum
1508 2645 1588 2697 esset
1608 2640 1722 2712 Jossph
1737 2641 1771 2696 ln

58 2744 128 2798 quac
143 2729 234 2783 etiam
245 2729 312 2799 ipso
324 2743 451 2783 numero
464 2727 627 2797 designant
639 2726 801 2798 utrIusque
812 2727 884 2782 Tes-
940 2731 1129 2800 Bethlehem,
1143 2746 1213 2785 cum
1227 2729 1325 2785 Maria
1340 2744 1434 2784 uxore
1450 2743 1506 2783 sua
1521 2732 1708 2801 praegnante,
1719 2743 1770 2783 vs·

57 2818 188 2872 tumenti
202 2817 419 2889 perfectionem
432 2832 464 2870 se
475 2816 639 2871 continere.
940 2820 987 2875 nit
1011 2824 1132 2891 tempus
1147 2820 1214 2891 ejus
1229 2816 1379 2890 pariendi,
1394 2819 1424 2872 et
1436 2816 1554 2888 peperit
1567 2816 1665 2871 filium
1678 2830 1769 2871 suum

154 2905 227 2961 Car.
245 2906 280 2960 V.
296 2907 336 2961 De
351 2907 529 2975 tropologia
544 2910 575 2960 et
591 2905 788 2959 moralitate.
939 2908 1188 2980 primogenitum,
1202 2921 1293 2978 quem
1319 2904 1446 2976 angelus
1465 2904 1649 2977 praedixerat
1662 2898 1768 2974 regna·

95 2994 140 3049 De
156 2994 323 3066 tropologia
344 2993 421 3048 nihil
445 2993 529 3048 aliud
549 2993 582 3047 in
607 2992 751 3064 prasenti
773 2991 923 3061 sicana
943 3000 1046 3051 turum
1060 2997 1092 3050 in
1111 2995 1223 3050 throno
1238 2993 1338 3048 David
1353 2992 1512 3063 patrissui
1529 2991 1642 3063 (itia).
1660 2991 1769 3048 Recor-

58 3097 164 3154 quam,
178 3081 261 3154 quod
278 3097 371 3153 supra
396 3080 512 3136 dictum
535 3084 591 3149 est,
605 3083 730 3152 excepto
754 3080 837 3150 quod
851 3079 890 3135 ad
943 3085 999 3140 dor
1013 3082 1180 3156 prophetiae
1195 3081 1372 3137 Bethlehem
1395 3080 1532 3152 liiphrata
1548 3097 1554 3135 z
1571 3079 1723 3136 Paruulus
1737 3094 1770 3137 es

61 3186 130 3225 eam
142 3171 240 3241 magis
255 3186 356 3225 rerum
369 3185 462 3241 quam
477 3184 586 3224 vocum
602 3168 785 3238 significatio
796 3169 888 3240 perti·
943 3174 976 3228 in
992 3171 1129 3227 mitiihus
1143 3170 1224 3225 Juda
1239 3186 1246 3222 ε
1263 3173 1341 3224 exte
1362 3168 1439 3223 mihi
1461 3168 1631 3238 egredietur
1652 3169 1706 3240 qui
1730 3164 1772 3224 sl't

62 3274 135 3314 nere
149 3259 279 3314 videtur.
293 3259 329 3314 ln
343 3259 397 3314 illa
418 3258 500 3313 enim
524 3257 675 3312 naturalis
694 3257 888 3328 justitient,
943 3259 1161 3317 dominatoris
1177 3255 1375 3327 Israel.Lego
1390 3271 1514 3311 rursum
1529 3272 1535 3310 :
1553 3251 1770 3326 inprincipto

62 3363 101 3402 ex
116 3364 177 3418 qua
189 3347 351 3419 disciplina
363 3362 483 3401 morum
496 3350 682 3414 nostrorum,
695 3345 727 3400 id
747 3349 793 3401 est
808 3345 889 3417 posi·
944 3355 1017 3406 erat
1037 3350 1182 3415 Verbum,
1199 3352 1230 3401 et
1251 3347 1384 3400 Verbum
1410 3349 1483 3399 erat
1505 3346 1594 3413 opud
1614 3344 1724 3411 Deum,
1740 3349 1773 3401 et

62 3437 128 3490 tiva
138 3436 261 3506 justitia
276 3437 422 3490 nascitur.
437 3433 679 3506 contemplando
695 3432 770 3510 quid
784 3433 890 3489 lecerit
946 3440 1112 3494 hauserat
1126 3436 1260 3491 Verbum
1274 3432 1380 3504 (ioan.
1393 3433 1427 3502 1).
1438 3433 1590 3489 Recordor
1603 3430 1784 3506 prophetiae

61 3524 161 3592 Deus,
190 3524 376 3596 quidnobis
399 3522 573 3578 faciendum
598 3521 653 3592 sit,
682 3521 887 3591 agnoscimus.
944 3545 1013 3600 quae
1025 3527 1099 3582 dicit
1115 3543 1121 3580 :
1140 3525 1290 3594 Egressus
1303 3523 1369 3593 ejus
1384 3521 1424 3576 ab
1434 3522 1524 3577 initio
1539 3521 1676 3576 adiebus
1685 3524 1771 3576 mter·

60 3612 169 3667 OmnIs
183 3616 295 3667 natura
311 3614 406 3668 Deum
421 3612 568 3683 loquitur.
585 3610 692 3665 Omnis
708 3613 819 3665 natura
834 3609 887 3664 ho·
944 3616 1060 3671 nitatis.
1077 3614 1158 3682 Lego
1175 3629 1181 3665 ε
1202 3612 1337 3666 Verbum
1352 3623 1428 3663 caro
1441 3609 1569 3676 factum
1594 3613 1652 3674 ert,
1668 3613 1700 3663 et
1714 3609 1771 3662 lta·

61 3701 176 3755 minem
199 3700 294 3756 docet.
311 3699 418 3755 Omnis
440 3702 552 3753 natura
574 3697 723 3752 rationem
747 3697 839 3769 parit,
860 3699 890 3751 et
943 3704 1061 3757 titania
1084 3703 1121 3753 in
1145 3699 1235 3753 nobis
1262 3694 1584 3766 (Joan.1).Recordor
1603 3692 1771 3766 prophetia

60 3787 140 3842 nihil
154 3789 186 3842 in
202 3789 402 3844 universitate
415 3786 614 3842 infecundum
632 3788 688 3840 eet·
944 3806 1012 3862 quae
1028 3788 1100 3842 dicii
1117 3803 1123 3839 ι
1143 3785 1310 3840 Vocabitur
1324 3797 1436 3839 nomen
1452 3782 1518 3851 ejus
1532 3780 1724 3850 Emmanuel,
1739 3780 1771 3836 id
1821 3784 1824 3788 ’

220 3877 293 3932 Cir.
309 3876 360 3932 vi.
375 3878 418 3930 De
433 3876 548 3931 ordine
564 3875 733 3928 librorum.
944 3882 990 3933 est
998 3878 1163 3931 nobiscnm
1170 3876 1264 3927 Dens.
1276 3871 1314 3927 iit
1324 3885 1362 3926 ne
1371 3871 1450 3926 forte
1457 3869 1579 3941 singula
1587 3880 1769 3941 prosequen-

101 3963 170 4019 Neo
183 3964 262 4020 idem
277 3965 351 4020 ordo
364 3965 513 4019 librorum
528 3963 562 4017 in
576 3961 722 4017 historica
736 3964 765 4016 et
779 3959 889 4030 allego·
944 3965 982 4021 do
997 3962 1155 4019 fastidium
1178 3960 1234 4015 tibi
1255 3958 1377 4028 faciam,
1390 3957 1452 4013 nisi
1475 3957 1562 4028 prius
1577 3955 1771 4011 nativitatem

63 4054 128 4108 rica
141 4053 269 4109 lectione
279 4053 448 4108 servandus
458 4055 512 4106 est.
521 4051 660 4107 Historia
670 4050 808 4105 ordinem
819 4053 890 4104 tem·
944 4043 1771 4122 Ghritti,praedicationempassionem,resurrect10nem

63 4142 148 4213 poris
161 4143 310 4213 sequitur,
322 4141 360 4195 ad
374 4140 548 4211 allegoriam
560 4141 659 4210 magis
671 4138 803 4210 pertiuet
817 4135 890 4192 ordo
944 4146 1037 4214 atque
1051 4138 1259 4194 ascensionem
1266 4153 1275 4206 ;
1291 4139 1321 4191 et
1333 4139 1451 4204 caetera,
1466 4149 1535 4206 quae
1560 4134 1594 4187 in
1614 4145 1703 4187 carne
1717 4144 1773 4203 per

63 4231 257 4301 008111ῐὶθῶὃὲ
271 4230 354 4301 <luisti
365 4230 444 4284 ⁸101st
459 4225 891 4301 ⁸¹1l>f³di⁰l11ffl³⁸t‚d00lrint
944 4244 1066 4286 carnem
1078 4227 1183 4298 gessit,
1195 4224 1366 4295 agnoveris,
1377 4226 1515 4278 veterum
1528 4221 1697 4290 figurarum
1709 4224 1773 4301 my·

62 4334 181 4390 semper
193 4335 254 4375 non
268 4319 307 4373 ab
317 4318 466 4386 obscuris,
478 4317 530 4372 sed
543 4317 704 4388 apertis,et
718 4315 757 4370 ab
770 4314 810 4369 iis
822 4329 890 4385 quae
904 4324 932 4379 D
947 4317 1040 4373 steria
1053 4317 1212 4387 penetrare
1225 4327 1286 4367 non
1300 4309 1427 4366 valebis.
1539 4308 1541 4312 ’

62 4409 162 4479 magis
177 4412 250 4464 nota
266 4412 338 4463 sunt
360 4407 518 4463 exordium
543 4421 662 4462 sumere
686 4404 784 4460 debet.
807 4401 894 4459 Unde
1073 4404 1146 4459 Cio.
1162 4401 1228 4456 VII.
1246 4401 1286 4455 lle
1299 4400 1414 4454 ordine
1428 4397 1645 4452 narrationis.

64 4512 254 4568 consequens
270 4500 327 4564 est,
344 4499 378 4550 ut
392 4496 515 4551 Novum
530 4495 773 4562 Testamentum,
784 4493 817 4547 in
830 4506 891 4562 quo
981 4495 1026 4550 De
1050 4493 1156 4548 ordine
1170 4489 1356 4545 narrationis
1377 4487 1454 4543 illud
1477 4485 1610 4540 maxime
1624 4483 1683 4539 hoc
1706 4481 1772 4537 loco

64 4584 229 4639 manifesta
244 4584 427 4656 praedicatur
442 4583 566 4651 veritas,
581 4582 614 4636 in
627 4582 684 4637 hae
693 4581 822 4637 lectione
836 4579 891 4633 Ve·
946 4579 1201 4639 considerandum
1223 4580 1279 4646 est,
1292 4574 1375 4648 quod
1396 4574 1507 4630 mnne
1523 4572 1643 4645 pagina
1657 4572 1772 4638 textus,

65 4673 122 4727 teri
135 4678 342 4745 praeponatur,
355 4672 409 4728 ubi
424 4671 530 4727 eadem
546 4669 660 4725 veritas
673 4669 780 4738 liguris
791 4667 893 4722 adum·
946 4686 1001 4725 nec
1015 4667 1186 4724 naturalem
1201 4678 1330 4735 semper,
1346 4678 1401 4718 nec
1423 4662 1603 4717 continuum
1627 4655 1773 4730 loquendi

64 4761 156 4816 brata
182 4761 298 4816 occulte
323 4761 561 4832 praenuntiatur.
592 4756 705 4811 Eadem
731 4755 894 4825 utrobique
947 4758 1083 4814 ordinem
1097 4756 1209 4820 servat,
1223 4751 1296 4823 quia
1309 4754 1339 4805 et
1353 4763 1433 4819 soepc
1443 4747 1611 4819 posteriora
1619 4745 1798 4817 prioribus

66 4850 191 4919 veritas,
203 4850 310 4906 sedibi
324 4849 453 4915 occulta,
463 4848 512 4903 hie
524 4846 686 4902 manifesta
690 4859 698 4912 3
712 4843 755 4898 ibi
765 4843 892 4914 promis·
948 4843 1116 4915 anteponit3
1132 4841 1213 4896 sieut
1225 4853 1295 4893 cum
1310 4837 1415 4907 aliqua
1429 4834 1662 4904 enumeraverit,
1670 4830 1773 4889 subIto

67 4954 111 5007 sa,
125 4939 175 4994 hic
190 4939 339 4994 exhibila.
352 4938 475 4993 Audisti
487 4951 556 4992 cum
570 4932 763 5006 legereturin
778 4932 893 5001 Apoca·
948 4930 986 4985 ad
995 4929 1152 5000 superiora
1159 4925 1247 4997 quasi
1256 4921 1773 4994 subsequentianarrationissermo

66 5026 158 5099 lypsi,
176 5028 250 5098 quia
264 5028 406 5098 signatus
423 5029 469 5081 est
487 5024 578 5091 liber3
596 5026 625 5077 et
647 5035 739 5076 nemo
763 5017 894 5074 inveniri
948 5019 1093 5074 recurrat.
1109 5015 1194 5085 Saepe
1209 5013 1301 5067 etiam
1315 5026 1352 5066 ea
1363 5025 1432 5083 quae
1443 5010 1535 5080 longo
1549 5010 1667 5064 distant
1679 5009 1772 5064 inter·

66 5122 204 5186 poterat,
221 5117 276 5188 qui
290 5116 420 5172 solveret
434 5115 609 5184 signacula
624 5114 706 5178 ejus,
722 5109 781 5164 nisi
798 5109 895 5163 leode
948 5106 1040 5174 vallo,
1055 5103 1145 5176 quasi
1166 5116 1238 5157 mox
1260 5100 1320 5156 sibi
1344 5099 1536 5155 succedentia
1556 5098 1725 5183 connectat,
1738 5094 1774 5147 ut

68 5206 156 5260 tribu
171 5207 261 5260 Jnda
274 5206 382 5275 (Apoe.
405 5205 447 5273 v).
465 5201 592 5272 Signata
615 5202 681 5254 erat
694 5197 754 5265 lex,
768 5195 895 5266 signatas
950 5192 1112 5249 videantur
1126 5188 1245 5244 nullum
1260 5186 1447 5260 disjunxisse
1464 5185 1610 5257 temporis
1627 5180 1773 5254 spatium,

67 5296 155 5350 erant
169 5293 350 5365 prophetiae,
362 5292 436 5364 quia
447 5289 561 5345 occulte
572 5292 710 5359 tempora
720 5281 897 5354 redemptio
949 5281 1003 5337 illa
1017 5294 1084 5352 quae
1096 5277 1242 5333 discernit
1254 5276 1373 5333 nullum
1387 5273 1585 5332 intervallum
1600 5262 1757 5325 sermonis.

68 5382 117 5436 nis
142 5385 282 5437 venturae
306 5378 604 5453 praenuntiabantur.
632 5376 742 5431 Nonne
767 5371 824 5427 tibi
845 5369 897 5425 ille
1066 5367 1139 5422 Gne.
1156 5364 1236 5419 VIII.
1251 5366 1294 5420 De
1307 5358 1658 5430 ordineeoepositionis.

67 5470 146 5525 liber
154 5470 297 5540 signatus
306 5470 400 5525 luisse
413 5467 543 5533 videtur,
550 5465 604 5536 qui
614 5463 693 5518 dixit
702 5479 708 5516 ε
717 5463 795 5516 Eece
807 5459 897 5528 virgo
985 5455 1144 5527 Expositio
1159 5453 1219 5508 tria
1234 5453 1370 5508 continet
1385 5469 1391 5506 :
1405 5451 1550 5514 litteram,
1562 5455 1696 5510 sensum,
1702 5454 1774 5542 sen·

69 5560 240 5627 concipiet,
254 5564 285 5613 et
294 5563 402 5627 pariet
417 5557 537 5627 filium,
554 5558 585 5607 et
600 5552 768 5606 vocabitur
779 5561 897 5602 nomen
949 5543 1090 5600 tentiam.
1102 5541 1229 5597 inomni
1242 5541 1417 5595 narratione
1427 5535 1530 5591 littera
1543 5536 1598 5586 est.
1609 5529 1688 5585 Nam
1700 5539 1775 5600 ipsse

69 5650 141 5716 ejus
155 5649 354 5702 Emmanuel
370 5647 446 5711 (isa.
461 5642 527 5710 virt.
543 5641 582 5694 Et
594 5639 673 5695 alius
690 5655 695 5692 :
718 5639 773 5704 Tu,
785 5635 896 5706 iuquit,
950 5647 1039 5689 voces
1053 5631 1146 5685 etiam
1159 5628 1269 5683 litterae
1284 5630 1366 5694 sunt,
1380 5623 1433 5680 sed
1447 5633 1557 5677 sensus
1580 5621 1610 5674 et
1624 5616 1776 5703 sententia

71 5737 237 5792 Betheiem
251 5733 580 5805 sparmaparvntm
589 5744 623 5786 es
634 5731 671 5782 in
682 5725 828 5783 millibus
841 5725 898 5778 Ju·
951 5735 1016 5776 non
1025 5719 1059 5775 in
1073 5717 1159 5774 omni
1170 5715 1345 5771 narratione
1359 5709 1451 5767 simul
1464 5708 1675 5765 inveniuntur.
1687 5704 1774 5770 Qun⁴
