3742 6082
103 175 156 234 451
414 171 592 233 HUGONIS
610 176 665 234 DE
683 175 713 232 S.
735 175 907 235 VICTORE
925 174 1009 232 OPP.
1029 176 1130 235 PARS
1147 177 1187 234 11.
1208 206 1244 219 -
1261 173 1506 235 DOGMATICA.
1756 177 1813 237 452

104 283 333 366 iuit‚nisiiorts
348 297 419 369 quis
434 301 488 354 eut
500 300 585 371 prius
595 304 650 357 ant
663 305 770 373 postea
781 292 1055 371 ignoransACnr.
1085 294 1151 350 VII.
1195 297 1308 349 Utrum
1343 298 1417 362 post
1457 295 1575 348 datam
1610 298 1811 362 praeceptam

104 384 380 457 fuissedicatur,ad
390 402 481 460 quem
489 387 600 445 divinae
608 389 813 445 institutionis
821 386 933 443 notitia
1021 384 1176 453 baptismi
1191 385 1316 453 aliquis
1331 383 1459 437 saivari
1468 382 1573 450 possit
1589 381 1658 435 nisi
1672 383 1814 436 actuali·

104 475 305 548 pervenisset,
325 475 384 530 nisi
407 477 473 547 eJ'us
494 476 583 548 culpa
607 478 786 533 obstitisset.
804 475 931 542 Quando
1022 477 1072 526 ter
1082 477 1232 542 percepto
1245 476 1451 527 sacramento
1468 472 1632 539 baptismi.

105 563 202 633 igitur
222 562 365 619 Christus
388 562 553 619 Nicodemo
575 568 663 620 nocte
685 565 723 620 ad
743 581 773 621 se
797 563 932 622 venienti
1021 560 1125 616 Solent
1137 560 1262 633 quidam
1276 560 1340 614 sive
1351 559 1480 628 curiose,
1493 559 1555 614 sive
1569 558 1705 614 studiose
1715 559 1814 632 inqui·

106 650 204 706 dixit:
221 653 296 706 Nisi
311 652 384 720 qais
395 657 533 705 renatas
542 652 649 721 fuerit
665 670 705 708 ea
719 669 808 724 aqua
823 658 854 708 et
868 654 931 722 Spi·
988 663 1061 717 rere,
1078 652 1182 703 utrum
1197 647 1309 720 aliquis
1325 650 1395 719 post
1408 647 1558 702 indictum
1570 649 1600 701 et
1610 646 1733 718 publice
1747 662 1814 719 pro-

108 741 179 794 1111
207 743 330 804 sarecto,
360 753 424 792 noa
444 745 550 808 potest
574 744 684 798 videre
707 758 846 812 repetam
875 741 933 794 Dei
986 736 1120 807 positum
1134 736 1330 807 baptismatis
1344 737 1568 791 sacramentum
1582 733 1812 806 salvaripossit‚

92 819 264 896 'troiana
273 841 281 893 3
291 826 388 880 amico
396 826 565 883 revelatum
573 827 932 894 esiconsiiium.Quando
986 825 1047 879 nisi
1061 825 1221 881 actualiter
1235 827 1337 897 ipsum
1353 827 1579 880 sacramentum
1590 823 1739 894 baptismi
1751 838 1813 895 per·

107 927 178 969 vero
202 916 308 985 postea
331 913 432 969 dixit:
460 918 519 983 Ite,
543 920 650 974 docete
674 934 783 974 oataes
811 923 931 987 pentes,
986 911 1088 983 cipiet.
1105 912 1254 968 Videntur
1271 913 1352 967 enim
1367 912 1502 966 rationes
1516 910 1680 965 manifeste
1695 926 1772 980 esse,
1784 915 1813 967 et

108 1001 313 1069 baptizantes
328 1016 380 1056 cos
395 1004 432 1057 ia
450 1007 582 1061 naariae
603 1008 727 1072 Patris,
743 1010 775 1061 et
797 1006 880 1059 Filii
903 1009 934 1059 et
987 1001 1102 1056 habent
1123 998 1619 1069 1111011111111111111,11111111
1640 997 1754 1054 habere
1768 999 1812 1054 di·

112 1089 256 1157 Spiritas
280 1093 390 1146 sancti
419 1092 703 1162 (Mattb.xxr111);
731 1092 934 1149 informandis
988 1089 1075 1144 cendi
1098 1093 1181 1158 sunt,
1203 1089 1256 1161 qui
1280 1104 1342 1143 non
1363 1086 1549 1157 intelligunt.
1576 1086 1714 1141 Primum
1740 1086 1814 1158 quia

107 1176 252 1231 omnibus
268 1179 446 1249 expositum
462 1184 507 1235 est
520 1186 715 1253 praceptum.
732 1181 793 1237 Ubi
810 1180 934 1253 quidem
988 1177 1165 1233 dictumest
1185 1194 1190 1231 :
1215 1179 1290 1231 Nisi
1305 1178 1380 1246 qais
1395 1180 1532 1230 renatas
1546 1174 1708 1243 faeritas
1724 1189 1812 1244 apua

107 1263 932 1341 generalisinstitutioiactaestqnaeexeounumquem·
989 1270 1020 1319 et
1030 1267 1156 1333 Spiritu
1166 1270 1357 1330 euticianos
1364 1268 1470 1331 potest
1481 1265 1610 1316 intrare
1619 1264 1655 1316 ia
1670 1277 1810 1332 repnam

108 1355 168 1425 qu‘e
181 1352 348 1409 debitorem
369 1354 489 1424 habuit,
501 1357 585 1427 quod
601 1358 754 1429 adipsum
770 1357 935 1429 praedicari·
989 1355 1046 1407 Dei
1061 1354 1164 1423 (Joan.
1181 1352 1240 1422 111).
1257 1352 1296 1406 iit
1310 1352 1422 1406 iterum
1438 1350 1511 1415 abbi
1528 1367 1533 1404 :
1558 1352 1619 1411 oni
1634 1353 1814 1406 crediderit

108 1440 192 1496 tibus
208 1440 354 1513 apostolis
370 1444 488 1499 nuntiis
502 1445 588 1500 verbi
606 1449 791 1519 praeceptum
809 1446 932 1500 institu-
989 1445 1020 1496 et
1032 1442 1217 1510 baptizatas
1232 1431 1339 1509 faerit
1353 1442 1466 1494 solvus
1481 1441 1545 1493 erit
1562 1439 1673 1506 (Marc.
1689 1438 1812 1507 xvi).Et

107 1528 204 1584 tionis
220 1531 373 1600 pervenit.
390 1530 448 1596 Qui
468 1536 570 1587 autem
586 1534 709 1589 interim
730 1533 820 1604 longe
833 1533 936 1606 positi,
991 1533 1064 1584 sunt
1073 1529 1134 1584 alia
1147 1529 1245 1584 multa
1257 1528 1341 1597 talia,
1352 1527 1466 1599 quibus
1477 1527 1567 1598 quasi
1580 1527 1678 1582 astrui
1692 1527 1815 1583 videtur

108 1619 164 1671 aut
175 1631 269 1688 prope
283 1617 316 1672 in
335 1619 452 1674 occuito
467 1621 637 1690 constituti,
653 1621 789 1677 nondum
815 1621 975 1691 cognitass
990 1617 1074 1673 nullo
1086 1617 1176 1673 modo
1191 1616 1304 1671 salvari
1317 1629 1406 1688 posse
1420 1631 1490 1670 enm
1505 1615 1558 1686 qui
1573 1615 1631 1670 hoc
1646 1630 1814 1672 sacramen-

107 1703 505 1763 institutionedivinaiorte
513 1709 552 1763 ab
563 1709 692 1765 hacvita
700 1709 842 1765 subducti
851 1711 934 1779 sunt,
989 1709 1055 1761 tum
1071 1720 1133 1760 non
1154 1704 1320 1772 habuerit,
1350 1702 1501 1776 quidquid
1518 1705 1629 1774 praeter
1643 1701 1700 1759 hoc
1715 1718 1813 1759 sacra·

108 1790 166 1847 hoc
181 1791 217 1847 de
231 1791 309 1864 ipsis
319 1793 396 1848 mihi
410 1795 601 1851 sentiendum
613 1796 744 1866 videtur;
758 1796 840 1869 quod
855 1799 885 1851 et
898 1796 934 1851 de
989 1794 1127 1847 mantum
1143 1791 1294 1847 habuerit.
1311 1790 1342 1846 Si
1362 1791 1450 1846 fidem
1466 1790 1631 1862 perfectam
1645 1789 1791 1846 habuerit
1806 1809 1812 1846 :

110 1878 173 1935 iliis
187 1879 241 1951 qui
257 1884 328 1936 ante
341 1882 441 1954 ipsam
455 1884 760 1955 institutionem,sive
774 1886 807 1940 in
820 1900 936 1957 praepn·
990 1881 1016 1936 si
1031 1896 1125 1952 spem,
1137 1881 1164 1935 si
1178 1880 1358 1935 charitatem
1373 1879 1525 1948 habuerit,
1543 1878 1664 1934 etiamsi
1678 1893 1730 1934 cor·
1746 1894 1817 1935 con·

110 1967 165 2037 tio,
182 1968 293 2024 sivein
308 1968 373 2041 lege
388 1969 524 2042 inerunt,
540 1973 613 2044 quia
625 1973 708 2046 qued
721 1972 783 2029 illis
798 1973 935 2029 iecerunt
989 1969 1097 2026 tritum
1116 1973 1145 2024 et
1166 1968 1362 2024 humiliatum
1386 1967 1529 2023 habuerit
1551 1967 1633 2039 quod
1653 1966 1738 2022 Deus
1752 1983 1815 2022 nou

111 2059 259 2129 tempora,
276 2057 333 2114 hoc
347 2059 416 2115 istis
441 2064 566 2134 operata
587 2066 632 2119 est
647 2063 795 2118 absentia.
813 2062 844 2118 Si
866 2062 935 2134 quis
989 2057 1234 2132 despicit3veram
1247 2054 1814 2129 poenitentiamdepraeteritia,firmum

110 2147 212 2200 autem
223 2146 366 2217 pertinax
379 2163 443 2204 esse
457 2150 532 2205 velit
542 2153 571 2206 et
583 2149 683 2206 adhuc
693 2150 871 2221 hujusmodi
885 2148 936 2204 ali-
989 2146 1180 2219 propositum
1196 2144 1232 2199 de
1247 2144 1370 2212 futuris,
1387 2141 1538 2215 quidquid
1551 2142 1695 2197 habuerit
1711 2142 1815 2198 salvus

110 2246 188 2303 quos
201 2232 235 2288 iu
255 2234 370 2305 ignotis
385 2237 576 2306 regionibus,
592 2241 623 2292 et
640 2238 766 2293 remotis
784 2241 935 2294 terrarum
990 2248 1054 2288 esse
1067 2248 1129 2287 non
1139 2233 1252 2304 poterit
1263 2232 1288 2286 si
1300 2232 1358 2286 hoe
1368 2246 1429 2285 non
1442 2230 1637 2285 habueritlit
1647 2229 1705 2285 hoc
1715 2233 1815 2286 toturn

109 2318 235 2375 sedibus
256 2320 363 2392 degere
386 2324 560 2393 contendat,
578 2325 631 2396 qni
653 2325 731 2381 forte
754 2325 935 2381 mandatum
989 2322 1034 2377 ita
1048 2321 1124 2394 ipsis
1138 2320 1271 2388 videtur,
1284 2322 1408 2392 propter
1420 2318 1477 2374 hoo
1493 2318 1575 2390 quod
1586 2318 1735 2390 scriptum
1751 2321 1813 2373 est:

110 2406 250 2462 divinum
265 2408 301 2462 de
313 2410 506 2482 percipiendo
530 2412 726 2484 baptismatis
741 2416 934 2469 sacramento
988 2408 1056 2463 Nisi
1071 2408 1142 2480 quis
1152 2413 1278 2463 renatus
1292 2407 1384 2463 fuerit
1396 2422 1433 2462 ex
1443 2422 1524 2479 aque
1539 2410 1569 2462 et
1582 2406 1698 2479 Spiritu
1710 2410 1816 2461 sancto

110 2509 172 2549 non
185 2496 365 2567 acceperint,
381 2512 436 2568 ego
450 2498 499 2553 vel
516 2500 667 2555 neminem
684 2500 775 2556 talem
796 2516 871 2570 esse,
886 2500 935 2556 vel
990 2510 1051 2551 non
1065 2495 1194 2550 intrabit
1205 2495 1238 2550 in
1248 2510 1375 2566 regnum
1386 2495 1451 2550 Dei.
1462 2495 1501 2550 Et
1511 2497 1614 2550 tamen
1625 2495 1650 2548 si
1660 2495 1730 2566 quis
1740 2509 1819 2565 quae

113 2581 140 2637 si
151 2581 230 2638 forte
247 2582 361 2654 aliquis
375 2589 431 2654 est,
447 2586 473 2640 si
488 2587 554 2657 ejus
569 2587 659 2660 culpa
676 2604 738 2645 non
753 2589 934 2658 obstitisset,
989 2585 1037 2638 rat
1052 2583 1127 2655 quid
1142 2583 1258 2639 iactum
1272 2584 1312 2639 sit
1327 2583 1363 2639 de
1390 2582 1451 2638 illis
1474 2583 1527 2655 qui
1547 2598 1601 2656 pro
1616 2581 1732 2637 Christi
1748 2597 1816 2637 san·

110 2668 217 2725 audire
229 2673 258 2725 et
275 2671 351 2727 scire
364 2674 501 2744 potuisse
522 2690 558 2730 ac
577 2674 719 2732 debuisse
734 2676 799 2732 sine
812 2681 933 2734 cuncta·
989 2671 1082 2742 guina
1097 2671 1192 2727 effuso
1208 2672 1272 2727 sive
1297 2673 1487 2727 sacramento
1510 2685 1597 2742 aquae
1621 2669 1659 2725 ab
1679 2669 1738 2726 hac
1752 2671 1817 2725 vita

112 2757 195 2812 tione
209 2758 336 2829 affirmo,
352 2761 487 2817 maxime
510 2776 579 2818 cum
603 2762 760 2837 Scriptura
780 2764 936 2820 evidenter
989 2759 1189 2828 transierunt,
1205 2758 1303 2815 dicere
1327 2775 1389 2815 non
1407 2758 1520 2814 audent
1541 2757 1691 2830 ejusmodi
1714 2757 1816 2814 salvos

110 2844 229 2902 clamet:
243 2848 284 2902 ia
295 2863 422 2905 omnem
434 2854 558 2905 terram
572 2853 676 2907 eaioit
688 2867 787 2907 soniis
800 2867 935 2920 eoram3
990 2862 1052 2902 non
1067 2861 1141 2902 esse.
1159 2847 1198 2902 Et
1218 2862 1287 2903 cnm
1300 2847 1458 2903 ostendere
1472 2861 1535 2901 non
1546 2847 1645 2918 possit
1658 2846 1716 2902 hoc
1730 2847 1763 2901 in
1781 2862 1816 2902 eo

110 2935 187 2989 etia
196 2934 279 3006 fiaes
288 2936 373 2991 orbis
384 2941 481 2993 terra
492 2940 587 2994 verba
598 2954 710 2994 eoram
724 2940 932 3011 (Psatxvnr).
953 2968 977 3027 0
990 2935 1074 3007 quod
1086 2951 1180 3008 supra
1192 2939 1394 2991 memoratum
1410 2938 1456 2991 est
1469 2935 1616 3006 scriptum
1632 2950 1707 3004 esse,
1717 2935 1815 2991 dicem

110 3021 143 3078 Si
155 3022 251 3092 igitur
273 3024 306 3080 in
328 3039 449 3081 omnem
475 3030 585 3082 terram
613 3043 706 3084 sonus
729 3044 844 3098 eorum,
859 3031 935 3085 etin
990 3027 1093 3080 temen
1107 3040 1169 3079 non
1184 3023 1813 3097 111111111111111111111111011111110

111 3111 196 3165 omni
206 3113 287 3166 terra
301 3111 423 3183 quidem
435 3113 482 3169 vel
496 3114 594 3170 auditi
607 3119 690 3186 sunt,
706 3119 736 3172 et
749 3120 933 3189 contempto·
988 3113 1163 3183 negandum
1174 3128 1248 3168 esse·
1259 3112 1317 3177 Qui
1328 3112 1410 3167 anim
1421 3112 1499 3167 dixit
1510 3129 1515 3166 :
1528 3111 1596 3167 Nisi
1608 3113 1678 3183 quis
1688 3116 1815 3167 renatus

111 3212 160 3253 res
175 3198 405 3269 condemnatur,
417 3200 466 3256 vel
489 3202 587 3258 auditi
602 3219 665 3258 non
681 3207 753 3259 sunt
775 3220 832 3277 pre
846 3205 935 3278 culpa
989 3199 1083 3255 fuerit
1098 3215 1135 3255 ex
1150 3215 1231 3271 aqua
1245 3205 1274 3255 et
1289 3200 1404 3271 Spiritu
1418 3203 1543 3267 sancto;
1560 3214 1623 3255 non
1635 3199 1815 3269 addidit,vel

112 3300 179 3354 sua,
194 3288 224 3340 et
234 3285 411 3354 ignorantes
424 3288 615 3359 ignorantur,
632 3294 661 3347 et
678 3307 740 3347 non
755 3292 930 3348 salvantur.
989 3288 1085 3343 effuso
1100 3289 1250 3359 sangnine
1264 3289 1330 3343 vice
1344 3304 1442 3360 equae,
1459 3291 1489 3343 et
1512 3291 1616 3343 tamen
1640 3304 1747 3344 verum
1771 3292 1818 3345 esi

112 3373 151 3429 iit
165 3371 230 3428 haeo
244 3371 280 3428 ds
302 3376 438 3445 tempore
453 3375 659 3434 institutionis
682 3379 839 3451 baptismi,
855 3385 885 3436 et
898 3381 934 3437 de
989 3391 1167 3448 quanquam
1182 3376 1232 3431 hic
1246 3377 1394 3448 scriptum
1410 3379 1542 3431 nonest.
1559 3377 1639 3432 Nam
1662 3377 1688 3432 si
1710 3377 1816 3433 salvus

111 3459 214 3516 debito
226 3460 411 3532 percipiendi
424 3461 572 3535 baptismi
586 3463 669 3521 dicta
683 3469 765 3522 sunt.
990 3465 1100 3535 estqui
1112 3467 1236 3538 propter
1248 3464 1347 3520 Deum
1362 3478 1475 3535 aquarn
1490 3466 1633 3536 suscepit,
1644 3481 1739 3536 quare
1754 3481 1817 3522 non

109 3547 326 3608 cmviuuta
335 3549 435 3606 distet
443 3552 532 3607 inter
542 3553 741 3622 baptismam
750 3557 935 3626 Ioannis,et
989 3552 1200 3624 multomagis
1216 3552 1319 3608 111111
1334 3556 1390 3621 111,
1406 3552 1460 3624 qui
1483 3556 1607 3624 propter
1621 3552 1721 3608 Deum
1743 3569 1813 3609 san·

110 3637 933 3712 cbristi;etdeformabaptismiJoaanis,etChristi.
989 3641 1112 3713 guinem
1133 3641 1215 3697 indit
1236 3641 1250 3695 i
1278 3641 1352 3697 Plus
1371 3641 1452 3697 enim
1473 3645 1519 3697 est
1539 3641 1722 3712 sanguinem
1744 3643 1817 3698 dare

145 3724 229 3782 Inter
236 3725 392 3798 baptisma
400 3727 530 3785 ioannis
540 3734 570 3786 et
579 3729 734 3803 baptisma
741 3731 935 3802 Christi,haec
988 3744 1083 3802 quam
1098 3745 1212 3802 aquam
1227 3730 1370 3802 accipere.
1385 3729 1464 3785 Illud
1478 3729 1561 3785 enim
1585 3729 1668 3801 qued
1690 3731 1817 3803 quidam

111 3813 261 3871 distantia
273 3818 319 3870 est
328 3815 412 3887 quod
418 3816 452 3872 11
461 3817 616 3891 baptismo
624 3819 753 3876 ioannis
765 3836 820 3893 per
828 3821 937 3877 intinc·
989 3816 1096 3874 dicunt
1108 3835 1114 3872 z
1128 3820 1292 3892 propterea
1307 3817 1408 3873 salvos
1419 3819 1548 3890 assequi
1559 3819 1740 3889 sanguinem
1752 3819 1820 3875 iun·

111 3901 226 3957 tionem
252 3915 340 3973 aqnae
368 3903 471 3976 seium
495 3911 720 3963 sacramentum
747 3908 888 3978 dabatur,
901 3910 934 3966 in
989 3905 1077 3975 dunt,
1093 3906 1252 3978 quiscum
1267 3905 1526 3977 sanguineetiam
1541 3907 1815 3979 aquamfundunt,

111 3987 297 4060 baptismate
312 4003 384 4045 vero
408 3989 523 4047 Christi
544 4008 614 4048 cum
633 3999 823 4051 sacramento
841 3996 934 4052 etiam
989 3996 1019 4050 et
1032 3994 1064 4050 11
1077 3995 1145 4067 ipsa
1167 4009 1361 4067 equaquam
1383 3993 1519 4049 fundunt
1543 3995 1697 4067 baptisma
1717 3996 1815 4067 perci·

113 4090 162 4132 res
172 4077 753 4150 sacramentipercipiturioannesenim
763 4087 934 4155 peccatores
988 4082 1088 4155 piunt,
1104 4083 1251 4154 quamsit
1272 4081 1416 4138 frivolum
1436 4086 1531 4156 patet.
1546 4082 1577 4139 Si
1596 4082 1675 4138 enim
1690 4085 1818 4154 propter

111 4179 192 4236 aqua
202 4164 306 4234 tinxit,
319 4168 349 4220 et
362 4171 485 4239 peccata
497 4168 713 4226 confitentibus
722 4171 933 4242 poenitentiam
988 4168 1147 4227 humorem
1163 4186 1260 4243 aquae,
1278 4173 1331 4243 qui
1346 4187 1415 4228 cum
1429 4173 1515 4227 sanie
1530 4171 1646 4228 cruoris
1660 4171 1697 4226 de
1711 4171 1817 4228 vulne·

112 4253 408 4325 injunxit30hristus
420 4254 724 4329 baptizatetpeccata
738 4258 932 4318 1111111111111
946 4301 975 4357 D
988 4259 1074 4315 ribus
1082 4263 1189 4315 manat
1199 4259 1348 4332 baptizati
1358 4260 1569 4332 dicuntur,qui
1577 4259 1816 4329 interficiuntur,

107 4341 270 4414 baptizans
290 4346 456 4398 venturum
477 4347 507 4399 et
530 4344 759 4418 baptizaturum
774 4348 806 4403 in
822 4351 932 4421 spiritu
988 4361 1058 4416 ergo
1073 4346 1127 4419 qui
1146 4347 1335 4402 suffocantur
1347 4348 1395 4402 val
1409 4348 1659 4418 submerguntur,
1674 4345 1724 4401 vel
1756 4347 1816 4403 alio

108 4429 296 4501 praedicavit,
313 4430 362 4485 hic
375 4430 547 4504 baptizans,
560 4434 599 4489 11
611 4435 821 4493 remissionem
835 4454 934 4513 pecca·
988 4435 1125 4506 quolibet
1137 4450 1245 4505 genere
1256 4436 1364 4491 mortis
1378 4436 1441 4507 (ubi
1454 4436 1581 4507 sanguis
1592 4450 1653 4491 nou
1664 4434 1817 4503 funditur)

109 4518 211 4571 torum
233 4516 376 4587 spiritum
398 4518 545 4575 infundit.
562 4520 629 4577 Illic
643 4522 782 4580 homines
802 4526 935 4598 baptiza·
987 4522 1177 4592 occiduntur,
1188 4523 1337 4595 baptizati
1350 4540 1411 4579 non
1424 4525 1541 4579 suntin
1552 4523 1701 4592 sanguine
1715 4528 1817 4592 suo,et

109 4602 224 4659 bantur
236 4603 270 4658 in
284 4604 407 4660 nomine
421 4608 553 4675 venturi,
566 4609 615 4665 hic
628 4608 768 4668 homines
780 4614 935 4686 baptizari·
986 4610 1104 4665 frustra
1118 4613 1232 4667 mortni
1248 4614 1321 4667 sunt
1334 4628 1390 4684 pre
1406 4611 1539 4679 Christo,
1556 4611 1629 4682 quia
1650 4610 1812 4667 humorem

111 4691 163 4745 tur
172 4692 208 4744 in
220 4693 352 4747 nomiae
362 4693 657 4767 Patris‚etFitii,et
669 4701 812 4769 Spiritus
825 4706 933 4758 sancti
987 4714 1074 4770 aquae
1090 4715 1180 4772 quem
1193 4701 1276 4755 intra
1295 4716 1405 4771 corpus
1428 4700 1602 4755 habuerunt
1627 4714 1690 4753 non
1705 4699 1816 4754 effnde

113 4777 238 4848 (biattb.
263 4780 388 4852 xxurrr).
414 4779 646 4842 Sacramentum
670 4802 741 4858 ergo
771 4790 933 4863 utrobique
987 4789 1069 4842 runt.
1084 4787 1158 4853 Quis
1170 4787 1227 4843 hoo
1239 4785 1349 4842 dicati
1370 4789 1450 4857 Ergo
1465 4787 1498 4842 in
1514 4786 1663 4856 sanguine
1677 4785 1815 4858 baptiza-

110 4869 262 4938 quantum
278 4867 317 4923 ad
329 4867 461 4926 formam
485 4873 664 4930 exteriorem
688 4875 768 4931 idem
794 4877 863 4947 init,
881 4879 933 4934 sed
986 4875 1103 4946 tur,qui
1117 4890 1172 4946 pro
1182 4875 1304 4930 Christo
1317 4875 1464 4943 moritur,
1481 4875 1535 4946 qui
1550 4876 1580 4929 et
1592 4874 1618 4929 si
1632 4875 1817 4945 sanguinem

110 4958 262 5026 quantum
283 4955 322 5011 ad
341 4957 480 5015 eiiectnm
504 4960 584 5016 idem
607 4977 669 5018 nen
692 4963 763 5033 fuit,
777 4967 850 5036 qnia
871 4966 933 5022 illic
986 4978 1048 5017 non
1061 4962 1190 5017 effundit
1202 4978 1240 5018 ex
1254 4961 1554 5032 vulnere,datvitam
1569 4978 1637 5033 quae
1651 4962 1816 5034 pretiosior

110 5048 334 5100 sacramentum
348 5036 447 5102 solnm
462 5047 541 5117 fuit,
557 5064 627 5105 nam
644 5051 782 5108 remissio
796 5058 931 5125 peccato·
985 5054 1032 5107 est
1044 5052 1203 5121 sanguine.
1217 5051 1296 5107 Nam
1307 5051 1490 5122 sanguinem
1501 5050 1628 5106 fundere
1643 5055 1748 5122 posset
1757 5067 1767 5120 ;
1783 5055 1814 5107 et

109 5146 178 5188 rum
197 5133 334 5189 nonfuit
356 5150 362 5188 z
387 5134 437 5191 hic
451 5138 553 5192 autern
577 5141 606 5192 et
632 5140 814 5195 sacramenti
833 5140 933 5196 forma
985 5138 1012 5193 si
1031 5138 1128 5194 vitam
1155 5154 1217 5194 non
1237 5138 1333 5208 daret,
1349 5141 1379 5194 et
1399 5138 1503 5194 minus
1527 5142 1607 5194 esset
1629 5138 1814 5209 sanguinem

108 5221 299 5293 proponitur,
308 5224 338 5277 et
350 5222 450 5278 virtus
464 5225 647 5280 sacramenti
657 5227 772 5298 pariter
783 5227 815 5282 11
830 5228 933 5284 remis·
984 5225 1113 5281 tundere
1127 5242 1220 5297 quam
1235 5227 1332 5283 vitam
1347 5226 1429 5282 dare.
1446 5227 1529 5282 Bene
1543 5241 1613 5295 ergo
1630 5227 1814 5295 sanguinem

107 5306 224 5365 sionem
239 5311 433 5381 peecatorum
448 5311 650 5368 condonatur.
984 5313 1098 5383 tundit,
1120 5316 1174 5386 qni
1198 5315 1295 5370 vitam
1319 5316 1407 5387 ponit
1430 5330 1485 5386 pro
1510 5314 1642 5383 Christo,
1664 5317 1695 5370 et
1718 5314 1814 5371 habet

983 5401 1139 5475 baptisma
1157 5417 1248 5458 snum
1267 5403 1299 5459 in
1319 5403 1434 5459 virtute
1455 5401 1649 5470 sacramenti,
1664 5402 1729 5457 sive
1752 5417 1815 5474 qua

506 5514 542 5526 —
984 5488 1064 5546 sicut
1078 5494 1303 5546 sacramentnm
1318 5490 1420 5563 ipsum
1436 5491 1588 5568 accepisse
1598 5505 1660 5546 non
1676 5489 1812 5561 prodest

982 5577 1028 5633 ita
1048 5592 1117 5634 cum
1144 5577 1355 5648 illabebatur,
1372 5576 1726 5634 sacramentumhabere
1750 5593 1813 5633 non

982 5680 1082 5739 posse,
1102 5681 1165 5724 non
1181 5671 1279 5725 nocet.
1294 5667 1407 5724 Verum
1426 5681 1497 5739 ergo
1517 5668 1563 5723 est
1588 5664 1746 5737 (quamne
1766 5665 1811 5722 ibi
