3742 6082
45 214 99 269 849
635 211 680 268 Dii
700 207 881 268 SAPIENTiA
898 217 1018 277 aulum
1036 214 1182 274 enuisti.
1331 228 1334 233 '
1603 220 1606 229 '
1709 218 1762 276 850

45 334 177 397 tenebrae
203 349 271 389 eam
295 348 358 388 non
381 333 649 408 comprehendunt.
677 339 787 395 Tamen
810 340 917 416 ipsae
936 342 1063 401 Domino
1077 343 1138 397 Deo
1151 341 1212 402 est;
1242 336 1267 392 si
1292 335 1430 393 accidens
1455 337 1612 410 quoddam
1632 339 1673 397 ab
1694 340 1766 415 ipso¹

45 428 99 483 lus
113 425 193 483 lueet
204 428 234 480 et
246 423 404 492 illuminet,
422 424 474 480 sed
489 440 550 481 non
563 441 668 483 omnes
690 444 758 486 eam
779 431 879 492 vident
935 438 978 489 est
993 448 1011 488 a
1026 447 1086 504 quo
1101 427 1200 485 omnis
1215 424 1384 482 srmstantia
1409 426 1479 483 cst?
1507 428 1665 493 Quomodo
1689 446 1761 503 ergo

45 513 212 589 quivident
224 528 278 586 per
292 528 369 568 eam.
387 515 448 569 Lux
462 512 550 583 lucet,
576 519 605 571 et
620 532 673 589 per
694 534 724 574 se
747 521 880 580 sciamus
934 522 1034 578 omnis
1050 518 1196 593 sapientia
1210 533 1227 573 e
1240 516 1367 573 Domino
1382 517 1442 572 lico
1454 517 1519 573 est?
1532 522 1589 575 Aut
1599 518 1671 592 quia
1684 535 1762 594 opus

47 602 132 677 quod
144 618 197 676 per
212 617 243 658 se
255 601 343 674 lucet,
365 605 443 658 etex
459 619 490 658 se
505 602 663 661 illuminat.
679 609 767 665 lineet
782 627 788 665 :
801 610 881 669 lucet
935 613 1010 684 ejus,
1024 615 1074 667 aul
1088 609 1159 682 quia
1173 606 1289 663 donum
1302 605 1391 677 ejus?
1413 605 1442 662 Si
1457 605 1603 679 sapientia
1626 613 1763 668 creature

47 709 160 767 perse,
176 696 205 748 et
219 691 368 747 illuminat
382 708 418 747 ex
433 708 475 748 se.
487 695 561 748 h'am
576 697 609 749 ut
623 700 695 762 erat,
711 696 816 771 inquit,
829 701 881 758 lux
935 706 989 768 est,
1006 699 1126 757 stultitia
1140 696 1291 771 quidest?
1307 693 1422 752 creavit
1437 697 1513 752 [leus
1527 697 1715 772 sapientiam,
1735 702 1764 758 et

48 780 360 856 veraquaeilluminat
387 796 509 836 omnem
528 781 683 840 hominem
712 787 880 847 venientem
935 805 997 846 non
1013 788 1122 845 creavit
1133 784 1311 842 stultitiam?
1335 786 1412 854 Ergo
1433 784 1573 856 quaedam
1598 786 1764 846 accidentia

48 873 80 929 in
90 872 172 928 hune
186 870 347 928 mundum.
356 871 486 926 loannes
495 869 548 926 lux
560 876 638 939 erat;
653 872 726 947 quia
745 893 794 934 uos
814 882 881 936 estis
937 883 1014 938 Deus
1032 876 1150 943 creavit,
1167 874 1225 931 alia
1239 889 1305 929 esse
1320 873 1441 943 hahent,
1456 878 1484 930 et
1497 875 1536 931 ab
1550 875 1619 948 ipso
1632 892 1695 935 ιιοιι
1708 877 1763 936 ha-

51 965 107 1020 tur
119 963 226 1018 ruendi
239 961 359 1032 (liciti.
375 960 413 1030 vl,
430 959 483 1016 sed
497 977 568 1018 vera
582 961 634 1018 lux
647 979 707 1021 non
719 971 798 1036 erat3
810 969 882 1042 quia
935 968 1016 1025 bent.
1032 965 1100 1033 Quis
1114 965 1172 1020 hoc
1185 967 1236 1019 aut
1259 961 1357 1017 dicere
1377 967 1549 1034 praesumat,
1574 970 1626 1022 aut
1650 965 1764 1025 dictum

51 1054 176 1110 tricena
190 1051 411 1108 ereturderrset
433 1050 534 1107 lucens
558 1052 657 1122 (doura
675 1059 720 1122 r);
748 1072 803 1114 nec
828 1074 883 1132 per
937 1055 1093 1129 approbet,
1110 1052 1192 1126 quod
1207 1049 1321 1123 aliquid
1334 1065 1398 1106 esse
1419 1050 1510 1108 habet
1533 1054 1561 1108 et
1583 1070 1601 1109 a
1624 1057 1683 1112 lieo
1701 1071 1764 1112 ιιοιι

49 1141 247 1216 semetipsam
268 1140 381 1207 lucens,
408 1144 436 1195 et
457 1156 493 1196 cx
518 1141 681 1216 semetipsa
698 1143 881 1218 illuminans,
936 1146 1053 1203 hahet?
1069 1143 1145 1209 Quid
1160 1141 1312 1198 dicimus?
1328 1142 1405 1196 Dens
1426 1155 1497 1211 ergo
1517 1140 1682 1201 accidentia
1702 1160 1765 1204 non

50 1230 148 1287 utlmt
162 1247 230 1305 quse
244 1229 394 1286 illuminat
407 1246 529 1286 omnem
545 1231 699 1290 hominem
714 1235 883 1292 venientem
938 1235 1067 1300 creavit;
1093 1238 1121 1290 et
1140 1231 1213 1288 alter
1232 1229 1359 1303 quidam
1387 1233 1431 1285 est
1455 1232 1576 1288 Creator
1602 1232 1764 1306 sapientire,

50 1321 82 1378 in
96 1320 179 1377 hune
194 1319 353 1377 mundum.
375 1321 454 1384 Quos
469 1320 567 1377 dixit?
589 1324 685 1378 Bonos
713 1339 775 1380 non
799 1325 882 1396 dixit,
938 1330 1016 1383 Deus
1032 1323 1142 1380 dator?
1172 1324 1247 1389 Erga
1268 1319 1340 1375 dere
1366 1319 1545 1392 sapientiam
1571 1324 1647 1378 Deus
1659 1323 1764 1396 potuit,

52 1426 108 1466 nec
122 1408 286 1482 spiritales:
303 1408 356 1467 sed
370 1426 492 1466 omnem
507 1411 661 1468 hominem
677 1414 843 1471 venientem
853 1415 883 1470 in
939 1431 1038 1473 creare
1050 1429 1112 1469 uon
1124 1411 1243 1483 potuit?
1259 1412 1334 1479 Ergo
1349 1408 1470 1465 aliunde
1480 1410 1595 1484 aceepit
1612 1412 1696 1486 quod
1717 1412 1768 1471 de·

51 1499 135 1556 hunc
150 1498 310 1555 mundum.
326 1501 406 1555 Unus
420 1503 464 1555 est
478 1499 558 1555 enim
574 1500 628 1570 sol,
649 1505 678 1557 et
691 1503 789 1559 omnis
813 1520 884 1560 ocu·
939 1503 991 1570 dit,
1008 1506 1036 1558 et
1050 1500 1132 1557 dedit
1146 1498 1229 1573 quod
1245 1514 1334 1553 suum
1349 1496 1490 1568 nonfuit,
1518 1502 1545 1555 et
1562 1499 1697 1575 accipere
1714 1518 1768 1576 po

52 1588 102 1645 lus
114 1603 168 1662 per
179 1604 247 1644 eum
263 1588 430 1656 irradiatur,
461 1589 514 1646 sed
543 1604 602 1646 non
626 1607 732 1648 omnes
756 1594 808 1666 qui
832 1610 886 1668 per
939 1591 994 1649 tuit
1008 1589 1089 1664 quod
1104 1603 1165 1645 non
1176 1585 1322 1643 habuerit.
1339 1586 1410 1650 Quis
1423 1586 1481 1643 hoc
1493 1587 1596 1647 dieat?
1611 1590 1682 1656 Quis
1702 1590 1769 1648 sani

53 1694 125 1734 eum
139 1677 240 1735 vident
253 1682 423 1749 agnoscunt
452 1694 531 1734 eum.
564 1680 703 1737 Similiter
727 1681 778 1739 lux
804 1699 884 1748 vcra,
901 1702 922 1756 p
941 1677 1178 1753 capitishoevel
1202 1676 1231 1733 in
1258 1674 1469 1745 cogitationem
1498 1694 1585 1734 suam
1610 1679 1769 1737 admittat?

54 1783 123 1841 quae
137 1767 286 1825 illuminat
299 1782 421 1824 omnem
436 1767 886 1828 hominemvenienteminhuue
942 1769 1072 1837 Qualiter
1081 1783 1153 1838 ergo
1168 1764 1267 1822 omnis
1281 1764 1457 1837 sapientiae
1471 1766 1596 1823 Domino
1621 1770 1681 1825 ileo
1700 1769 1769 1826 est‘l

56 1856 217 1926 mundum,
229 1856 344 1913 cunetis
359 1856 593 1930 superfunditur,
618 1858 646 1914 in
670 1875 776 1917 omnes
796 1860 887 1917 clare·
943 1860 1009 1917 Sive
1021 1857 1093 1931 quia
1107 1856 1223 1911 donum
1238 1854 1304 1926 ejus
1320 1858 1374 1913 est.
1386 1853 1448 1911 sive
1460 1855 1532 1928 quia
1547 1856 1662 1914 lactura
1675 1858 1770 1930 ejus?

57 1945 121 2017 seit,
138 1945 294 2002 universos
306 1945 452 2007 illustrat:
481 1947 532 2002 sed
555 1947 630 2004 alius
646 1964 778 2021 pequam
798 1949 886 2021 videt,
942 1953 1015 2006 Nam
1032 1947 1056 2003 si
1071 1946 1185 2003 factura
1197 1948 1253 2010 est,
1267 1959 1329 1999 non
1342 1959 1460 2017 semper
1472 1949 1525 2016 est,
1541 1946 1613 2018 quia
1625 1947 1709 2021 quod
1719 1948 1771 2005 ali·

57 2035 134 2092 alius
147 2050 215 2091 eam
226 2034 315 2092 videt.
334 2035 399 2092 llali
425 2034 631 2094 illuminantur
658 2043 690 2094 ut
719 2045 825 2097 catera
846 2039 888 2096 vi·
942 2037 1066 2112 quando
1078 2036 1176 2109 eoepit,
1192 2048 1254 2090 uon
1269 2048 1389 2104 semper
1403 2049 1470 2088 esse
1481 2033 1596 2092 habuit.
1609 2037 1684 2102 Quid
1698 2053 1769 2109 ergo

57 2124 149 2180 deant
161 2142 168 2192 3
182 2123 283 2197 ipsum
296 2141 350 2198 per
364 2141 456 2198 quem
470 2125 582 2192 rident,
596 2143 657 2184 uon
668 2128 800 2197 rideant,
816 2129 888 2204 quia
943 2127 1003 2184 ait?
1018 2125 1131 2194 Omnis,
1148 2122 1252 2196 iuquit,
1267 2121 1412 2194 sapientia
1436 2137 1454 2176 a
1478 2123 1603 2180 Domino
1623 2125 1683 2182 Dec
1706 2130 1768 2183 est:

57 2213 110 2270 lux
124 2213 155 2270 in
170 2213 301 2271 tenebris
313 2215 401 2280 lucet,
433 2219 461 2271 et
488 2216 618 2273 tenebris
645 2233 711 2274 eam
727 2235 790 2275 non
809 2237 889 2277 eom·
943 2224 970 2275 et
985 2233 1051 2273 cum
1067 2217 1121 2272 illo
1133 2215 1194 2284 fuit
1212 2227 1337 2281 seraper,
1363 2217 1391 2268 et
1403 2216 1445 2267 est
1470 2217 1647 2271 ontearum
1664 2215 1769 2289 (ibid),

58 2303 291 2376 prehenderunt.
309 2304 380 2361 Boni
394 2320 465 2361 vero
482 2305 697 2379 illuminantur,
715 2312 746 2364 ut
758 2325 827 2365 eum
848 2309 889 2365 ri-
943 2306 1046 2364 Mirum
1062 2307 1107 2360 est
1122 2321 1129 2357 :
1143 2317 1215 2371 ergo
1229 2299 1394 2357 accidentia
1409 2316 1528 2375 semper
1543 2318 1612 2358 eum
1629 2303 1696 2359 Deo'
1711 2304 1772 2362 iue-

59 2391 152 2450 deant
163 2410 182 2450 a
194 2409 266 2467 quo,
282 2398 310 2450 et
322 2410 376 2468 per
390 2410 480 2468 quem
496 2395 607 2461 vident,
621 2401 654 2453 ut
679 2397 797 2454 adeum
818 2398 890 2455 rete·
943 2398 1036 2459 runt;
1064 2398 1092 2450 et
1116 2392 1140 2448 si
1161 2389 1327 2447 accidentia
1350 2404 1469 2461 semper
1483 2405 1553 2445 cum
1570 2393 1629 2447 Deo
1639 2391 1770 2464 fuemnt,

60 2486 136 2549 rant,
154 2486 182 2539 et
197 2481 227 2538 in
242 2498 278 2538 eo
291 2487 392 2539 ament
412 2498 501 2539 omne
525 2484 608 2556 quod
631 2485 742 2554 vident,
766 2490 795 2544 ct
819 2504 889 2544 eum
945 2482 1119 2540 substantiae
1134 2494 1195 2536 non
1210 2479 1339 2534 fuerunt.
1349 2481 1393 2533 An
1407 2477 1507 2534 omnis
1523 2478 1698 2552 sapientiae
1712 2484 1772 2539 Deo

61 2576 163 2628 ament
177 2587 268 2644 super
282 2587 371 2629 omne
386 2573 469 2646 quod
483 2573 592 2631 rident.
619 2576 729 2631 Omnes
752 2592 823 2647 ergo
837 2591 891 2649 per
944 2579 998 2640 est,
1013 2577 1042 2631 et
1055 2587 1116 2628 non
1129 2569 1228 2627 omnis
1243 2566 1389 2640 sapientia
1408 2584 1479 2624 cum
1502 2571 1563 2629 lieo
1586 2571 1658 2627 esti
1677 2570 1771 2630 insit.

61 2677 133 2717 eum
149 2661 358 2718 illuminantur
372 2662 424 2734 qui
438 2662 550 2729 vident,
564 2663 617 2719 sed
630 2664 820 2721 excellentius
839 2681 891 2738 qui
946 2663 1003 2720 Sed
1016 2662 1114 2719 omnis
1130 2657 1276 2732 snpientia
1287 2656 1326 2712 ab
1341 2655 1391 2711 illo
1405 2661 1459 2724 est,
1475 2661 1503 2711 et
1517 2657 1616 2712 omnis
1627 2659 1775 2731 sapientia

61 2766 132 2806 eum
150 2751 261 2808 rident.
280 2754 331 2808 Per
343 2768 413 2807 eum
428 2751 634 2809 illuminantur
657 2752 709 2826 qui
731 2752 843 2822 vident,
863 2758 892 2811 et
946 2751 977 2807 in
990 2750 1038 2806 illo
1049 2753 1104 2816 est,
1124 2752 1153 2804 et
1166 2745 1266 2803 omnis
1282 2742 1429 2815 sapientia
1443 2759 1512 2799 eum
1532 2744 1581 2801 illo
1595 2748 1648 2811 est,
1658 2750 1686 2803 et
1698 2763 1774 2804 sem·

62 2856 99 2896 ex
114 2857 150 2897 eo
165 2839 380 2908 illuminantur,
397 2841 469 2915 quia
484 2841 546 2914 ipse
559 2841 662 2898 estlus
677 2858 767 2916 aquo
785 2843 891 2899 illumi·
946 2857 999 2915 per
1015 2845 1067 2895 est.
1084 2841 1117 2894 Et
1131 2836 1204 2911 qnid
1227 2833 1354 2891 iacimus
1376 2832 1414 2888 (le
1436 2832 1583 2906 sapientia
1607 2850 1675 2907 quae
1699 2836 1774 2893 acei-

64 2934 164 2986 natur.
182 2929 264 2986 Unde
279 2934 379 2986 autem
395 2929 446 2986 lux
460 2929 650 2998 illuminaret,
667 2930 691 2986 si
704 2947 741 2988 ex
756 2932 892 3005 semetip-
947 2930 1022 2986 dens
1032 2928 1100 2984 esti
1115 2924 1255 2999 Nunquid
1270 2938 1333 2978 non
1346 2922 1412 2995 ipsa
1422 2937 1540 2994 semper
1555 2939 1623 2979 eum
1635 2927 1775 2999 licceat?

65 3035 99 3076 sa
112 3034 174 3076 non
189 3017 393 3075 illuminaret?
407 3019 490 3076 Unde
501 3019 692 3087 illuminaret,
718 3020 742 3076 si
762 3021 792 3076 id
810 3020 892 3094 quod
949 3017 1106 3087 Quomodo
1136 3031 1207 3087 ergo
1236 3011 1338 3070 Omnis
1361 3010 1508 3083 sapientie
1531 3012 1695 3072 aDomino
1715 3017 1774 3073 Deo

63 3108 134 3183 ipsa
145 3113 189 3166 est
201 3109 442 3183 participandum
457 3124 518 3166 nou
540 3108 710 3183 praeheret?
739 3111 796 3167 Sed
819 3109 894 3166 forte
949 3115 1001 3171 est,
1030 3111 1059 3164 ct
1084 3121 1152 3162 cum
1173 3103 1222 3159 illo
1242 3101 1297 3158 luit
1313 3116 1441 3173 semper,
1469 3104 1498 3156 et
1511 3105 1555 3156 est
1569 3106 1637 3158 ante
1652 3105 1775 3161 aarum?

66 3197 234 3254 timendum
250 3202 302 3264 est,
318 3213 356 3254 ne
369 3197 520 3271 polluatur
534 3198 572 3254 ab
587 3198 756 3270 immundo,
780 3216 818 3256 ne
842 3199 893 3256 oh
949 3197 1024 3264 Quid
1039 3212 1111 3265 ergo
1124 3195 1161 3250 de
1177 3192 1227 3249 illa
1240 3189 1391 3247 facimus?
1415 3188 1616 3247 excludamus
1630 3191 1669 3248 ab
1684 3192 1777 3266 adpto

64 3292 200 3343 scuretur
210 3302 228 3343 a
240 3286 400 3344 tenebroso
412 3306 419 3356 ;
431 3292 459 3344 et
480 3287 637 3359 indignum
664 3289 702 3345 sit
718 3294 749 3346 ut
761 3289 894 3360 profanis
950 3285 1102 3360 sapientire
1116 3279 1289 3356 insipientie
1304 3278 1449 3347 figmenta
1463 3283 1491 3334 et
1513 3279 1698 3352 phantasias,
1721 3281 1778 3340 has

66 3381 207 3434 sanctum
221 3377 422 3451 coinquinatis
436 3377 637 3452 impollutum,
653 3379 820 3437 errantibus
845 3395 896 3435 ve·
950 3375 1052 3434 neseio
1078 3371 1183 3447 quales
1209 3372 1238 3425 et
1264 3366 1383 3423 somnia
1405 3382 1495 3432 rana,
1517 3383 1585 3440 quoe
1608 3369 1697 3426 nobis
1711 3387 1778 3428 rere

66 3483 137 3522 rum
153 3466 404 3524 communicabile
418 3467 543 3525 dicatur.
562 3469 718 3541 Superlluo
739 3469 797 3526 ista
818 3469 897 3539 eogi—
952 3462 1116 3522 accidentia
1129 3456 1454 3530 sunt,quianobiscum
1467 3461 1637 3515 ereatanon
1648 3458 1778 3518 fuerunt.

67 3556 412 3630 tantur,quialuxquae
432 3555 608 3614 intenebris
629 3558 717 3629 lueet,
741 3559 817 3615 sieut
836 3575 897 3615 non
952 3561 1161 3623 Agnoscamus
1187 3563 1289 3604 veram
1318 3545 1506 3619 sapientiam,
1544 3563 1606 3618 qua
1633 3548 1779 3621 sepimus,

69 3644 289 3701 obscuratura
313 3645 482 3715 tenebroso,
511 3645 552 3702 sic
573 3661 634 3702 non
659 3648 859 3720 corrumpitur
880 3663 899 3702 a
952 3645 1125 3719 quicunque
1140 3638 1285 3711 sapimus,
1312 3634 1461 3707 quidquid
1483 3633 1627 3706 sapimus,
1652 3637 1781 3695 etiamsi

69 3733 284 3800 contaminato,
299 3733 330 3789 in
346 3733 475 3790 tenebris
488 3732 579 3799 clara,
593 3740 621 3790 et
642 3734 718 3790 inter
732 3734 834 3791 sordes
856 3735 900 3791 in·
954 3748 1021 3790 eam
1034 3745 1096 3786 non
1111 3727 1255 3800 sapimus.
1269 3723 1315 3779 Ad
1327 3722 1424 3777 lucem
1433 3720 1586 3799 'lucentem
1601 3723 1631 3779 in
1650 3725 1780 3783 tenebris

69 3822 265 3895 coinquinata
292 3839 497 3896 perseverans.
528 3827 613 3890 Nam,
642 3840 712 3880 cum
740 3824 842 3881 omnia
868 3824 899 3880 in
955 3819 1155 3881 attendamus,
1171 3831 1209 3871 ne
1221 3811 1351 3869 tenebrae
1367 3810 1478 3865 simus:
1501 3810 1572 3882 quia
1593 3811 1645 3868 lux
1659 3812 1691 3869 in
1704 3817 1782 3872 tene-

67 3914 138 3986 ipsa
161 3916 189 3968 et
216 3913 246 3968 in
270 3913 410 3971 omnibus
431 3914 497 3987 ipsa
527 3914 572 3982 sit,
599 3914 626 3970 ei
651 3918 752 3970 tamen
785 3914 901 3970 univer·
954 3909 1115 3971 hrislueet,
1131 3908 1159 3961 et
1172 3902 1300 3960 tenebre
1314 3915 1382 3956 eam
1396 3914 1456 3955 nou
1479 3901 1780 3972 comprehenderunt.

69 4019 109 4057 sse
136 4007 278 4059 creaturae
304 4019 358 4061 nec
384 4004 536 4078 turpitudo
562 4003 656 4077 turpis
681 4008 734 4071 est,
760 4019 815 4060 nec
839 4019 901 4060 me·
956 4002 988 4056 Et
1009 3996 1149 4060 tenebre,
1174 3991 1280 4065 inquit.
1304 4006 1372 4046 eam
1394 4002 1456 4044 non
1471 3990 1782 4063 comprehendemnt;

68 4089 134 4146 litia
158 4096 255 4156 nocet,
281 4109 336 4151 nee
363 4110 445 4150 error
468 4097 556 4150 errat.
577 4096 676 4151 ducet
702 4108 774 4164 ergo
797 4098 826 4149 et
839 4093 903 4149 illu-
956 4089 1017 4144 imo
1031 4084 1130 4159 potius
1144 4097 1205 4137 non
1227 4077 1497 4153 deprehenderunt.
1519 4079 1677 4144 Quomodo
1702 4081 1783 4138 enim

72 4179 177 4252 minat,
206 4197 261 4238 nec
288 4198 341 4256 per
368 4182 460 4240 aliud.
490 4198 546 4239 nec
576 4199 611 4241 ex
644 4182 722 4252 alio;
753 4183 807 4239 sed
844 4182 901 4238 hoe
957 4168 1290 4246 incomprehensibilem
1314 4165 1567 4239 comprehendere
1595 4167 1784 4239 potuissent?

71 4268 156 4342 quod
169 4269 233 4343 ipsa
248 4277 301 4337 est,
325 4277 353 4328 et
377 4288 439 4346 quo
461 4272 527 4345 ipsa
542 4272 620 4330 lucet
635 4272 777 4330 clunibus
796 4271 903 4328 illumi·
958 4268 991 4321 Et
1004 4260 1133 4320 tenebrae
1145 4275 1212 4316 eam
1227 4272 1288 4313 non
1304 4253 1604 4327 comprehenderunt.

73 4354 184 4411 nandis
203 4360 494 4418 communicandum
518 4362 640 4434 prebet,
664 4365 694 4418 et
716 4365 811 4418 totum
837 4360 903 4431 ipsa
996 4357 1058 4410 Lux
1072 4367 1143 4421 ergo
1157 4348 1230 4423 quid
1243 4346 1338 4403 lecit?
1361 4347 1421 4400 Lux
1435 4344 1532 4399 lueem
1547 4345 1782 4418 comprehendit.

73 4443 218 4516 possidet.
234 4449 340 4507 Audite
352 4450 459 4506 iterum
477 4470 483 4506 :
500 4452 653 4517 Dominus,
670 4413 940 4525 inquitscriptu·D
961 4448 994 4501 El
1007 4461 1075 4517 quoe
1087 4446 1133 4498 est
1146 4440 1203 4496 ista
1215 4438 1292 4494 lux?
1308 4435 1411 4509 Utique
1431 4433 1454 4489 si
1469 4433 1520 4489 lux
1538 4433 1636 4491 lucem
1651 4450 1786 4509 eompre-

74 4546 119 4602 re,
147 4534 201 4590 dut
224 4539 402 4608 septentiam
430 4540 517 4609 (Dan.
535 4539 575 4610 ιι).
605 4542 701 4605 Quem
728 4539 904 4612 sapientiam
960 4533 1072 4599 hendit,
1091 4530 1190 4587 lucem
1213 4523 1514 4600 comprehenderunt,
1540 4521 1592 4594 qni
1615 4521 1714 4579 alueo
1734 4521 1787 4579 lux

74 4620 150 4678 torte
165 4623 287 4697 aliquod
302 4627 441 4684 accidens
463 4627 517 4684 dat
541 4643 602 4700 quo
624 4643 679 4683 nos
701 4626 858 4695 allicimur,
875 4631 907 4683 ul
961 4622 1030 4680 iacti
1045 4625 1122 4677 sunt.
1141 4622 1248 4675 lucem
1262 4611 1562 4686 comprehenderunt,
1577 4610 1628 4676 qut
1643 4626 1663 4667 a
1676 4610 1742 4668 lucc
1756 4610 1788 4669 il·

76 4711 227 4783 sapicntes
247 4715 421 4774 efficiamur.
961 4710 1097 4769 luminati
1113 4713 1191 4763 sunt.
1207 4710 1313 4762 Lucem
1325 4700 1628 4773 comprehenderunt,
1652 4701 1706 4773 qui
1719 4717 1788 4758 eam

118 4803 194 4869 Quid
210 4804 288 4861 enim
305 4810 349 4862 est
364 4807 509 4880 sapientia
523 4809 535 4864 l
550 4810 653 4864 h'onne
667 4805 831 4862 accidens?
852 4808 909 4862 Dat
961 4802 1059 4858 lucem
1079 4812 1168 4870 super
1187 4794 1308 4850 seinse
1324 4793 1529 4861 susceperunt.
1551 4790 1790 4861 Comprehende-

77 4912 150 4968 ergo
180 4894 325 4952 llominus
353 4897 541 4969 sapientiem.
574 4899 670 4964 Quam
704 4895 909 4968 sapientiam?
962 4894 1032 4947 runt
1049 4883 1319 4947 similitudine,n0n
1331 4875 1622 4948 comprehenderunt
1638 4880 1790 4952 aequalita-

78 4987 181 5043 Omnis
193 4986 343 5055 sapientie
357 5002 376 5042 u
388 4988 514 5044 Domino
528 4988 589 5044 Deo
604 4993 646 5042 est
658 4986 761 5058 (necte.
778 4988 809 5048 ll·
834 4987 910 5040 Bene
964 4984 1000 5036 te.
1027 4981 1085 5033 lloc
1106 4979 1151 5031 est
1163 4987 1235 5042 ergo
1259 4985 1354 5025 unum
1374 4971 1403 5023 et
1421 4982 1525 5065 uerum
1538 4965 1640 5025 lumen
1652 4969 1789 5026 omnium

78 5075 152 5149 quia
165 5074 269 5131 omniu
281 5075 478 5132 accidentiae
498 5075 624 5132 Domino
647 5078 706 5130 ileo
727 5076 830 5129 sunta
848 5088 910 5145 quo
965 5065 1121 5141 spirituum
1137 5058 1337 5126 rationalium.
1353 5056 1790 5131 Ploe⁰¹llllss⁵ass010¹'1¹m‚q¹1⁰d

78 5167 150 5220 sunt
165 5163 268 5220 omnia
283 5180 351 5236 quur
363 5168 441 5219 sunt.
458 5169 503 5220 An
515 5165 588 5221 torte
603 5162 761 5237 quoddam
772 5160 910 5218 accidens
965 5156 1113 5215 illuminat
1137 5168 1259 5210 omnem
1287 5147 1442 5206 hominem
1468 5147 1637 5204 venientem
1660 5146 1690 5202 in
1710 5146 1790 5241 hunc

79 5268 98 5309 a
128 5256 188 5309 [leo
215 5268 277 5309 non
303 5257 357 5317 eet,
387 5252 459 5326 qnia
486 5257 643 5325 peccatum
678 5252 717 5308 ab
745 5251 812 5324 ipso
848 5264 911 5306 non
965 5246 1124 5305 mundum.
1143 5242 1227 5311 Quod
1255 5240 1318 5297 sine
1340 5237 1536 5296 diminutione
1558 5237 1604 5293 sui
1626 5235 1665 5291 eb
1695 5246 1790 5332 omni·

80 5344 147 5399 est?
161 5341 265 5400 Omnis
277 5345 378 5398 tamen
397 5341 543 5415 sapientia
561 5357 579 5398 a
604 5344 662 5398 lieo
683 5345 736 5398 est.
754 5338 911 5407 Quomodo
965 5338 1024 5394 bus
1049 5334 1262 5410 participatum
1292 5333 1320 5386 et
1343 5345 1413 5385 cnm
1439 5327 1519 5383 idem
1543 5325 1623 5381 sitin
1638 5319 1789 5420 omnihus,

81 5431 121 5487 ab
148 5432 215 5505 ipso
244 5432 316 5488 est?
343 5435 426 5489 Forte
454 5431 525 5503 quia
552 5430 666 5487 donum
695 5431 761 5502 ejus
788 5428 912 5503 abipso
966 5431 1141 5485 nontamen
1162 5424 1201 5479 ab
1215 5420 1357 5479 omnibus
1378 5416 1484 5475 eodem
1505 5412 1597 5469 modo
1620 5412 1790 5510 percipitur.

80 5525 148 5586 est;
165 5520 237 5593 quia
251 5521 367 5578 lactura
390 5521 455 5592 ejus
470 5524 524 5586 est,
541 5518 579 5576 ab
594 5519 661 5592 ipso
675 5523 734 5587 eet;
764 5522 792 5576 et
814 5517 913 5574 omnis
969 5522 1071 5589 ipsum
1082 5514 1162 5572 enim
1177 5510 1325 5586 quidquid
1340 5512 1393 5575 est,
1404 5510 1499 5562 totum
1513 5506 1567 5566 est,
1583 5504 1611 5557 ct
1624 5498 1736 5571 ubique
1750 5500 1793 5554 to-

83 5608 254 5665 substautia
269 5609 309 5667 ab
323 5611 389 5683 ipso
405 5611 474 5666 esti
491 5608 567 5676 Quid
581 5622 727 5677 magnum
741 5608 756 5663 i
774 5606 847 5680 quid
862 5621 914 5661 no
968 5609 1031 5661 tum
1046 5607 1092 5659 est
1105 5621 1112 5671 3
1127 5616 1182 5658 nee
1196 5599 1297 5655 minus
1311 5600 1363 5652 aut
1376 5594 1476 5665 majus
1489 5591 1520 5646 in
1534 5604 1570 5690 eo
1580 5591 1634 5656 est,
1650 5590 1678 5689 et
1692 5591 1794 5645 tamen

81 5697 267 5772 ramiquid
279 5700 392 5757 mirum
405 5699 519 5758 dicmm
538 5696 724 5756 estiomnis
737 5695 915 5770 sapientiae
968 5692 1136 5751 secundum
1159 5683 1394 5763 participationis
1417 5680 1616 5737 differentiam
1635 5692 1737 5737 mmm
1766 5678 1796 5737 ei
