<?xml version="1.0" encoding="UTF-8"?>
<!DOCTYPE html PUBLIC "-//W3C//DTD XHTML 1.0 Transitional//EN"
    "http://www.w3.org/TR/xhtml1/DTD/xhtml1-transitional.dtd">
<html xmlns="http://www.w3.org/1999/xhtml" xml:lang="en" lang="en">
 <head>
  <title>
</title>
<meta http-equiv="Content-Type" content="text/html;charset=utf-8" />
  <meta name='ocr-system' content='tesseract 3.04.00' />
  <meta name='ocr-capabilities' content='ocr_page ocr_carea ocr_par ocr_line ocrx_word'/>
</head>
<body>
  <div class='ocr_page' id='page_1' title='image "./patrologiaecurs05migngoog/patrologiaecurs05migngoog_0112.png"; bbox 0 0 3742 6082; ppageno 0'>
   <div class='ocr_carea' id='block_1_1' title="bbox 93 204 1793 272">
    <p class='ocr_par' dir='ltr' id='par_1_1' title="bbox 93 204 1793 272">
     <span class='ocr_line' id='line_1_1' title="bbox 93 204 1793 272; baseline 0.005 -8"><span class='ocrx_word' id='word_1_1' title='bbox 93 204 142 264; x_wconf 78' lang='lat'><strong>2⁰5</strong></span> <span class='ocrx_word' id='word_1_2' title='bbox 574 205 628 262; x_wconf 80' lang='lat' dir='ltr'><strong>DE</strong></span> <span class='ocrx_word' id='word_1_3' title='bbox 646 206 935 266; x_wconf 75' lang='lat' dir='ltr'>SAGRAMENTIS.</span> <span class='ocrx_word' id='word_1_4' title='bbox 956 206 1067 266; x_wconf 89' lang='lat' dir='ltr'>LIBRI</span> <span class='ocrx_word' id='word_1_5' title='bbox 1085 207 1099 265; x_wconf 93' lang='lat'>1</span> <span class='ocrx_word' id='word_1_6' title='bbox 1117 206 1219 265; x_wconf 78' lang='lat' dir='ltr'>PARS</span> <span class='ocrx_word' id='word_1_7' title='bbox 1237 207 1276 265; x_wconf 89' lang='grc' dir='ltr'><strong>Π.</strong></span> <span class='ocrx_word' id='word_1_8' title='bbox 1738 212 1793 272; x_wconf 71' lang='lat'><strong>206</strong></span> 
     </span>
    </p>
   </div>
   <div class='ocr_carea' id='block_1_2' title="bbox 91 328 1791 673">
    <p class='ocr_par' dir='ltr' id='par_1_2' title="bbox 91 328 1791 673">
     <span class='ocr_line' id='line_1_2' title="bbox 94 328 1791 406; baseline 0.005 -19"><span class='ocrx_word' id='word_1_9' title='bbox 94 329 160 387; x_wconf 73' lang='lat' dir='ltr'><strong>Gar.</strong></span> <span class='ocrx_word' id='word_1_10' title='bbox 176 328 273 384; x_wconf 91' lang='lat' dir='ltr'>XXX.</span> <span class='ocrx_word' id='word_1_11' title='bbox 293 332 440 391; x_wconf 74' lang='lat' dir='ltr'><strong>ductum·</strong></span> <span class='ocrx_word' id='word_1_12' title='bbox 453 344 520 387; x_wconf 82' lang='lat' dir='ltr'><strong>esee</strong></span> <span class='ocrx_word' id='word_1_13' title='bbox 531 345 593 400; x_wconf 84' lang='lat' dir='ltr'><strong>per</strong></span> <span class='ocrx_word' id='word_1_14' title='bbox 607 346 680 401; x_wconf 79' lang='lat' dir='ltr'><strong>quer</strong></span> <span class='ocrx_word' id='word_1_15' title='bbox 689 347 794 389; x_wconf 85' lang='lat' dir='ltr'><strong>sermo</strong></span> <span class='ocrx_word' id='word_1_16' title='bbox 806 334 911 389; x_wconf 79' lang='lat' dir='ltr'><strong>subse·</strong></span> <span class='ocrx_word' id='word_1_17' title='bbox 927 332 954 388; x_wconf 85' lang='grc' dir='ltr'><strong>Α</strong></span> <span class='ocrx_word' id='word_1_18' title='bbox 967 337 1087 389; x_wconf 86' lang='lat' dir='ltr'><strong>creatus</strong></span> <span class='ocrx_word' id='word_1_19' title='bbox 1099 335 1140 390; x_wconf 80' lang='lat' dir='ltr'><strong>eit</strong></span> <span class='ocrx_word' id='word_1_20' title='bbox 1149 334 1252 403; x_wconf 90' lang='lat' dir='ltr'><strong>homc;</strong></span> <span class='ocrx_word' id='word_1_21' title='bbox 1263 333 1371 390; x_wconf 88' lang='lat' dir='ltr'><strong>deinde</strong></span> <span class='ocrx_word' id='word_1_22' title='bbox 1381 335 1482 406; x_wconf 84' lang='lat' dir='ltr'><strong>qualis</strong></span> <span class='ocrx_word' id='word_1_23' title='bbox 1492 338 1611 392; x_wconf 80' lang='lat' dir='ltr'><strong>creatus</strong></span> <span class='ocrx_word' id='word_1_24' title='bbox 1621 337 1672 405; x_wconf 87' lang='lat' dir='ltr'><strong>slt;</strong></span> <span class='ocrx_word' id='word_1_25' title='bbox 1683 336 1791 395; x_wconf 87' lang='lat' dir='ltr'><strong>deinde</strong></span> 
     </span>
     <span class='ocr_line' id='line_1_3' title="bbox 363 422 1790 498; baseline 0.006 -25"><span class='ocrx_word' id='word_1_26' title='bbox 363 434 465 488; x_wconf 80' lang='lat' dir='ltr'><strong>queue</strong></span> <span class='ocrx_word' id='word_1_27' title='bbox 480 423 637 476; x_wconf 77' lang='lat' dir='ltr'><em>decurrit.</em></span> <span class='ocrx_word' id='word_1_28' title='bbox 967 422 1098 494; x_wconf 82' lang='lat' dir='ltr'>qualiter</span> <span class='ocrx_word' id='word_1_29' title='bbox 1111 422 1217 495; x_wconf 87' lang='lat' dir='ltr'><strong>lapsus</strong></span> <span class='ocrx_word' id='word_1_30' title='bbox 1231 424 1286 491; x_wconf 89' lang='lat' dir='ltr'><strong>sit;</strong></span> <span class='ocrx_word' id='word_1_31' title='bbox 1309 427 1462 496; x_wconf 89' lang='lat' dir='ltr'><strong>postremo</strong></span> <span class='ocrx_word' id='word_1_32' title='bbox 1486 427 1589 480; x_wconf 89' lang='lat' dir='ltr'><strong>autem</strong></span> <span class='ocrx_word' id='word_1_33' title='bbox 1604 425 1735 498; x_wconf 84' lang='lat' dir='ltr'><strong>qualiter</strong></span> <span class='ocrx_word' id='word_1_34' title='bbox 1748 428 1790 482; x_wconf 87' lang='lat' dir='ltr'><strong>sit</strong></span> 
     </span>
     <span class='ocr_line' id='line_1_4' title="bbox 119 506 1134 584; baseline 0.004 -22"><span class='ocrx_word' id='word_1_35' title='bbox 119 507 256 572; x_wconf 83' lang='lat' dir='ltr'><strong>Quatuor</strong></span> <span class='ocrx_word' id='word_1_36' title='bbox 270 506 366 577; x_wconf 88' lang='lat' dir='ltr'><strong>igitur</strong></span> <span class='ocrx_word' id='word_1_37' title='bbox 378 511 512 580; x_wconf 88' lang='lat' dir='ltr'><strong>suntper</strong></span> <span class='ocrx_word' id='word_1_38' title='bbox 523 525 592 581; x_wconf 84' lang='lat' dir='ltr'><strong>quae</strong></span> <span class='ocrx_word' id='word_1_39' title='bbox 607 526 706 568; x_wconf 88' lang='lat' dir='ltr'><strong>sermo</strong></span> <span class='ocrx_word' id='word_1_40' title='bbox 719 512 910 584; x_wconf 89' lang='lat' dir='ltr'><strong>subsequens</strong></span> <span class='ocrx_word' id='word_1_41' title='bbox 966 514 1134 582; x_wconf 87' lang='lat' dir='ltr'><strong>reparatus.</strong></span> 
     </span>
     <span class='ocr_line' id='line_1_5' title="bbox 91 595 911 673; baseline 0.002 -21"><span class='ocrx_word' id='word_1_42' title='bbox 91 595 189 652; x_wconf 84' lang='lat' dir='ltr'><strong>ordine</strong></span> <span class='ocrx_word' id='word_1_43' title='bbox 211 595 371 651; x_wconf 77' lang='lat' dir='ltr'><strong>decurrere</strong></span> <span class='ocrx_word' id='word_1_44' title='bbox 395 596 495 666; x_wconf 87' lang='lat' dir='ltr'><strong>dehet,</strong></span> <span class='ocrx_word' id='word_1_45' title='bbox 521 598 552 653; x_wconf 91' lang='lat' dir='ltr'><strong>id</strong></span> <span class='ocrx_word' id='word_1_46' title='bbox 575 602 633 668; x_wconf 87' lang='grc' dir='ltr'><strong>θεῖ,</strong></span> <span class='ocrx_word' id='word_1_47' title='bbox 655 600 790 672; x_wconf 89' lang='lat' dir='ltr'><strong>primum</strong></span> <span class='ocrx_word' id='word_1_48' title='bbox 816 614 911 673; x_wconf 91' lang='lat' dir='ltr'><strong>quare</strong></span> 
     </span>
    </p>
   </div>
   <div class='ocr_carea' id='block_1_3' title="bbox 836 776 1034 804">
    <p class='ocr_par' dir='ltr' id='par_1_3' title="bbox 836 776 1034 804">
     <span class='ocr_line' id='line_1_6' title="bbox 836 776 1033 788; baseline 0 0"><span class='ocrx_word' id='word_1_49' title='bbox 836 776 1033 788; x_wconf 42' lang='grc' dir='ltr'><strong><em>ψ</em></strong></span> 
     </span>
     <span class='ocr_line' id='line_1_7' title="bbox 837 792 1034 804; baseline -0.005 -1"><span class='ocrx_word' id='word_1_50' title='bbox 837 792 1034 804; x_wconf 59' lang='grc' dir='ltr'><strong>σα*-</strong></span> 
     </span>
    </p>
   </div>
   <div class='ocr_carea' id='block_1_4' title="bbox 661 929 1221 1048">
    <p class='ocr_par' dir='ltr' id='par_1_4' title="bbox 661 857 1221 1048">
     <span class='ocr_line' id='line_1_8' title="bbox 661 929 1221 1048; baseline 0 -5"><span class='ocrx_word' id='word_1_51' title='bbox 661 931 841 1046; x_wconf 78' lang='lat' dir='ltr'><strong>rans</strong></span> <span class='ocrx_word' id='word_1_52' title='bbox 882 929 1221 1048; x_wconf 72' lang='lat' dir='ltr'><strong>secunus.</strong></span> 
     </span>
    </p>
   </div>
   <div class='ocr_carea' id='block_1_5' title="bbox 86 1116 1789 1190">
    <p class='ocr_par' dir='ltr' id='par_1_5' title="bbox 86 1116 1789 1190">
     <span class='ocr_line' id='line_1_9' title="bbox 86 1116 1789 1190; baseline 0.003 -16"><span class='ocrx_word' id='word_1_53' title='bbox 86 1118 135 1174; x_wconf 85' lang='lat' dir='ltr'><strong>DE</strong></span> <span class='ocrx_word' id='word_1_54' title='bbox 154 1116 287 1174; x_wconf 82' lang='lat' dir='ltr'>CAUSA</span> <span class='ocrx_word' id='word_1_55' title='bbox 307 1116 547 1174; x_wconf 81' lang='lat' dir='ltr'>CREATIONIS</span> <span class='ocrx_word' id='word_1_56' title='bbox 566 1119 748 1190; x_wconf 89' lang='lat' dir='ltr'>HOMINIS,</span> <span class='ocrx_word' id='word_1_57' title='bbox 769 1120 820 1176; x_wconf 89' lang='lat' dir='ltr'><strong>ET</strong></span> <span class='ocrx_word' id='word_1_58' title='bbox 839 1120 893 1175; x_wconf 84' lang='lat' dir='ltr'><strong>DE</strong></span> <span class='ocrx_word' id='word_1_59' title='bbox 911 1120 1048 1177; x_wconf 87' lang='lat' dir='ltr'>CAUSIS</span> <span class='ocrx_word' id='word_1_60' title='bbox 1077 1119 1419 1176; x_wconf 83' lang='lat' dir='ltr'>PRIMORDIALIBUS</span> <span class='ocrx_word' id='word_1_61' title='bbox 1448 1119 1588 1176; x_wconf 85' lang='lat' dir='ltr'>RERUM</span> <span class='ocrx_word' id='word_1_62' title='bbox 1616 1120 1789 1178; x_wconf 83' lang='lat' dir='ltr'><strong>0n1N1UM·</strong></span> 
     </span>
    </p>
   </div>
   <div class='ocr_carea' id='block_1_6' title="bbox 34 1292 1868 5719">
    <p class='ocr_par' dir='ltr' id='par_1_6' title="bbox 34 1292 1868 5719">
     <span class='ocr_line' id='line_1_10' title="bbox 101 1292 1791 1367; baseline 0.002 -17"><span class='ocrx_word' id='word_1_63' title='bbox 101 1292 186 1366; x_wconf 72' lang='lat' dir='ltr'><strong>[Car.</strong></span> <span class='ocrx_word' id='word_1_64' title='bbox 195 1293 222 1366; x_wconf 90' lang='lat' dir='ltr'><strong>I]</strong></span> <span class='ocrx_word' id='word_1_65' title='bbox 236 1293 273 1349; x_wconf 91' lang='lat' dir='ltr'><strong>In</strong></span> <span class='ocrx_word' id='word_1_66' title='bbox 283 1294 434 1366; x_wconf 90' lang='lat' dir='ltr'><strong>principio</strong></span> <span class='ocrx_word' id='word_1_67' title='bbox 444 1295 750 1367; x_wconf 87' lang='lat' dir='ltr'><strong>operis,quodvestra</strong></span> <span class='ocrx_word' id='word_1_68' title='bbox 760 1297 912 1352; x_wconf 86' lang='lat' dir='ltr'><strong>instantia</strong></span> <span class='ocrx_word' id='word_1_69' title='bbox 929 1299 954 1356; x_wconf 89' lang='lat' dir='ltr'>B</span> <span class='ocrx_word' id='word_1_70' title='bbox 969 1296 1028 1351; x_wconf 87' lang='lat' dir='ltr'><strong>sibi</strong></span> <span class='ocrx_word' id='word_1_71' title='bbox 1057 1296 1239 1351; x_wconf 82' lang='lat' dir='ltr'><strong>serviretur:</strong></span> <span class='ocrx_word' id='word_1_72' title='bbox 1268 1296 1311 1350; x_wconf 91' lang='lat' dir='ltr'><strong>sic</strong></span> <span class='ocrx_word' id='word_1_73' title='bbox 1335 1298 1437 1350; x_wconf 86' lang='lat' dir='ltr'><strong>tamen</strong></span> <span class='ocrx_word' id='word_1_74' title='bbox 1465 1299 1501 1350; x_wconf 89' lang='lat' dir='ltr'><strong>ut</strong></span> <span class='ocrx_word' id='word_1_75' title='bbox 1520 1311 1555 1350; x_wconf 87' lang='lat' dir='ltr'><strong>ea</strong></span> <span class='ocrx_word' id='word_1_76' title='bbox 1570 1297 1716 1353; x_wconf 85' lang='lat' dir='ltr'><strong>servitute</strong></span> <span class='ocrx_word' id='word_1_77' title='bbox 1728 1312 1791 1353; x_wconf 89' lang='lat' dir='ltr'><strong>non</strong></span> 
     </span>
     <span class='ocr_line' id='line_1_11' title="bbox 34 1383 1790 1462; baseline 0.001 -23"><span class='ocrx_word' id='word_1_78' title='bbox 34 1458 36 1462; x_wconf 11' lang='grc' dir='ltr'><em>Α</em></span> <span class='ocrx_word' id='word_1_79' title='bbox 83 1384 181 1454; x_wconf 77' lang='lat' dir='ltr'><strong>magis</strong></span> <span class='ocrx_word' id='word_1_80' title='bbox 200 1398 297 1455; x_wconf 91' lang='lat' dir='ltr'><strong>quam</strong></span> <span class='ocrx_word' id='word_1_81' title='bbox 319 1383 476 1439; x_wconf 80' lang='lat' dir='ltr'><strong>alacritate</strong></span> <span class='ocrx_word' id='word_1_82' title='bbox 496 1386 621 1457; x_wconf 84' lang='lat' dir='ltr'><strong>propria</strong></span> <span class='ocrx_word' id='word_1_83' title='bbox 644 1401 807 1456; x_wconf 79' lang='lat' dir='ltr'><strong>aggressus</strong></span> <span class='ocrx_word' id='word_1_84' title='bbox 832 1402 912 1455; x_wconf 87' lang='lat' dir='ltr'><strong>sum,</strong></span> <span class='ocrx_word' id='word_1_85' title='bbox 967 1385 1049 1441; x_wconf 90' lang='lat' dir='ltr'><strong>Deus</strong></span> <span class='ocrx_word' id='word_1_86' title='bbox 1065 1385 1118 1440; x_wconf 91' lang='lat' dir='ltr'><strong>sed</strong></span> <span class='ocrx_word' id='word_1_87' title='bbox 1130 1384 1222 1440; x_wconf 91' lang='lat' dir='ltr'><strong>homo</strong></span> <span class='ocrx_word' id='word_1_88' title='bbox 1233 1385 1298 1456; x_wconf 90' lang='lat' dir='ltr'><strong>ipse</strong></span> <span class='ocrx_word' id='word_1_89' title='bbox 1313 1384 1448 1441; x_wconf 90' lang='lat' dir='ltr'><strong>serviens</strong></span> <span class='ocrx_word' id='word_1_90' title='bbox 1458 1386 1629 1456; x_wconf 82' lang='lat' dir='ltr'><strong>juvaretur,</strong></span> <span class='ocrx_word' id='word_1_91' title='bbox 1650 1389 1678 1440; x_wconf 86' lang='lat' dir='ltr'><strong>et</strong></span> <span class='ocrx_word' id='word_1_92' title='bbox 1692 1385 1790 1442; x_wconf 87' lang='lat' dir='ltr'><strong>voluit</strong></span> 
     </span>
     <span class='ocr_line' id='line_1_12' title="bbox 83 1472 1793 1553; baseline 0.001 -25"><span class='ocrx_word' id='word_1_93' title='bbox 83 1472 189 1528; x_wconf 87' lang='lat' dir='ltr'><strong>mundi</strong></span> <span class='ocrx_word' id='word_1_94' title='bbox 205 1472 307 1553; x_wconf 51' lang='lat' dir='ltr'><strong>⁸hujus</strong></span> <span class='ocrx_word' id='word_1_95' title='bbox 335 1473 489 1529; x_wconf 90' lang='lat' dir='ltr'><strong>sensibilis</strong></span> <span class='ocrx_word' id='word_1_96' title='bbox 514 1474 662 1545; x_wconf 81' lang='lat' dir='ltr'><strong>originem</strong></span> <span class='ocrx_word' id='word_1_97' title='bbox 687 1479 717 1531; x_wconf 90' lang='lat' dir='ltr'><strong>et</strong></span> <span class='ocrx_word' id='word_1_98' title='bbox 738 1476 911 1548; x_wconf 88' lang='lat' dir='ltr'><strong>dispositio·</strong></span> <span class='ocrx_word' id='word_1_99' title='bbox 966 1477 1001 1528; x_wconf 79' lang='lat' dir='ltr'><strong>ui</strong></span> <span class='ocrx_word' id='word_1_100' title='bbox 1015 1473 1149 1528; x_wconf 88' lang='lat' dir='ltr'><strong>mundus</strong></span> <span class='ocrx_word' id='word_1_101' title='bbox 1173 1474 1299 1529; x_wconf 86' lang='lat' dir='ltr'><strong>serviret</strong></span> <span class='ocrx_word' id='word_1_102' title='bbox 1314 1473 1448 1543; x_wconf 81' lang='lat' dir='ltr'><strong>homini,</strong></span> <span class='ocrx_word' id='word_1_103' title='bbox 1472 1477 1500 1528; x_wconf 87' lang='lat' dir='ltr'><strong>et</strong></span> <span class='ocrx_word' id='word_1_104' title='bbox 1520 1474 1628 1529; x_wconf 80' lang='lat' dir='ltr'><strong>exinde</strong></span> <span class='ocrx_word' id='word_1_105' title='bbox 1652 1475 1793 1530; x_wconf 88' lang='lat' dir='ltr'><strong>similiter</strong></span> 
     </span>
     <span class='ocr_line' id='line_1_13' title="bbox 82 1561 1790 1635; baseline 0.001 -18"><span class='ocrx_word' id='word_1_106' title='bbox 82 1576 259 1632; x_wconf 68' lang='lat' dir='ltr'><strong>remquam</strong></span> <span class='ocrx_word' id='word_1_107' title='bbox 274 1561 455 1617; x_wconf 80' lang='lat' dir='ltr'><strong>brevissimo</strong></span> <span class='ocrx_word' id='word_1_108' title='bbox 472 1563 559 1634; x_wconf 86' lang='lat' dir='ltr'><strong>potui</strong></span> <span class='ocrx_word' id='word_1_109' title='bbox 581 1579 720 1619; x_wconf 86' lang='lat' dir='ltr'><strong>sermone</strong></span> <span class='ocrx_word' id='word_1_110' title='bbox 735 1564 833 1635; x_wconf 87' lang='lat' dir='ltr'><strong>etqui</strong></span> <span class='ocrx_word' id='word_1_111' title='bbox 848 1580 911 1618; x_wconf 89' lang='lat' dir='ltr'><strong>ma·</strong></span> <span class='ocrx_word' id='word_1_112' title='bbox 963 1562 1124 1633; x_wconf 88' lang='lat' dir='ltr'><strong>juvaretur</strong></span> <span class='ocrx_word' id='word_1_113' title='bbox 1137 1563 1239 1632; x_wconf 88' lang='lat' dir='ltr'><strong>homo,</strong></span> <span class='ocrx_word' id='word_1_114' title='bbox 1256 1566 1285 1618; x_wconf 91' lang='grc' dir='ltr'><strong>θῖ</strong></span> <span class='ocrx_word' id='word_1_115' title='bbox 1300 1566 1399 1618; x_wconf 89' lang='lat' dir='ltr'><strong>totum</strong></span> <span class='ocrx_word' id='word_1_116' title='bbox 1414 1563 1548 1618; x_wconf 89' lang='lat' dir='ltr'><strong>hominis</strong></span> <span class='ocrx_word' id='word_1_117' title='bbox 1559 1567 1648 1632; x_wconf 87' lang='lat' dir='ltr'><strong>esset,</strong></span> <span class='ocrx_word' id='word_1_118' title='bbox 1663 1565 1790 1634; x_wconf 91' lang='lat' dir='ltr'><strong>bonum,</strong></span> 
     </span>
     <span class='ocr_line' id='line_1_14' title="bbox 81 1651 1792 1726; baseline 0.002 -22"><span class='ocrx_word' id='word_1_119' title='bbox 81 1651 172 1719; x_wconf 86' lang='lat' dir='ltr'><strong>xime,</strong></span> <span class='ocrx_word' id='word_1_120' title='bbox 188 1655 226 1704; x_wconf 89' lang='lat' dir='ltr'><strong>ut</strong></span> <span class='ocrx_word' id='word_1_121' title='bbox 249 1651 440 1722; x_wconf 90' lang='lat' dir='ltr'><strong>propesitum</strong></span> <span class='ocrx_word' id='word_1_122' title='bbox 460 1652 548 1706; x_wconf 85' lang='lat' dir='ltr'><strong>nohis</strong></span> <span class='ocrx_word' id='word_1_123' title='bbox 567 1652 668 1708; x_wconf 80' lang='lat' dir='ltr'><strong>fuerat</strong></span> <span class='ocrx_word' id='word_1_124' title='bbox 683 1652 913 1708; x_wconf 88' lang='lat' dir='ltr'><strong>introducendis</strong></span> <span class='ocrx_word' id='word_1_125' title='bbox 966 1652 1168 1724; x_wconf 85' lang='lat' dir='ltr'><strong>quiapropter</strong></span> <span class='ocrx_word' id='word_1_126' title='bbox 1180 1652 1334 1708; x_wconf 88' lang='lat' dir='ltr'><strong>hominem</strong></span> <span class='ocrx_word' id='word_1_127' title='bbox 1348 1657 1446 1708; x_wconf 92' lang='lat' dir='ltr'><strong>totum</strong></span> <span class='ocrx_word' id='word_1_128' title='bbox 1459 1654 1516 1708; x_wconf 92' lang='lat' dir='ltr'><strong>hoc</strong></span> <span class='ocrx_word' id='word_1_129' title='bbox 1526 1654 1641 1708; x_wconf 83' lang='lat' dir='ltr'><strong>factum</strong></span> <span class='ocrx_word' id='word_1_130' title='bbox 1653 1654 1792 1726; x_wconf 81' lang='lat' dir='ltr'><strong>estErgo</strong></span> 
     </span>
     <span class='ocr_line' id='line_1_15' title="bbox 83 1739 1785 1814; baseline 0.001 -18"><span class='ocrx_word' id='word_1_131' title='bbox 83 1740 257 1807; x_wconf 80' lang='lat' dir='ltr'><strong>conveniat,</strong></span> <span class='ocrx_word' id='word_1_132' title='bbox 270 1739 403 1811; x_wconf 85' lang='lat' dir='ltr'><strong>explicui</strong></span> <span class='ocrx_word' id='word_1_133' title='bbox 413 1756 423 1808; x_wconf 83' lang='lat'>;</span> <span class='ocrx_word' id='word_1_134' title='bbox 436 1756 517 1796; x_wconf 93' lang='lat' dir='ltr'><strong>nunc</strong></span> <span class='ocrx_word' id='word_1_135' title='bbox 529 1758 601 1797; x_wconf 91' lang='lat' dir='ltr'><strong>vero</strong></span> <span class='ocrx_word' id='word_1_136' title='bbox 613 1758 802 1814; x_wconf 89' lang='lat' dir='ltr'><strong>consequeus</strong></span> <span class='ocrx_word' id='word_1_137' title='bbox 817 1746 863 1797; x_wconf 88' lang='lat' dir='ltr'><strong>est</strong></span> <span class='ocrx_word' id='word_1_138' title='bbox 877 1744 912 1797; x_wconf 91' lang='lat' dir='ltr'><strong>ut</strong></span> <span class='ocrx_word' id='word_1_139' title='bbox 966 1744 1063 1797; x_wconf 90' lang='lat' dir='ltr'><strong>totum</strong></span> <span class='ocrx_word' id='word_1_140' title='bbox 1077 1742 1192 1797; x_wconf 90' lang='lat' dir='ltr'><strong>bonum</strong></span> <span class='ocrx_word' id='word_1_141' title='bbox 1207 1742 1341 1796; x_wconf 88' lang='lat' dir='ltr'><strong>hominis</strong></span> <span class='ocrx_word' id='word_1_142' title='bbox 1354 1747 1432 1798; x_wconf 89' lang='lat' dir='ltr'><strong>erat:</strong></span> <span class='ocrx_word' id='word_1_143' title='bbox 1448 1742 1713 1814; x_wconf 89' lang='lat' dir='ltr'><strong>videlicetetqnod</strong></span> <span class='ocrx_word' id='word_1_144' title='bbox 1725 1743 1785 1798; x_wconf 88' lang='lat' dir='ltr'><strong>fac·</strong></span> 
     </span>
     <span class='ocr_line' id='line_1_16' title="bbox 84 1827 1791 1903; baseline 0.003 -20"><span class='ocrx_word' id='word_1_145' title='bbox 84 1829 270 1883; x_wconf 79' lang='lat' dir='ltr'><strong>creationem</strong></span> <span class='ocrx_word' id='word_1_146' title='bbox 285 1827 420 1883; x_wconf 89' lang='lat' dir='ltr'><strong>hominis</strong></span> <span class='ocrx_word' id='word_1_147' title='bbox 442 1830 576 1902; x_wconf 87' lang='lat' dir='ltr'><strong>(prepter</strong></span> <span class='ocrx_word' id='word_1_148' title='bbox 592 1847 682 1902; x_wconf 89' lang='lat' dir='ltr'><strong>quem</strong></span> <span class='ocrx_word' id='word_1_149' title='bbox 699 1832 834 1886; x_wconf 89' lang='lat' dir='ltr'><strong>mundus</strong></span> <span class='ocrx_word' id='word_1_150' title='bbox 847 1832 911 1902; x_wconf 90' lang='lat' dir='ltr'><strong>ipse</strong></span> <span class='ocrx_word' id='word_1_151' title='bbox 966 1831 1031 1884; x_wconf 90' lang='lat' dir='ltr'><strong>tum</strong></span> <span class='ocrx_word' id='word_1_152' title='bbox 1046 1837 1093 1885; x_wconf 88' lang='lat' dir='ltr'><strong>est</strong></span> <span class='ocrx_word' id='word_1_153' title='bbox 1107 1835 1230 1903; x_wconf 86' lang='lat' dir='ltr'><strong>propter</strong></span> <span class='ocrx_word' id='word_1_154' title='bbox 1242 1831 1355 1902; x_wconf 89' lang='lat' dir='ltr'><strong>ipsum,</strong></span> <span class='ocrx_word' id='word_1_155' title='bbox 1367 1836 1396 1886; x_wconf 87' lang='lat' dir='ltr'><strong>ei</strong></span> <span class='ocrx_word' id='word_1_156' title='bbox 1408 1831 1734 1903; x_wconf 86' lang='lat' dir='ltr'><strong>propterquodfactus</strong></span> <span class='ocrx_word' id='word_1_157' title='bbox 1745 1835 1791 1888; x_wconf 88' lang='lat' dir='ltr'><strong>est</strong></span> 
     </span>
     <span class='ocr_line' id='line_1_17' title="bbox 83 1917 1789 1990; baseline 0.002 -18"><span class='ocrx_word' id='word_1_158' title='bbox 83 1917 181 1972; x_wconf 83' lang='lat' dir='ltr'><strong>factus</strong></span> <span class='ocrx_word' id='word_1_159' title='bbox 194 1920 252 1983; x_wconf 83' lang='lat' dir='ltr'><strong>est)</strong></span> <span class='ocrx_word' id='word_1_160' title='bbox 269 1931 407 1972; x_wconf 90' lang='lat' dir='ltr'><strong>sermone</strong></span> <span class='ocrx_word' id='word_1_161' title='bbox 422 1933 644 1990; x_wconf 88' lang='lat' dir='ltr'><strong>prosequamur</strong></span> <span class='ocrx_word' id='word_1_162' title='bbox 661 1936 695 1975; x_wconf 91' lang='lat' dir='ltr'><strong>eo</strong></span> <span class='ocrx_word' id='word_1_163' title='bbox 712 1936 784 1975; x_wconf 87' lang='lat' dir='ltr'><strong>sane</strong></span> <span class='ocrx_word' id='word_1_164' title='bbox 806 1921 911 1976; x_wconf 89' lang='lat' dir='ltr'><strong>ordine</strong></span> <span class='ocrx_word' id='word_1_165' title='bbox 965 1920 1039 1990; x_wconf 85' lang='lat' dir='ltr'><strong>ipse.</strong></span> <span class='ocrx_word' id='word_1_166' title='bbox 1056 1918 1113 1974; x_wconf 89' lang='lat' dir='ltr'><strong>Sed</strong></span> <span class='ocrx_word' id='word_1_167' title='bbox 1128 1918 1212 1974; x_wconf 86' lang='lat' dir='ltr'><strong>aliud</strong></span> <span class='ocrx_word' id='word_1_168' title='bbox 1226 1920 1341 1975; x_wconf 91' lang='lat' dir='ltr'><strong>bonum</strong></span> <span class='ocrx_word' id='word_1_169' title='bbox 1356 1921 1497 1975; x_wconf 87' lang='lat' dir='ltr'><strong>deorsum</strong></span> <span class='ocrx_word' id='word_1_170' title='bbox 1509 1924 1573 1975; x_wconf 89' lang='lat' dir='ltr'><strong>erat</strong></span> <span class='ocrx_word' id='word_1_171' title='bbox 1588 1923 1618 1975; x_wconf 91' lang='grc' dir='ltr'><strong>θῖ</strong></span> <span class='ocrx_word' id='word_1_172' title='bbox 1630 1921 1665 1976; x_wconf 91' lang='lat' dir='ltr'><strong>de</strong></span> <span class='ocrx_word' id='word_1_173' title='bbox 1679 1920 1789 1976; x_wconf 87' lang='lat' dir='ltr'><strong>subtus</strong></span> 
     </span>
     <span class='ocr_line' id='line_1_18' title="bbox 80 2005 1789 2080; baseline 0.002 -20"><span class='ocrx_word' id='word_1_174' title='bbox 80 2005 233 2078; x_wconf 89' lang='lat' dir='ltr'><strong>loquendo</strong></span> <span class='ocrx_word' id='word_1_175' title='bbox 251 2005 426 2061; x_wconf 86' lang='lat' dir='ltr'><strong>incedentes</strong></span> <span class='ocrx_word' id='word_1_176' title='bbox 458 2023 548 2078; x_wconf 89' lang='lat' dir='ltr'><strong>quem</strong></span> <span class='ocrx_word' id='word_1_177' title='bbox 563 2007 688 2063; x_wconf 85' lang='lat' dir='ltr'><strong>Creator</strong></span> <span class='ocrx_word' id='word_1_178' title='bbox 715 2010 780 2080; x_wconf 90' lang='lat' dir='ltr'><strong>ipse</strong></span> <span class='ocrx_word' id='word_1_179' title='bbox 808 2024 910 2065; x_wconf 89' lang='lat' dir='ltr'><strong>rerum</strong></span> <span class='ocrx_word' id='word_1_180' title='bbox 966 2007 1145 2063; x_wconf 88' lang='lat' dir='ltr'><strong>sumebatur</strong></span> <span class='ocrx_word' id='word_1_181' title='bbox 1155 2007 1193 2062; x_wconf 86' lang='lat' dir='ltr'><strong>ad</strong></span> <span class='ocrx_word' id='word_1_182' title='bbox 1202 2008 1424 2077; x_wconf 84' lang='lat' dir='ltr'><strong>necessitatem,</strong></span> <span class='ocrx_word' id='word_1_183' title='bbox 1437 2008 1520 2063; x_wconf 86' lang='lat' dir='ltr'><strong>aliud</strong></span> <span class='ocrx_word' id='word_1_184' title='bbox 1535 2009 1651 2063; x_wconf 91' lang='lat' dir='ltr'><strong>bonum</strong></span> <span class='ocrx_word' id='word_1_185' title='bbox 1666 2024 1789 2064; x_wconf 89' lang='lat' dir='ltr'><strong>sursum</strong></span> 
     </span>
     <span class='ocr_line' id='line_1_19' title="bbox 82 2094 1788 2169; baseline 0.001 -20"><span class='ocrx_word' id='word_1_186' title='bbox 82 2094 306 2150; x_wconf 87' lang='lat' dir='ltr'><strong>demonstravit</strong></span> <span class='ocrx_word' id='word_1_187' title='bbox 332 2095 493 2166; x_wconf 89' lang='lat' dir='ltr'><strong>operando.</strong></span> <span class='ocrx_word' id='word_1_188' title='bbox 519 2097 608 2151; x_wconf 91' lang='lat' dir='ltr'><strong>Prius</strong></span> <span class='ocrx_word' id='word_1_189' title='bbox 629 2097 780 2168; x_wconf 87' lang='lat' dir='ltr'><strong>siquidem</strong></span> <span class='ocrx_word' id='word_1_190' title='bbox 805 2098 909 2169; x_wconf 77' lang='lat' dir='ltr'><strong>opifex</strong></span> <span class='ocrx_word' id='word_1_191' title='bbox 965 2100 1040 2166; x_wconf 83' lang='lat' dir='ltr'><strong>erat,</strong></span> <span class='ocrx_word' id='word_1_192' title='bbox 1053 2096 1220 2169; x_wconf 84' lang='lat' dir='ltr'><strong>etdesuper</strong></span> <span class='ocrx_word' id='word_1_193' title='bbox 1228 2097 1407 2151; x_wconf 89' lang='lat' dir='ltr'><strong>sumebatur</strong></span> <span class='ocrx_word' id='word_1_194' title='bbox 1419 2096 1458 2151; x_wconf 89' lang='lat' dir='ltr'><strong>ad</strong></span> <span class='ocrx_word' id='word_1_195' title='bbox 1468 2095 1653 2151; x_wconf 88' lang='lat' dir='ltr'><strong>felicitatem.</strong></span> <span class='ocrx_word' id='word_1_196' title='bbox 1668 2096 1788 2151; x_wconf 88' lang='lat' dir='ltr'><strong>Bonum</strong></span> 
     </span>
     <span class='ocr_line' id='line_1_20' title="bbox 82 2182 1786 2258; baseline 0 -19"><span class='ocrx_word' id='word_1_197' title='bbox 82 2183 163 2239; x_wconf 88' lang='lat' dir='ltr'><strong>Deus</strong></span> <span class='ocrx_word' id='word_1_198' title='bbox 178 2182 331 2238; x_wconf 87' lang='lat' dir='ltr'><strong>mundum</strong></span> <span class='ocrx_word' id='word_1_199' title='bbox 347 2183 437 2237; x_wconf 86' lang='lat' dir='ltr'><strong>feeit:</strong></span> <span class='ocrx_word' id='word_1_200' title='bbox 455 2199 489 2238; x_wconf 88' lang='lat' dir='ltr'><strong>ac</strong></span> <span class='ocrx_word' id='word_1_201' title='bbox 503 2184 611 2240; x_wconf 87' lang='lat' dir='ltr'><strong>deinde</strong></span> <span class='ocrx_word' id='word_1_202' title='bbox 627 2185 781 2241; x_wconf 89' lang='lat' dir='ltr'><strong>hominem</strong></span> <span class='ocrx_word' id='word_1_203' title='bbox 791 2202 909 2258; x_wconf 86' lang='lat' dir='ltr'><strong>posses·</strong></span> <span class='ocrx_word' id='word_1_204' title='bbox 964 2186 1078 2257; x_wconf 90' lang='lat' dir='ltr'><strong>quippe</strong></span> <span class='ocrx_word' id='word_1_205' title='bbox 1091 2185 1168 2241; x_wconf 91' lang='lat' dir='ltr'><strong>illud</strong></span> <span class='ocrx_word' id='word_1_206' title='bbox 1182 2184 1263 2256; x_wconf 91' lang='lat' dir='ltr'><strong>quod</strong></span> <span class='ocrx_word' id='word_1_207' title='bbox 1283 2185 1316 2239; x_wconf 92' lang='lat' dir='ltr'><strong>in</strong></span> <span class='ocrx_word' id='word_1_208' title='bbox 1339 2188 1480 2240; x_wconf 89' lang='lat' dir='ltr'><strong>creatura</strong></span> <span class='ocrx_word' id='word_1_209' title='bbox 1494 2185 1629 2255; x_wconf 90' lang='lat' dir='ltr'><strong>positum</strong></span> <span class='ocrx_word' id='word_1_210' title='bbox 1643 2188 1718 2253; x_wconf 88' lang='lat' dir='ltr'><strong>erat,</strong></span> <span class='ocrx_word' id='word_1_211' title='bbox 1734 2184 1786 2239; x_wconf 94' lang='lat' dir='ltr'><strong>bo-</strong></span> 
     </span>
     <span class='ocr_line' id='line_1_21' title="bbox 83 2271 1788 2344; baseline 0 -16"><span class='ocrx_word' id='word_1_212' title='bbox 83 2288 180 2328; x_wconf 84' lang='lat' dir='ltr'><strong>serem</strong></span> <span class='ocrx_word' id='word_1_213' title='bbox 195 2275 226 2327; x_wconf 90' lang='lat' dir='ltr'><strong>et</strong></span> <span class='ocrx_word' id='word_1_214' title='bbox 250 2271 410 2327; x_wconf 90' lang='lat' dir='ltr'><strong>domiuum</strong></span> <span class='ocrx_word' id='word_1_215' title='bbox 432 2273 551 2341; x_wconf 81' lang='lat' dir='ltr'><strong>mundi,</strong></span> <span class='ocrx_word' id='word_1_216' title='bbox 567 2277 602 2328; x_wconf 92' lang='lat' dir='ltr'><strong>ut</strong></span> <span class='ocrx_word' id='word_1_217' title='bbox 624 2275 741 2330; x_wconf 71' lang='lat' dir='ltr'><strong>caeteris</strong></span> <span class='ocrx_word' id='word_1_218' title='bbox 767 2276 910 2330; x_wconf 88' lang='lat' dir='ltr'><strong>omnibus</strong></span> <span class='ocrx_word' id='word_1_219' title='bbox 964 2290 1038 2329; x_wconf 92' lang='lat' dir='ltr'><strong>num</strong></span> <span class='ocrx_word' id='word_1_220' title='bbox 1063 2277 1129 2328; x_wconf 86' lang='lat' dir='ltr'><strong>erat</strong></span> <span class='ocrx_word' id='word_1_221' title='bbox 1157 2273 1370 2328; x_wconf 87' lang='lat' dir='ltr'><strong>necessitatis:</strong></span> <span class='ocrx_word' id='word_1_222' title='bbox 1401 2273 1566 2344; x_wconf 84' lang='lat' dir='ltr'><strong>quodvero</strong></span> <span class='ocrx_word' id='word_1_223' title='bbox 1587 2274 1621 2329; x_wconf 91' lang='lat' dir='ltr'><strong>in</strong></span> <span class='ocrx_word' id='word_1_224' title='bbox 1646 2273 1788 2328; x_wconf 86' lang='lat' dir='ltr'><strong>Creatore</strong></span> 
     </span>
     <span class='ocr_line' id='line_1_22' title="bbox 79 2361 1789 2435; baseline 0.001 -20"><span class='ocrx_word' id='word_1_225' title='bbox 79 2361 146 2432; x_wconf 87' lang='lat' dir='ltr'><strong>jure</strong></span> <span class='ocrx_word' id='word_1_226' title='bbox 163 2361 675 2432; x_wconf 88' lang='lat' dir='ltr'><strong>conditionisdominareturhomo,</strong></span> <span class='ocrx_word' id='word_1_227' title='bbox 686 2364 746 2435; x_wconf 89' lang='lat' dir='ltr'><strong>ipsi</strong></span> <span class='ocrx_word' id='word_1_228' title='bbox 756 2379 842 2435; x_wconf 88' lang='lat' dir='ltr'><strong>aquo</strong></span> <span class='ocrx_word' id='word_1_229' title='bbox 853 2365 912 2420; x_wconf 90' lang='lat' dir='ltr'><strong>fac-</strong></span> <span class='ocrx_word' id='word_1_230' title='bbox 964 2366 1030 2418; x_wconf 90' lang='lat' dir='ltr'><strong>erat</strong></span> <span class='ocrx_word' id='word_1_231' title='bbox 1043 2363 1169 2431; x_wconf 89' lang='lat' dir='ltr'><strong>bonum,</strong></span> <span class='ocrx_word' id='word_1_232' title='bbox 1182 2362 1297 2417; x_wconf 90' lang='lat' dir='ltr'><strong>bonum</strong></span> <span class='ocrx_word' id='word_1_233' title='bbox 1314 2365 1379 2417; x_wconf 88' lang='lat' dir='ltr'><strong>erat</strong></span> <span class='ocrx_word' id='word_1_234' title='bbox 1391 2361 1556 2417; x_wconf 82' lang='lat' dir='ltr'><strong>felicitatis.</strong></span> <span class='ocrx_word' id='word_1_235' title='bbox 1571 2363 1609 2417; x_wconf 84' lang='lat' dir='ltr'><strong>Et</strong></span> <span class='ocrx_word' id='word_1_236' title='bbox 1623 2365 1789 2434; x_wconf 89' lang='lat' dir='ltr'><strong>utrumque</strong></span> 
     </span>
     <span class='ocr_line' id='line_1_23' title="bbox 81 2449 1788 2523; baseline 0.002 -19"><span class='ocrx_word' id='word_1_237' title='bbox 81 2449 809 2523; x_wconf 86' lang='lat' dir='ltr'><strong>tusfueratsolivoluntorialihertatesubjectus.</strong></span> <span class='ocrx_word' id='word_1_238' title='bbox 823 2453 910 2508; x_wconf 88' lang='lat' dir='ltr'><strong>Unde</strong></span> <span class='ocrx_word' id='word_1_239' title='bbox 964 2451 1003 2507; x_wconf 89' lang='lat' dir='ltr'><strong>ad</strong></span> <span class='ocrx_word' id='word_1_240' title='bbox 1024 2452 1177 2506; x_wconf 91' lang='lat' dir='ltr'><strong>hominem</strong></span> <span class='ocrx_word' id='word_1_241' title='bbox 1202 2450 1357 2506; x_wconf 86' lang='lat' dir='ltr'><strong>ferebatur</strong></span> <span class='ocrx_word' id='word_1_242' title='bbox 1380 2451 1455 2522; x_wconf 91' lang='lat' dir='ltr'><strong>quia</strong></span> <span class='ocrx_word' id='word_1_243' title='bbox 1478 2454 1643 2522; x_wconf 87' lang='lat' dir='ltr'><strong>utrumque</strong></span> <span class='ocrx_word' id='word_1_244' title='bbox 1670 2450 1788 2507; x_wconf 89' lang='lat' dir='ltr'><strong>homini</strong></span> 
     </span>
     <span class='ocr_line' id='line_1_24' title="bbox 82 2537 1827 2611; baseline 0.002 -18"><span class='ocrx_word' id='word_1_245' title='bbox 82 2540 202 2594; x_wconf 86' lang='lat' dir='ltr'><strong>constat</strong></span> <span class='ocrx_word' id='word_1_246' title='bbox 216 2539 402 2595; x_wconf 86' lang='lat' dir='ltr'><strong>creationem</strong></span> <span class='ocrx_word' id='word_1_247' title='bbox 427 2539 571 2607; x_wconf 86' lang='lat' dir='ltr'><strong>hominis,</strong></span> <span class='ocrx_word' id='word_1_248' title='bbox 592 2556 694 2596; x_wconf 90' lang='lat' dir='ltr'><strong>rerum</strong></span> <span class='ocrx_word' id='word_1_249' title='bbox 711 2543 849 2597; x_wconf 92' lang='lat' dir='ltr'><strong>omnium</strong></span> <span class='ocrx_word' id='word_1_250' title='bbox 865 2543 910 2597; x_wconf 90' lang='lat' dir='ltr'><strong>vi·</strong></span> <span class='ocrx_word' id='word_1_251' title='bbox 963 2539 1140 2607; x_wconf 78' lang='lat' dir='ltr'><strong>debebatur3</strong></span> <span class='ocrx_word' id='word_1_252' title='bbox 1156 2539 1364 2611; x_wconf 89' lang='lat' dir='ltr'><strong>quiapropter</strong></span> <span class='ocrx_word' id='word_1_253' title='bbox 1376 2539 1507 2595; x_wconf 86' lang='lat' dir='ltr'><strong>alterum</strong></span> <span class='ocrx_word' id='word_1_254' title='bbox 1521 2539 1621 2595; x_wconf 88' lang='lat' dir='ltr'><strong>factus</strong></span> <span class='ocrx_word' id='word_1_255' title='bbox 1635 2543 1682 2595; x_wconf 87' lang='lat' dir='ltr'><strong>est</strong></span> <span class='ocrx_word' id='word_1_256' title='bbox 1696 2539 1787 2596; x_wconf 91' lang='lat' dir='ltr'><strong>homo</strong></span> <span class='ocrx_word' id='word_1_257' title='bbox 1822 2537 1827 2547; x_wconf 87' lang='lat'><em>&#39;</em></span> 
     </span>
     <span class='ocr_line' id='line_1_25' title="bbox 82 2627 1789 2702; baseline 0.002 -21"><span class='ocrx_word' id='word_1_258' title='bbox 82 2627 219 2682; x_wconf 86' lang='lat' dir='ltr'><strong>sibilium</strong></span> <span class='ocrx_word' id='word_1_259' title='bbox 235 2627 409 2683; x_wconf 89' lang='lat' dir='ltr'><strong>conditione</strong></span> <span class='ocrx_word' id='word_1_260' title='bbox 418 2629 616 2699; x_wconf 88' lang='lat' dir='ltr'><strong>posteriorem</strong></span> <span class='ocrx_word' id='word_1_261' title='bbox 629 2631 752 2701; x_wconf 92' lang='lat' dir='ltr'><strong>quidem</strong></span> <span class='ocrx_word' id='word_1_262' title='bbox 764 2635 909 2702; x_wconf 89' lang='lat' dir='ltr'><strong>tempore,</strong></span> <span class='ocrx_word' id='word_1_263' title='bbox 928 2645 951 2700; x_wconf 72' lang='lat' dir='ltr'><strong>c</strong></span> <span class='ocrx_word' id='word_1_264' title='bbox 967 2632 1001 2683; x_wconf 86' lang='lat' dir='ltr'><strong>ut</strong></span> <span class='ocrx_word' id='word_1_265' title='bbox 1013 2628 1091 2683; x_wconf 90' lang='lat' dir='ltr'><strong>illud</strong></span> <span class='ocrx_word' id='word_1_266' title='bbox 1105 2628 1273 2700; x_wconf 85' lang='lat' dir='ltr'><strong>possideret</strong></span> <span class='ocrx_word' id='word_1_267' title='bbox 1287 2631 1317 2683; x_wconf 92' lang='grc' dir='ltr'><strong>θῖ</strong></span> <span class='ocrx_word' id='word_1_268' title='bbox 1335 2628 1488 2684; x_wconf 89' lang='lat' dir='ltr'><strong>frueretur</strong></span> <span class='ocrx_word' id='word_1_269' title='bbox 1496 2645 1505 2697; x_wconf 79' lang='lat'>;</span> <span class='ocrx_word' id='word_1_270' title='bbox 1522 2628 1652 2683; x_wconf 86' lang='lat' dir='ltr'><strong>alterum</strong></span> <span class='ocrx_word' id='word_1_271' title='bbox 1664 2633 1789 2701; x_wconf 89' lang='lat' dir='ltr'><strong>propter</strong></span> 
     </span>
     <span class='ocr_line' id='line_1_26' title="bbox 83 2715 1789 2791; baseline 0.002 -21"><span class='ocrx_word' id='word_1_272' title='bbox 83 2715 131 2770; x_wconf 88' lang='lat' dir='ltr'><strong>sed</strong></span> <span class='ocrx_word' id='word_1_273' title='bbox 145 2731 243 2771; x_wconf 88' lang='lat' dir='ltr'><strong>causa</strong></span> <span class='ocrx_word' id='word_1_274' title='bbox 269 2716 401 2787; x_wconf 89' lang='lat' dir='ltr'><strong>priorem</strong></span> <span class='ocrx_word' id='word_1_275' title='bbox 427 2717 541 2772; x_wconf 90' lang='lat' dir='ltr'><strong>fuisse:</strong></span> <span class='ocrx_word' id='word_1_276' title='bbox 568 2719 642 2789; x_wconf 90' lang='lat' dir='ltr'><strong>quia</strong></span> <span class='ocrx_word' id='word_1_277' title='bbox 664 2720 717 2791; x_wconf 90' lang='lat' dir='ltr'><strong>qui</strong></span> <span class='ocrx_word' id='word_1_278' title='bbox 739 2720 840 2775; x_wconf 88' lang='lat' dir='ltr'><strong>factus</strong></span> <span class='ocrx_word' id='word_1_279' title='bbox 862 2724 909 2775; x_wconf 89' lang='lat' dir='ltr'><strong>est</strong></span> <span class='ocrx_word' id='word_1_280' title='bbox 962 2717 1117 2772; x_wconf 88' lang='lat' dir='ltr'><strong>hominem</strong></span> <span class='ocrx_word' id='word_1_281' title='bbox 1131 2717 1248 2772; x_wconf 84' lang='lat' dir='ltr'><strong>factum</strong></span> <span class='ocrx_word' id='word_1_282' title='bbox 1265 2721 1311 2772; x_wconf 89' lang='lat' dir='ltr'><strong>est</strong></span> <span class='ocrx_word' id='word_1_283' title='bbox 1324 2722 1360 2772; x_wconf 89' lang='lat' dir='ltr'><strong>ut</strong></span> <span class='ocrx_word' id='word_1_284' title='bbox 1374 2716 1451 2772; x_wconf 90' lang='lat' dir='ltr'><strong>illud</strong></span> <span class='ocrx_word' id='word_1_285' title='bbox 1463 2718 1611 2789; x_wconf 88' lang='lat' dir='ltr'><strong>acciperet</strong></span> <span class='ocrx_word' id='word_1_286' title='bbox 1631 2720 1660 2772; x_wconf 90' lang='grc' dir='ltr'><strong>θῖ</strong></span> <span class='ocrx_word' id='word_1_287' title='bbox 1669 2717 1789 2787; x_wconf 87' lang='lat' dir='ltr'><strong>juvare·</strong></span> 
     </span>
     <span class='ocr_line' id='line_1_27' title="bbox 81 2804 1786 2878; baseline 0.001 -19"><span class='ocrx_word' id='word_1_288' title='bbox 81 2807 148 2876; x_wconf 87' lang='lat' dir='ltr'><strong>post</strong></span> <span class='ocrx_word' id='word_1_289' title='bbox 163 2805 281 2874; x_wconf 85' lang='lat' dir='ltr'><strong>omnia,</strong></span> <span class='ocrx_word' id='word_1_290' title='bbox 291 2809 419 2878; x_wconf 90' lang='lat' dir='ltr'><strong>propter</strong></span> <span class='ocrx_word' id='word_1_291' title='bbox 433 2821 503 2861; x_wconf 89' lang='lat' dir='ltr'><strong>eum</strong></span> <span class='ocrx_word' id='word_1_292' title='bbox 514 2808 709 2863; x_wconf 88' lang='lat' dir='ltr'><strong>omniafacta</strong></span> <span class='ocrx_word' id='word_1_293' title='bbox 722 2809 909 2865; x_wconf 75' lang='lat' dir='ltr'><strong>sirutssausa</strong></span> <span class='ocrx_word' id='word_1_294' title='bbox 962 2809 1021 2860; x_wconf 85' lang='lat' dir='ltr'><strong>tur.</strong></span> <span class='ocrx_word' id='word_1_295' title='bbox 1040 2805 1074 2861; x_wconf 93' lang='lat' dir='ltr'><strong>In</strong></span> <span class='ocrx_word' id='word_1_296' title='bbox 1089 2807 1210 2860; x_wconf 89' lang='lat' dir='ltr'><strong>tantum</strong></span> <span class='ocrx_word' id='word_1_297' title='bbox 1233 2820 1303 2877; x_wconf 82' lang='lat' dir='ltr'><strong>ergo</strong></span> <span class='ocrx_word' id='word_1_298' title='bbox 1318 2804 1479 2860; x_wconf 87' lang='lat' dir='ltr'><strong>rationalis</strong></span> <span class='ocrx_word' id='word_1_299' title='bbox 1501 2808 1628 2860; x_wconf 65' lang='lat' dir='ltr'><strong>creturae</strong></span> <span class='ocrx_word' id='word_1_300' title='bbox 1653 2804 1786 2860; x_wconf 87' lang='lat' dir='ltr'><strong>conditio</strong></span> 
     </span>
     <span class='ocr_line' id='line_1_28' title="bbox 81 2892 1786 2970; baseline 0.001 -23"><span class='ocrx_word' id='word_1_301' title='bbox 81 2908 150 2963; x_wconf 82' lang='lat' dir='ltr'><strong>ergo</strong></span> <span class='ocrx_word' id='word_1_302' title='bbox 166 2892 352 2949; x_wconf 89' lang='lat' dir='ltr'><strong>conditionis</strong></span> <span class='ocrx_word' id='word_1_303' title='bbox 372 2894 514 2950; x_wconf 87' lang='lat' dir='ltr'><strong>humanae</strong></span> <span class='ocrx_word' id='word_1_304' title='bbox 529 2899 599 2950; x_wconf 86' lang='lat' dir='ltr'><strong>ante</strong></span> <span class='ocrx_word' id='word_1_305' title='bbox 614 2897 718 2951; x_wconf 88' lang='lat' dir='ltr'><strong>omnia</strong></span> <span class='ocrx_word' id='word_1_306' title='bbox 729 2900 795 2952; x_wconf 89' lang='lat' dir='ltr'><strong>est:</strong></span> <span class='ocrx_word' id='word_1_307' title='bbox 812 2901 842 2953; x_wconf 92' lang='lat' dir='ltr'><strong>et</strong></span> <span class='ocrx_word' id='word_1_308' title='bbox 862 2899 906 2970; x_wconf 90' lang='lat' dir='ltr'><strong>ip·</strong></span> <span class='ocrx_word' id='word_1_309' title='bbox 962 2894 1078 2949; x_wconf 85' lang='lat' dir='ltr'><strong>eaeteris</strong></span> <span class='ocrx_word' id='word_1_310' title='bbox 1100 2894 1245 2949; x_wconf 87' lang='lat' dir='ltr'><strong>omnibus</strong></span> <span class='ocrx_word' id='word_1_311' title='bbox 1258 2909 1328 2965; x_wconf 85' lang='lat' dir='ltr'><strong>quaa</strong></span> <span class='ocrx_word' id='word_1_312' title='bbox 1343 2897 1466 2965; x_wconf 87' lang='lat' dir='ltr'><strong>propter</strong></span> <span class='ocrx_word' id='word_1_313' title='bbox 1489 2894 1589 2965; x_wconf 89' lang='lat' dir='ltr'><strong>ipsam</strong></span> <span class='ocrx_word' id='word_1_314' title='bbox 1610 2892 1692 2948; x_wconf 88' lang='lat' dir='ltr'><strong>facta</strong></span> <span class='ocrx_word' id='word_1_315' title='bbox 1713 2896 1786 2948; x_wconf 87' lang='lat' dir='ltr'><strong>sunt</strong></span> 
     </span>
     <span class='ocr_line' id='line_1_29' title="bbox 83 2982 1784 3056; baseline 0.001 -19"><span class='ocrx_word' id='word_1_316' title='bbox 83 2997 145 3037; x_wconf 87' lang='lat' dir='ltr'><strong>sam</strong></span> <span class='ocrx_word' id='word_1_317' title='bbox 159 2982 348 3051; x_wconf 85' lang='lat' dir='ltr'><strong>investigare</strong></span> <span class='ocrx_word' id='word_1_318' title='bbox 362 2986 481 3054; x_wconf 84' lang='lat' dir='ltr'><strong>oportet</strong></span> <span class='ocrx_word' id='word_1_319' title='bbox 491 2999 584 3056; x_wconf 85' lang='lat' dir='ltr'><strong>supra</strong></span> <span class='ocrx_word' id='word_1_320' title='bbox 598 2986 703 3040; x_wconf 87' lang='lat' dir='ltr'><strong>omnia</strong></span> <span class='ocrx_word' id='word_1_321' title='bbox 717 2989 747 3040; x_wconf 86' lang='lat' dir='ltr'><strong>et</strong></span> <span class='ocrx_word' id='word_1_322' title='bbox 763 2989 834 3041; x_wconf 89' lang='lat' dir='ltr'><strong>ante</strong></span> <span class='ocrx_word' id='word_1_323' title='bbox 849 3002 909 3041; x_wconf 93' lang='lat' dir='ltr'><strong>om·</strong></span> <span class='ocrx_word' id='word_1_324' title='bbox 962 2983 1156 3039; x_wconf 84' lang='lat' dir='ltr'><strong>excellentior</strong></span> <span class='ocrx_word' id='word_1_325' title='bbox 1168 2998 1233 3038; x_wconf 89' lang='lat' dir='ltr'><strong>esse</strong></span> <span class='ocrx_word' id='word_1_326' title='bbox 1256 2984 1415 3054; x_wconf 88' lang='lat' dir='ltr'><strong>probatur,</strong></span> <span class='ocrx_word' id='word_1_327' title='bbox 1431 2982 1513 3055; x_wconf 91' lang='lat' dir='ltr'><strong>quod</strong></span> <span class='ocrx_word' id='word_1_328' title='bbox 1535 2983 1673 3037; x_wconf 90' lang='lat' dir='ltr'><strong>omnium</strong></span> <span class='ocrx_word' id='word_1_329' title='bbox 1692 2997 1784 3038; x_wconf 86' lang='lat' dir='ltr'><strong>causa</strong></span> 
     </span>
     <span class='ocr_line' id='line_1_30' title="bbox 81 3071 1785 3146; baseline 0.001 -20"><span class='ocrx_word' id='word_1_330' title='bbox 81 3071 130 3126; x_wconf 88' lang='lat' dir='ltr'><strong>nia</strong></span> <span class='ocrx_word' id='word_1_331' title='bbox 144 3086 215 3143; x_wconf 89' lang='lat' dir='ltr'><strong>quae</strong></span> <span class='ocrx_word' id='word_1_332' title='bbox 231 3072 367 3142; x_wconf 88' lang='lat' dir='ltr'><strong>tempere</strong></span> <span class='ocrx_word' id='word_1_333' title='bbox 388 3076 456 3126; x_wconf 89' lang='lat' dir='ltr'><strong>orta</strong></span> <span class='ocrx_word' id='word_1_334' title='bbox 481 3076 563 3141; x_wconf 87' lang='lat' dir='ltr'><strong>sunt,</strong></span> <span class='ocrx_word' id='word_1_335' title='bbox 579 3076 693 3128; x_wconf 82' lang='lat' dir='ltr'><strong>etanta</strong></span> <span class='ocrx_word' id='word_1_336' title='bbox 709 3077 846 3146; x_wconf 89' lang='lat' dir='ltr'><strong>tempora</strong></span> <span class='ocrx_word' id='word_1_337' title='bbox 860 3091 906 3130; x_wconf 84' lang='lat' dir='ltr'><strong>or·</strong></span> <span class='ocrx_word' id='word_1_338' title='bbox 961 3075 1029 3146; x_wconf 87' lang='lat' dir='ltr'><strong>ipsa</strong></span> <span class='ocrx_word' id='word_1_339' title='bbox 1044 3077 1098 3128; x_wconf 90' lang='lat' dir='ltr'><strong>est.</strong></span> <span class='ocrx_word' id='word_1_340' title='bbox 1113 3072 1214 3129; x_wconf 85' lang='lat' dir='ltr'><strong>Causa</strong></span> <span class='ocrx_word' id='word_1_341' title='bbox 1226 3087 1298 3128; x_wconf 91' lang='lat' dir='ltr'><strong>vero</strong></span> <span class='ocrx_word' id='word_1_342' title='bbox 1312 3073 1378 3143; x_wconf 88' lang='lat' dir='ltr'><strong>ejus</strong></span> <span class='ocrx_word' id='word_1_343' title='bbox 1393 3072 1453 3127; x_wconf 88' lang='lat' dir='ltr'><strong>alia</strong></span> <span class='ocrx_word' id='word_1_344' title='bbox 1469 3071 1554 3127; x_wconf 88' lang='lat' dir='ltr'><strong>nulla</strong></span> <span class='ocrx_word' id='word_1_345' title='bbox 1570 3075 1625 3141; x_wconf 87' lang='grc' dir='ltr'><strong>θεῖ,</strong></span> <span class='ocrx_word' id='word_1_346' title='bbox 1644 3072 1705 3128; x_wconf 87' lang='lat' dir='ltr'><strong>nisi</strong></span> <span class='ocrx_word' id='word_1_347' title='bbox 1718 3073 1785 3144; x_wconf 88' lang='lat' dir='ltr'><strong>ipse</strong></span> 
     </span>
     <span class='ocr_line' id='line_1_31' title="bbox 81 3159 1784 3236; baseline 0.002 -22"><span class='ocrx_word' id='word_1_348' title='bbox 81 3159 186 3215; x_wconf 84' lang='lat' dir='ltr'><strong>dinata</strong></span> <span class='ocrx_word' id='word_1_349' title='bbox 209 3163 293 3215; x_wconf 91' lang='lat' dir='ltr'><strong>sunt.</strong></span> <span class='ocrx_word' id='word_1_350' title='bbox 317 3160 348 3215; x_wconf 85' lang='lat' dir='ltr'><strong>Si</strong></span> <span class='ocrx_word' id='word_1_351' title='bbox 377 3162 458 3216; x_wconf 90' lang='lat' dir='ltr'><strong>enim</strong></span> <span class='ocrx_word' id='word_1_352' title='bbox 474 3162 577 3216; x_wconf 89' lang='lat' dir='ltr'><strong>omnia</strong></span> <span class='ocrx_word' id='word_1_353' title='bbox 595 3162 679 3218; x_wconf 90' lang='lat' dir='ltr'><strong>Deus</strong></span> <span class='ocrx_word' id='word_1_354' title='bbox 702 3163 773 3218; x_wconf 90' lang='lat' dir='ltr'><strong>fecit</strong></span> <span class='ocrx_word' id='word_1_355' title='bbox 785 3167 908 3236; x_wconf 86' lang='lat' dir='ltr'><strong>propter</strong></span> <span class='ocrx_word' id='word_1_356' title='bbox 962 3179 981 3217; x_wconf 91' lang='lat' dir='ltr'><strong>a</strong></span> <span class='ocrx_word' id='word_1_357' title='bbox 992 3178 1053 3234; x_wconf 93' lang='lat' dir='ltr'><strong>quo</strong></span> <span class='ocrx_word' id='word_1_358' title='bbox 1067 3163 1134 3234; x_wconf 89' lang='lat' dir='ltr'><strong>ipsa</strong></span> <span class='ocrx_word' id='word_1_359' title='bbox 1149 3165 1204 3218; x_wconf 89' lang='lat' dir='ltr'><strong>est.</strong></span> <span class='ocrx_word' id='word_1_360' title='bbox 1219 3162 1304 3217; x_wconf 86' lang='lat' dir='ltr'><strong>Sicut</strong></span> <span class='ocrx_word' id='word_1_361' title='bbox 1318 3162 1399 3217; x_wconf 89' lang='lat' dir='ltr'><strong>enim</strong></span> <span class='ocrx_word' id='word_1_362' title='bbox 1410 3162 1449 3217; x_wconf 88' lang='lat' dir='ltr'><strong>ab</strong></span> <span class='ocrx_word' id='word_1_363' title='bbox 1464 3162 1532 3234; x_wconf 85' lang='lat' dir='ltr'><strong>ipse</strong></span> <span class='ocrx_word' id='word_1_364' title='bbox 1547 3166 1603 3230; x_wconf 91' lang='lat' dir='ltr'><strong>est,</strong></span> <span class='ocrx_word' id='word_1_365' title='bbox 1618 3165 1653 3217; x_wconf 84' lang='lat' dir='ltr'><strong>ut</strong></span> <span class='ocrx_word' id='word_1_366' title='bbox 1666 3161 1784 3234; x_wconf 86' lang='lat' dir='ltr'><strong>aliquid</strong></span> 
     </span>
     <span class='ocr_line' id='line_1_32' title="bbox 80 3249 1783 3324; baseline 0.001 -20"><span class='ocrx_word' id='word_1_367' title='bbox 80 3249 247 3317; x_wconf 85' lang='lat' dir='ltr'><strong>hominem,</strong></span> <span class='ocrx_word' id='word_1_368' title='bbox 262 3263 355 3304; x_wconf 87' lang='lat' dir='ltr'><strong>causa</strong></span> <span class='ocrx_word' id='word_1_369' title='bbox 367 3251 504 3305; x_wconf 88' lang='lat' dir='ltr'><strong>omnium</strong></span> <span class='ocrx_word' id='word_1_370' title='bbox 518 3250 609 3306; x_wconf 89' lang='lat' dir='ltr'><strong>homo</strong></span> <span class='ocrx_word' id='word_1_371' title='bbox 621 3256 684 3321; x_wconf 78' lang='lat' dir='ltr'><strong>est3</strong></span> <span class='ocrx_word' id='word_1_372' title='bbox 701 3255 731 3307; x_wconf 89' lang='grc' dir='ltr'><strong>θῖ</strong></span> <span class='ocrx_word' id='word_1_373' title='bbox 745 3253 909 3309; x_wconf 86' lang='lat' dir='ltr'><strong>causaliter</strong></span> <span class='ocrx_word' id='word_1_374' title='bbox 962 3255 1041 3307; x_wconf 85' lang='lat' dir='ltr'><strong>esset</strong></span> <span class='ocrx_word' id='word_1_375' title='bbox 1048 3268 1057 3320; x_wconf 79' lang='lat'>;</span> <span class='ocrx_word' id='word_1_376' title='bbox 1080 3252 1123 3307; x_wconf 91' lang='lat' dir='ltr'><strong>sie</strong></span> <span class='ocrx_word' id='word_1_377' title='bbox 1138 3255 1261 3324; x_wconf 88' lang='lat' dir='ltr'><strong>propter</strong></span> <span class='ocrx_word' id='word_1_378' title='bbox 1272 3252 1374 3323; x_wconf 89' lang='lat' dir='ltr'><strong>ipsum</strong></span> <span class='ocrx_word' id='word_1_379' title='bbox 1389 3255 1445 3321; x_wconf 88' lang='lat' dir='ltr'><strong>est,</strong></span> <span class='ocrx_word' id='word_1_380' title='bbox 1462 3256 1497 3307; x_wconf 91' lang='lat' dir='ltr'><strong>ut</strong></span> <span class='ocrx_word' id='word_1_381' title='bbox 1517 3252 1605 3307; x_wconf 88' lang='lat' dir='ltr'><strong>beate</strong></span> <span class='ocrx_word' id='word_1_382' title='bbox 1617 3256 1697 3308; x_wconf 86' lang='lat' dir='ltr'><strong>esset</strong></span> <span class='ocrx_word' id='word_1_383' title='bbox 1710 3268 1718 3321; x_wconf 77' lang='lat'>3</span> <span class='ocrx_word' id='word_1_384' title='bbox 1741 3251 1783 3306; x_wconf 92' lang='lat' dir='ltr'><strong>al·</strong></span> 
     </span>
     <span class='ocr_line' id='line_1_33' title="bbox 79 3336 1794 3414; baseline 0.002 -22"><span class='ocrx_word' id='word_1_385' title='bbox 79 3336 168 3393; x_wconf 86' lang='lat' dir='ltr'><strong>homo</strong></span> <span class='ocrx_word' id='word_1_386' title='bbox 195 3337 281 3410; x_wconf 89' lang='lat' dir='ltr'><strong>prior</strong></span> <span class='ocrx_word' id='word_1_387' title='bbox 302 3339 445 3393; x_wconf 89' lang='lat' dir='ltr'><strong>omnihus</strong></span> <span class='ocrx_word' id='word_1_388' title='bbox 475 3342 531 3408; x_wconf 88' lang='lat' dir='ltr'><strong>est,</strong></span> <span class='ocrx_word' id='word_1_389' title='bbox 558 3341 661 3410; x_wconf 90' lang='lat' dir='ltr'><strong>ipsum</strong></span> <span class='ocrx_word' id='word_1_390' title='bbox 688 3356 759 3396; x_wconf 92' lang='lat' dir='ltr'><strong>vero</strong></span> <span class='ocrx_word' id='word_1_391' title='bbox 782 3346 907 3414; x_wconf 89' lang='lat' dir='ltr'><strong>propter</strong></span> <span class='ocrx_word' id='word_1_392' title='bbox 961 3344 1059 3396; x_wconf 87' lang='lat' dir='ltr'><strong>terum</strong></span> <span class='ocrx_word' id='word_1_393' title='bbox 1076 3341 1344 3410; x_wconf 76' lang='lat' dir='ltr'><strong>sumensabipsO,</strong></span> <span class='ocrx_word' id='word_1_394' title='bbox 1359 3341 1416 3396; x_wconf 92' lang='lat' dir='ltr'><strong>hoc</strong></span> <span class='ocrx_word' id='word_1_395' title='bbox 1431 3340 1571 3413; x_wconf 87' lang='lat' dir='ltr'><strong>estquod</strong></span> <span class='ocrx_word' id='word_1_396' title='bbox 1586 3344 1684 3410; x_wconf 76' lang='lat' dir='ltr'><strong>esset3</strong></span> <span class='ocrx_word' id='word_1_397' title='bbox 1710 3340 1794 3396; x_wconf 76' lang='lat' dir='ltr'><strong>alte·&#39;</strong></span> 
     </span>
     <span class='ocr_line' id='line_1_34' title="bbox 80 3425 1785 3501; baseline 0.004 -22"><span class='ocrx_word' id='word_1_398' title='bbox 80 3425 159 3496; x_wconf 89' lang='lat' dir='ltr'><strong>quod</strong></span> <span class='ocrx_word' id='word_1_399' title='bbox 174 3425 269 3481; x_wconf 91' lang='lat' dir='ltr'><strong>homo</strong></span> <span class='ocrx_word' id='word_1_400' title='bbox 281 3425 381 3480; x_wconf 88' lang='lat' dir='ltr'><strong>factus</strong></span> <span class='ocrx_word' id='word_1_401' title='bbox 396 3432 442 3481; x_wconf 88' lang='lat' dir='ltr'><strong>est</strong></span> <span class='ocrx_word' id='word_1_402' title='bbox 453 3427 540 3498; x_wconf 91' lang='lat' dir='ltr'><strong>prius</strong></span> <span class='ocrx_word' id='word_1_403' title='bbox 554 3427 677 3483; x_wconf 88' lang='lat' dir='ltr'><strong>homine</strong></span> <span class='ocrx_word' id='word_1_404' title='bbox 688 3431 752 3496; x_wconf 79' lang='lat' dir='ltr'><strong>est3</strong></span> <span class='ocrx_word' id='word_1_405' title='bbox 767 3433 796 3484; x_wconf 90' lang='lat' dir='ltr'><strong>et</strong></span> <span class='ocrx_word' id='word_1_406' title='bbox 808 3428 906 3486; x_wconf 90' lang='lat' dir='ltr'><strong>multo</strong></span> <span class='ocrx_word' id='word_1_407' title='bbox 960 3445 1029 3485; x_wconf 91' lang='lat' dir='ltr'><strong>rum</strong></span> <span class='ocrx_word' id='word_1_408' title='bbox 1044 3430 1169 3501; x_wconf 88' lang='lat' dir='ltr'><strong>inipso,</strong></span> <span class='ocrx_word' id='word_1_409' title='bbox 1187 3430 1243 3484; x_wconf 91' lang='lat' dir='ltr'><strong>hoc</strong></span> <span class='ocrx_word' id='word_1_410' title='bbox 1259 3433 1304 3484; x_wconf 84' lang='lat' dir='ltr'><strong>est</strong></span> <span class='ocrx_word' id='word_1_411' title='bbox 1321 3430 1404 3500; x_wconf 91' lang='lat' dir='ltr'><strong>quod</strong></span> <span class='ocrx_word' id='word_1_412' title='bbox 1418 3429 1506 3484; x_wconf 88' lang='lat' dir='ltr'><strong>beate</strong></span> <span class='ocrx_word' id='word_1_413' title='bbox 1521 3433 1609 3485; x_wconf 84' lang='lat' dir='ltr'><strong>esset.</strong></span> <span class='ocrx_word' id='word_1_414' title='bbox 1626 3430 1685 3485; x_wconf 87' lang='lat' dir='ltr'><strong>Sed</strong></span> <span class='ocrx_word' id='word_1_415' title='bbox 1705 3430 1785 3486; x_wconf 91' lang='lat' dir='ltr'><strong>dicet</strong></span> 
     </span>
     <span class='ocr_line' id='line_1_35' title="bbox 79 3515 1785 3590; baseline 0.005 -24"><span class='ocrx_word' id='word_1_416' title='bbox 79 3517 147 3569; x_wconf 85' lang='lat' dir='ltr'><strong>ante</strong></span> <span class='ocrx_word' id='word_1_417' title='bbox 162 3515 270 3569; x_wconf 88' lang='lat' dir='ltr'><strong>omnia</strong></span> <span class='ocrx_word' id='word_1_418' title='bbox 285 3515 398 3585; x_wconf 89' lang='lat' dir='ltr'><strong>quibus</strong></span> <span class='ocrx_word' id='word_1_419' title='bbox 410 3515 501 3570; x_wconf 92' lang='lat' dir='ltr'><strong>homo</strong></span> <span class='ocrx_word' id='word_1_420' title='bbox 517 3515 680 3571; x_wconf 86' lang='lat' dir='ltr'><strong>causaliter</strong></span> <span class='ocrx_word' id='word_1_421' title='bbox 694 3517 778 3588; x_wconf 90' lang='lat' dir='ltr'><strong>prior</strong></span> <span class='ocrx_word' id='word_1_422' title='bbox 798 3517 906 3573; x_wconf 83' lang='grc' dir='ltr'><strong>θεῖ.Ιά</strong></span> <span class='ocrx_word' id='word_1_423' title='bbox 960 3517 1093 3588; x_wconf 87' lang='lat' dir='ltr'><strong>aliquis:</strong></span> <span class='ocrx_word' id='word_1_424' title='bbox 1117 3517 1216 3582; x_wconf 87' lang='lat' dir='ltr'><strong>Quare</strong></span> <span class='ocrx_word' id='word_1_425' title='bbox 1243 3518 1326 3573; x_wconf 90' lang='lat' dir='ltr'><strong>Deus</strong></span> <span class='ocrx_word' id='word_1_426' title='bbox 1348 3521 1518 3573; x_wconf 86' lang='lat' dir='ltr'><strong>creaturam</strong></span> <span class='ocrx_word' id='word_1_427' title='bbox 1542 3517 1614 3574; x_wconf 87' lang='lat' dir='ltr'><strong>fecit</strong></span> <span class='ocrx_word' id='word_1_428' title='bbox 1637 3519 1663 3573; x_wconf 88' lang='lat' dir='ltr'><strong>si</strong></span> <span class='ocrx_word' id='word_1_429' title='bbox 1681 3518 1785 3590; x_wconf 87' lang='lat' dir='ltr'><strong>juvari</strong></span> 
     </span>
     <span class='ocr_line' id='line_1_36' title="bbox 78 3603 1785 3679; baseline 0.003 -23"><span class='ocrx_word' id='word_1_430' title='bbox 78 3608 178 3657; x_wconf 84' lang='lat' dir='ltr'><strong>autem</strong></span> <span class='ocrx_word' id='word_1_431' title='bbox 193 3607 320 3675; x_wconf 86' lang='lat' dir='ltr'><strong>propter</strong></span> <span class='ocrx_word' id='word_1_432' title='bbox 335 3603 417 3674; x_wconf 91' lang='lat' dir='ltr'><strong>quod</strong></span> <span class='ocrx_word' id='word_1_433' title='bbox 431 3604 531 3659; x_wconf 89' lang='lat' dir='ltr'><strong>factus</strong></span> <span class='ocrx_word' id='word_1_434' title='bbox 546 3608 593 3660; x_wconf 89' lang='lat' dir='ltr'><strong>est</strong></span> <span class='ocrx_word' id='word_1_435' title='bbox 613 3604 715 3673; x_wconf 83' lang='lat' dir='ltr'><strong>home,</strong></span> <span class='ocrx_word' id='word_1_436' title='bbox 731 3606 807 3677; x_wconf 91' lang='lat' dir='ltr'><strong>quid</strong></span> <span class='ocrx_word' id='word_1_437' title='bbox 821 3607 905 3662; x_wconf 83' lang='lat' dir='ltr'><strong>aliud</strong></span> <span class='ocrx_word' id='word_1_438' title='bbox 958 3608 1025 3679; x_wconf 87' lang='lat' dir='ltr'><strong>ipse</strong></span> <span class='ocrx_word' id='word_1_439' title='bbox 1037 3622 1099 3662; x_wconf 90' lang='lat' dir='ltr'><strong>non</strong></span> <span class='ocrx_word' id='word_1_440' title='bbox 1121 3607 1222 3677; x_wconf 90' lang='lat' dir='ltr'><strong>potnit</strong></span> <span class='ocrx_word' id='word_1_441' title='bbox 1244 3621 1299 3677; x_wconf 90' lang='lat' dir='ltr'><strong>per</strong></span> <span class='ocrx_word' id='word_1_442' title='bbox 1313 3605 1507 3662; x_wconf 80' lang='lat' dir='ltr'><strong>creaturam?</strong></span> <span class='ocrx_word' id='word_1_443' title='bbox 1526 3607 1580 3677; x_wconf 92' lang='lat' dir='ltr'><strong>qui</strong></span> <span class='ocrx_word' id='word_1_444' title='bbox 1602 3605 1691 3661; x_wconf 86' lang='lat' dir='ltr'><strong>alteri</strong></span> <span class='ocrx_word' id='word_1_445' title='bbox 1714 3606 1785 3662; x_wconf 88' lang='lat' dir='ltr'><strong>fecit</strong></span> 
     </span>
     <span class='ocr_line' id='line_1_37' title="bbox 78 3691 1785 3767; baseline 0.002 -22"><span class='ocrx_word' id='word_1_446' title='bbox 78 3691 133 3746; x_wconf 88' lang='lat' dir='ltr'><strong>erit</strong></span> <span class='ocrx_word' id='word_1_447' title='bbox 145 3691 209 3745; x_wconf 92' lang='lat' dir='ltr'><strong>nisi</strong></span> <span class='ocrx_word' id='word_1_448' title='bbox 225 3691 291 3763; x_wconf 85' lang='lat' dir='ltr'><strong>ipse</strong></span> <span class='ocrx_word' id='word_1_449' title='bbox 306 3706 325 3745; x_wconf 90' lang='lat' dir='ltr'><strong>a</strong></span> <span class='ocrx_word' id='word_1_450' title='bbox 339 3707 400 3762; x_wconf 93' lang='lat' dir='ltr'><strong>quo</strong></span> <span class='ocrx_word' id='word_1_451' title='bbox 415 3692 516 3747; x_wconf 87' lang='lat' dir='ltr'><strong>factus</strong></span> <span class='ocrx_word' id='word_1_452' title='bbox 530 3697 576 3747; x_wconf 89' lang='lat' dir='ltr'><strong>est</strong></span> <span class='ocrx_word' id='word_1_453' title='bbox 589 3692 701 3748; x_wconf 80' lang='lat' dir='ltr'><strong>homo?</strong></span> <span class='ocrx_word' id='word_1_454' title='bbox 714 3693 745 3748; x_wconf 88' lang='lat' dir='ltr'><strong>Si</strong></span> <span class='ocrx_word' id='word_1_455' title='bbox 756 3709 827 3764; x_wconf 90' lang='lat' dir='ltr'><strong>ergo</strong></span> <span class='ocrx_word' id='word_1_456' title='bbox 838 3711 906 3750; x_wconf 83' lang='lat' dir='ltr'><strong>cau·</strong></span> <span class='ocrx_word' id='word_1_457' title='bbox 959 3695 1041 3767; x_wconf 90' lang='lat' dir='ltr'><strong>quod</strong></span> <span class='ocrx_word' id='word_1_458' title='bbox 1054 3695 1113 3750; x_wconf 86' lang='lat' dir='ltr'><strong>sibi</strong></span> <span class='ocrx_word' id='word_1_459' title='bbox 1131 3709 1192 3747; x_wconf 92' lang='lat' dir='ltr'><strong>non</strong></span> <span class='ocrx_word' id='word_1_460' title='bbox 1206 3694 1277 3748; x_wconf 88' lang='lat' dir='ltr'><strong>fecit</strong></span> <span class='ocrx_word' id='word_1_461' title='bbox 1291 3692 1415 3765; x_wconf 89' lang='lat' dir='ltr'><strong>quando</strong></span> <span class='ocrx_word' id='word_1_462' title='bbox 1442 3693 1519 3748; x_wconf 87' lang='lat' dir='ltr'><strong>alter</strong></span> <span class='ocrx_word' id='word_1_463' title='bbox 1530 3709 1619 3748; x_wconf 91' lang='lat' dir='ltr'><strong>nemo</strong></span> <span class='ocrx_word' id='word_1_464' title='bbox 1645 3697 1710 3749; x_wconf 88' lang='lat' dir='ltr'><strong>erat</strong></span> <span class='ocrx_word' id='word_1_465' title='bbox 1724 3694 1785 3749; x_wconf 87' lang='lat' dir='ltr'><strong>nisi</strong></span> 
     </span>
     <span class='ocr_line' id='line_1_38' title="bbox 78 3778 1784 3856; baseline 0.002 -23"><span class='ocrx_word' id='word_1_466' title='bbox 78 3794 108 3834; x_wconf 85' lang='lat' dir='ltr'><strong>sa</strong></span> <span class='ocrx_word' id='word_1_467' title='bbox 122 3778 235 3834; x_wconf 89' lang='lat' dir='ltr'><strong>mundi</strong></span> <span class='ocrx_word' id='word_1_468' title='bbox 250 3778 342 3833; x_wconf 89' lang='lat' dir='ltr'><strong>homo</strong></span> <span class='ocrx_word' id='word_1_469' title='bbox 356 3781 492 3851; x_wconf 87' lang='lat' dir='ltr'><strong>est,quia</strong></span> <span class='ocrx_word' id='word_1_470' title='bbox 504 3784 626 3852; x_wconf 90' lang='lat' dir='ltr'><strong>propter</strong></span> <span class='ocrx_word' id='word_1_471' title='bbox 636 3781 791 3836; x_wconf 92' lang='lat' dir='ltr'><strong>hominem</strong></span> <span class='ocrx_word' id='word_1_472' title='bbox 804 3783 904 3839; x_wconf 88' lang='lat' dir='ltr'><strong>factus</strong></span> <span class='ocrx_word' id='word_1_473' title='bbox 958 3784 1023 3856; x_wconf 92' lang='lat' dir='ltr'><strong>ipse</strong></span> <span class='ocrx_word' id='word_1_474' title='bbox 1039 3783 1093 3854; x_wconf 91' lang='lat' dir='ltr'><strong>qui</strong></span> <span class='ocrx_word' id='word_1_475' title='bbox 1107 3782 1190 3836; x_wconf 89' lang='lat' dir='ltr'><strong>fecit.</strong></span> <span class='ocrx_word' id='word_1_476' title='bbox 1209 3780 1303 3845; x_wconf 85' lang='lat' dir='ltr'><strong>Quasi</strong></span> <span class='ocrx_word' id='word_1_477' title='bbox 1317 3781 1398 3836; x_wconf 90' lang='lat' dir='ltr'><strong>enim</strong></span> <span class='ocrx_word' id='word_1_478' title='bbox 1411 3779 1573 3853; x_wconf 89' lang='lat' dir='ltr'><strong>pronihilo</strong></span> <span class='ocrx_word' id='word_1_479' title='bbox 1587 3781 1703 3836; x_wconf 89' lang='lat' dir='ltr'><strong>factum</strong></span> <span class='ocrx_word' id='word_1_480' title='bbox 1718 3796 1784 3837; x_wconf 90' lang='lat' dir='ltr'><strong>esse</strong></span> 
     </span>
     <span class='ocr_line' id='line_1_39' title="bbox 77 3868 1782 3943; baseline 0.002 -20"><span class='ocrx_word' id='word_1_481' title='bbox 77 3872 118 3923; x_wconf 84' lang='lat' dir='ltr'><strong>est</strong></span> <span class='ocrx_word' id='word_1_482' title='bbox 130 3868 270 3923; x_wconf 88' lang='lat' dir='ltr'><strong>mundus</strong></span> <span class='ocrx_word' id='word_1_483' title='bbox 282 3872 312 3924; x_wconf 88' lang='lat' dir='ltr'><strong>et</strong></span> <span class='ocrx_word' id='word_1_484' title='bbox 324 3884 417 3923; x_wconf 86' lang='lat' dir='ltr'><strong>causa</strong></span> <span class='ocrx_word' id='word_1_485' title='bbox 427 3870 560 3926; x_wconf 92' lang='lat' dir='ltr'><strong>hominis</strong></span> <span class='ocrx_word' id='word_1_486' title='bbox 572 3870 720 3939; x_wconf 85' lang='lat' dir='ltr'><strong>Deusest,</strong></span> <span class='ocrx_word' id='word_1_487' title='bbox 731 3871 805 3943; x_wconf 90' lang='lat' dir='ltr'><strong>quia</strong></span> <span class='ocrx_word' id='word_1_488' title='bbox 817 3887 905 3943; x_wconf 88' lang='lat' dir='ltr'><strong>prop·</strong></span> <span class='ocrx_word' id='word_1_489' title='bbox 957 3871 1078 3927; x_wconf 89' lang='lat' dir='ltr'><strong>videtur</strong></span> <span class='ocrx_word' id='word_1_490' title='bbox 1092 3873 1122 3926; x_wconf 90' lang='lat' dir='ltr'><strong>ct</strong></span> <span class='ocrx_word' id='word_1_491' title='bbox 1136 3885 1260 3925; x_wconf 87' lang='lat' dir='ltr'><strong>causam</strong></span> <span class='ocrx_word' id='word_1_492' title='bbox 1275 3885 1338 3925; x_wconf 91' lang='lat' dir='ltr'><strong>non</strong></span> <span class='ocrx_word' id='word_1_493' title='bbox 1357 3870 1514 3939; x_wconf 90' lang='lat' dir='ltr'><strong>habuisse,</strong></span> <span class='ocrx_word' id='word_1_494' title='bbox 1541 3873 1576 3925; x_wconf 90' lang='lat' dir='ltr'><strong>ut</strong></span> <span class='ocrx_word' id='word_1_495' title='bbox 1590 3871 1675 3926; x_wconf 90' lang='lat' dir='ltr'><strong>fieret</strong></span> <span class='ocrx_word' id='word_1_496' title='bbox 1698 3870 1782 3943; x_wconf 87' lang='lat' dir='ltr'><strong>quod</strong></span> 
     </span>
     <span class='ocr_line' id='line_1_40' title="bbox 78 3959 1781 4033; baseline 0.001 -19"><span class='ocrx_word' id='word_1_497' title='bbox 78 3962 118 4014; x_wconf 84' lang='lat' dir='ltr'><strong>ter</strong></span> <span class='ocrx_word' id='word_1_498' title='bbox 131 3959 238 4014; x_wconf 85' lang='lat' dir='ltr'><strong>Deum</strong></span> <span class='ocrx_word' id='word_1_499' title='bbox 253 3959 353 4014; x_wconf 86' lang='lat' dir='ltr'><strong>factus</strong></span> <span class='ocrx_word' id='word_1_500' title='bbox 368 3962 414 4014; x_wconf 89' lang='lat' dir='ltr'><strong>est</strong></span> <span class='ocrx_word' id='word_1_501' title='bbox 442 3959 533 4015; x_wconf 92' lang='lat' dir='ltr'><strong>homo</strong></span> <span class='ocrx_word' id='word_1_502' title='bbox 547 3976 554 4027; x_wconf 88' lang='lat'>;</span> <span class='ocrx_word' id='word_1_503' title='bbox 580 3975 650 4030; x_wconf 88' lang='lat' dir='ltr'><strong>ergo</strong></span> <span class='ocrx_word' id='word_1_504' title='bbox 670 3960 753 4015; x_wconf 91' lang='lat' dir='ltr'><strong>Dens</strong></span> <span class='ocrx_word' id='word_1_505' title='bbox 782 3964 848 4015; x_wconf 89' lang='lat' dir='ltr'><strong>erat</strong></span> <span class='ocrx_word' id='word_1_506' title='bbox 873 3965 902 4018; x_wconf 91' lang='lat' dir='ltr'><strong>et</strong></span> <span class='ocrx_word' id='word_1_507' title='bbox 916 3971 944 4025; x_wconf 82' lang='grc' dir='ltr'><strong>Ι)</strong></span> <span class='ocrx_word' id='word_1_508' title='bbox 957 3961 1001 4016; x_wconf 87' lang='lat' dir='ltr'><strong>ita</strong></span> <span class='ocrx_word' id='word_1_509' title='bbox 1012 3961 1127 4016; x_wconf 86' lang='lat' dir='ltr'><strong>factum</strong></span> <span class='ocrx_word' id='word_1_510' title='bbox 1140 3964 1201 4015; x_wconf 89' lang='lat' dir='ltr'><strong>est:</strong></span> <span class='ocrx_word' id='word_1_511' title='bbox 1216 3963 1252 4016; x_wconf 91' lang='lat' dir='ltr'><strong>ut</strong></span> <span class='ocrx_word' id='word_1_512' title='bbox 1265 3959 1336 4015; x_wconf 89' lang='lat' dir='ltr'><strong>inde</strong></span> <span class='ocrx_word' id='word_1_513' title='bbox 1346 3976 1400 4016; x_wconf 91' lang='lat' dir='ltr'><strong>nec</strong></span> <span class='ocrx_word' id='word_1_514' title='bbox 1407 3961 1569 4031; x_wconf 89' lang='lat' dir='ltr'><strong>juvaretur</strong></span> <span class='ocrx_word' id='word_1_515' title='bbox 1582 3960 1632 4015; x_wconf 90' lang='lat' dir='ltr'><strong>ille</strong></span> <span class='ocrx_word' id='word_1_516' title='bbox 1645 3960 1699 4033; x_wconf 90' lang='lat' dir='ltr'><strong>qui</strong></span> <span class='ocrx_word' id='word_1_517' title='bbox 1709 3960 1781 4016; x_wconf 87' lang='lat' dir='ltr'><strong>fecit</strong></span> 
     </span>
     <span class='ocr_line' id='line_1_41' title="bbox 76 4046 1779 4122; baseline 0.002 -20"><span class='ocrx_word' id='word_1_518' title='bbox 76 4046 209 4102; x_wconf 88' lang='lat' dir='ltr'><strong>mundus</strong></span> <span class='ocrx_word' id='word_1_519' title='bbox 222 4061 287 4101; x_wconf 92' lang='lat' dir='ltr'><strong>non</strong></span> <span class='ocrx_word' id='word_1_520' title='bbox 301 4051 376 4115; x_wconf 82' lang='lat' dir='ltr'><strong>erat,</strong></span> <span class='ocrx_word' id='word_1_521' title='bbox 389 4063 488 4119; x_wconf 91' lang='lat' dir='ltr'><strong>neque</strong></span> <span class='ocrx_word' id='word_1_522' title='bbox 503 4048 668 4103; x_wconf 89' lang='lat' dir='ltr'><strong>homoerat</strong></span> <span class='ocrx_word' id='word_1_523' title='bbox 677 4064 685 4117; x_wconf 75' lang='lat'><em>3</em></span> <span class='ocrx_word' id='word_1_524' title='bbox 701 4052 731 4103; x_wconf 93' lang='lat' dir='ltr'><strong>et</strong></span> <span class='ocrx_word' id='word_1_525' title='bbox 745 4049 845 4105; x_wconf 88' lang='lat' dir='ltr'><strong>factus</strong></span> <span class='ocrx_word' id='word_1_526' title='bbox 859 4053 905 4105; x_wconf 91' lang='lat' dir='ltr'><strong>est</strong></span> <span class='ocrx_word' id='word_1_527' title='bbox 959 4051 1032 4121; x_wconf 90' lang='lat' dir='ltr'><strong>quia</strong></span> <span class='ocrx_word' id='word_1_528' title='bbox 1047 4050 1197 4122; x_wconf 89' lang='lat' dir='ltr'><strong>perfectus</strong></span> <span class='ocrx_word' id='word_1_529' title='bbox 1213 4065 1274 4104; x_wconf 91' lang='lat' dir='ltr'><strong>non</strong></span> <span class='ocrx_word' id='word_1_530' title='bbox 1290 4051 1393 4120; x_wconf 79' lang='lat' dir='ltr'><strong>eguit3</strong></span> <span class='ocrx_word' id='word_1_531' title='bbox 1410 4065 1464 4106; x_wconf 89' lang='lat' dir='ltr'><strong>nec</strong></span> <span class='ocrx_word' id='word_1_532' title='bbox 1484 4049 1561 4105; x_wconf 84' lang='lat' dir='ltr'><strong>alter</strong></span> <span class='ocrx_word' id='word_1_533' title='bbox 1571 4050 1642 4105; x_wconf 92' lang='lat' dir='ltr'><strong>inde</strong></span> <span class='ocrx_word' id='word_1_534' title='bbox 1658 4050 1779 4121; x_wconf 85' lang='lat' dir='ltr'><strong>juvare·</strong></span> 
     </span>
     <span class='ocr_line' id='line_1_42' title="bbox 78 4134 1784 4211; baseline 0.003 -22"><span class='ocrx_word' id='word_1_535' title='bbox 78 4134 401 4207; x_wconf 90' lang='lat' dir='ltr'><strong>propterDeumhomo</strong></span> <span class='ocrx_word' id='word_1_536' title='bbox 416 4136 470 4207; x_wconf 89' lang='lat' dir='ltr'><strong>qui</strong></span> <span class='ocrx_word' id='word_1_537' title='bbox 485 4140 655 4191; x_wconf 87' lang='lat' dir='ltr'><strong>ueneratet</strong></span> <span class='ocrx_word' id='word_1_538' title='bbox 668 4137 802 4192; x_wconf 90' lang='lat' dir='ltr'><strong>mundus</strong></span> <span class='ocrx_word' id='word_1_539' title='bbox 815 4154 903 4210; x_wconf 89' lang='lat' dir='ltr'><strong>prop·</strong></span> <span class='ocrx_word' id='word_1_540' title='bbox 959 4140 1019 4208; x_wconf 90' lang='lat' dir='ltr'><strong>tur,</strong></span> <span class='ocrx_word' id='word_1_541' title='bbox 1036 4139 1110 4209; x_wconf 89' lang='lat' dir='ltr'><strong>quia</strong></span> <span class='ocrx_word' id='word_1_542' title='bbox 1121 4143 1231 4209; x_wconf 74' lang='lat' dir='ltr'><strong>praeter</strong></span> <span class='ocrx_word' id='word_1_543' title='bbox 1252 4140 1355 4211; x_wconf 89' lang='lat' dir='ltr'><strong>ipsum</strong></span> <span class='ocrx_word' id='word_1_544' title='bbox 1379 4140 1433 4210; x_wconf 89' lang='lat' dir='ltr'><strong>qui</strong></span> <span class='ocrx_word' id='word_1_545' title='bbox 1457 4140 1561 4211; x_wconf 89' lang='lat' dir='ltr'><strong>juvari</strong></span> <span class='ocrx_word' id='word_1_546' title='bbox 1582 4142 1685 4211; x_wconf 87' lang='lat' dir='ltr'><strong>posset</strong></span> <span class='ocrx_word' id='word_1_547' title='bbox 1705 4139 1784 4194; x_wconf 86' lang='lat' dir='ltr'><strong>alter</strong></span> 
     </span>
     <span class='ocr_line' id='line_1_43' title="bbox 78 4224 1780 4298; baseline 0.002 -20"><span class='ocrx_word' id='word_1_548' title='bbox 78 4227 117 4278; x_wconf 88' lang='lat' dir='ltr'><strong>ter</strong></span> <span class='ocrx_word' id='word_1_549' title='bbox 129 4224 291 4280; x_wconf 87' lang='lat' dir='ltr'><strong>hominem</strong></span> <span class='ocrx_word' id='word_1_550' title='bbox 303 4225 614 4296; x_wconf 80' lang='lat' dir='ltr'><strong>quineedumerat3et</strong></span> <span class='ocrx_word' id='word_1_551' title='bbox 625 4227 714 4296; x_wconf 85' lang='lat' dir='ltr'><strong>quasi</strong></span> <span class='ocrx_word' id='word_1_552' title='bbox 725 4224 904 4281; x_wconf 87' lang='lat' dir='ltr'><strong>eademcau·</strong></span> <span class='ocrx_word' id='word_1_553' title='bbox 959 4243 1020 4283; x_wconf 92' lang='lat' dir='ltr'><strong>non</strong></span> <span class='ocrx_word' id='word_1_554' title='bbox 1035 4229 1104 4282; x_wconf 86' lang='lat' dir='ltr'><strong>fuit.</strong></span> <span class='ocrx_word' id='word_1_555' title='bbox 1120 4229 1160 4283; x_wconf 74' lang='lat' dir='ltr'><strong>lli</strong></span> <span class='ocrx_word' id='word_1_556' title='bbox 1173 4228 1230 4283; x_wconf 91' lang='lat' dir='ltr'><strong>hoc</strong></span> <span class='ocrx_word' id='word_1_557' title='bbox 1246 4228 1387 4284; x_wconf 80' lang='lat' dir='ltr'><strong>fortassis</strong></span> <span class='ocrx_word' id='word_1_558' title='bbox 1403 4227 1582 4298; x_wconf 87' lang='lat' dir='ltr'><strong>diligentius</strong></span> <span class='ocrx_word' id='word_1_559' title='bbox 1609 4227 1780 4282; x_wconf 89' lang='lat' dir='ltr'><strong>considera·</strong></span> 
     </span>
     <span class='ocr_line' id='line_1_44' title="bbox 78 4312 1781 4389; baseline 0.003 -23"><span class='ocrx_word' id='word_1_560' title='bbox 78 4312 638 4384; x_wconf 70' lang='lat' dir='ltr'><strong>audebatmquodlactusesthemo</strong></span> <span class='ocrx_word' id='word_1_561' title='bbox 653 4317 776 4385; x_wconf 90' lang='lat' dir='ltr'><strong>propter</strong></span> <span class='ocrx_word' id='word_1_562' title='bbox 804 4314 904 4369; x_wconf 87' lang='lat' dir='ltr'><strong>Deum</strong></span> <span class='ocrx_word' id='word_1_563' title='bbox 959 4322 1025 4373; x_wconf 90' lang='lat' dir='ltr'><strong>tum</strong></span> <span class='ocrx_word' id='word_1_564' title='bbox 1039 4317 1172 4388; x_wconf 88' lang='lat' dir='ltr'><strong>aliquem</strong></span> <span class='ocrx_word' id='word_1_565' title='bbox 1193 4332 1313 4373; x_wconf 90' lang='lat' dir='ltr'><strong>movere</strong></span> <span class='ocrx_word' id='word_1_566' title='bbox 1327 4317 1444 4389; x_wconf 85' lang='lat' dir='ltr'><strong>possit:</strong></span> <span class='ocrx_word' id='word_1_567' title='bbox 1475 4318 1635 4387; x_wconf 89' lang='lat' dir='ltr'><strong>propterea</strong></span> <span class='ocrx_word' id='word_1_568' title='bbox 1658 4331 1781 4371; x_wconf 89' lang='lat' dir='ltr'><strong>causam</strong></span> 
     </span>
     <span class='ocr_line' id='line_1_45' title="bbox 79 4399 1788 4478; baseline 0.005 -25"><span class='ocrx_word' id='word_1_569' title='bbox 79 4399 328 4473; x_wconf 84' lang='lat' dir='ltr'><strong>etquodpropter</strong></span> <span class='ocrx_word' id='word_1_570' title='bbox 338 4402 635 4457; x_wconf 88' lang='lat' dir='ltr'><strong>hominemmundus</strong></span> <span class='ocrx_word' id='word_1_571' title='bbox 650 4402 750 4458; x_wconf 87' lang='lat' dir='ltr'><strong>factus</strong></span> <span class='ocrx_word' id='word_1_572' title='bbox 765 4402 904 4459; x_wconf 81' lang='lat' dir='ltr'><strong>estNam</strong></span> <span class='ocrx_word' id='word_1_573' title='bbox 959 4406 1144 4463; x_wconf 88' lang='lat' dir='ltr'><strong>conditionis</strong></span> <span class='ocrx_word' id='word_1_574' title='bbox 1155 4406 1353 4462; x_wconf 90' lang='lat' dir='ltr'><strong>rationalium</strong></span> <span class='ocrx_word' id='word_1_575' title='bbox 1368 4421 1462 4478; x_wconf 90' lang='lat' dir='ltr'><strong>quam</strong></span> <span class='ocrx_word' id='word_1_576' title='bbox 1477 4406 1510 4461; x_wconf 90' lang='lat' dir='ltr'><strong>in</strong></span> <span class='ocrx_word' id='word_1_577' title='bbox 1526 4405 1590 4461; x_wconf 90' lang='lat' dir='ltr'><strong>solo</strong></span> <span class='ocrx_word' id='word_1_578' title='bbox 1601 4420 1702 4461; x_wconf 90' lang='lat' dir='ltr'><strong>rerum</strong></span> <span class='ocrx_word' id='word_1_579' title='bbox 1717 4421 1788 4461; x_wconf 90' lang='lat' dir='ltr'><strong>auc·</strong></span> 
     </span>
     <span class='ocr_line' id='line_1_46' title="bbox 78 4488 1784 4567; baseline 0.005 -24"><span class='ocrx_word' id='word_1_580' title='bbox 78 4488 316 4545; x_wconf 84' lang='lat' dir='ltr'><strong>ethomefactus</strong></span> <span class='ocrx_word' id='word_1_581' title='bbox 330 4493 376 4545; x_wconf 89' lang='lat' dir='ltr'><strong>est</strong></span> <span class='ocrx_word' id='word_1_582' title='bbox 390 4494 425 4546; x_wconf 91' lang='lat' dir='ltr'><strong>ut</strong></span> <span class='ocrx_word' id='word_1_583' title='bbox 443 4491 506 4546; x_wconf 92' lang='lat' dir='ltr'><strong>Deo</strong></span> <span class='ocrx_word' id='word_1_584' title='bbox 519 4493 646 4547; x_wconf 85' lang='lat' dir='ltr'><strong>serviret</strong></span> <span class='ocrx_word' id='word_1_585' title='bbox 672 4492 791 4547; x_wconf 89' lang='lat' dir='ltr'><strong>homini</strong></span> <span class='ocrx_word' id='word_1_586' title='bbox 819 4509 906 4564; x_wconf 84' lang='lat' dir='ltr'><strong>prop</strong></span> <span class='ocrx_word' id='word_1_587' title='bbox 958 4499 1023 4551; x_wconf 91' lang='lat' dir='ltr'><strong>tore</strong></span> <span class='ocrx_word' id='word_1_588' title='bbox 1035 4495 1262 4564; x_wconf 89' lang='lat' dir='ltr'><strong>constituimus,</strong></span> <span class='ocrx_word' id='word_1_589' title='bbox 1279 4511 1340 4551; x_wconf 91' lang='lat' dir='ltr'><strong>non</strong></span> <span class='ocrx_word' id='word_1_590' title='bbox 1357 4493 1455 4550; x_wconf 88' lang='lat' dir='ltr'><strong>solum</strong></span> <span class='ocrx_word' id='word_1_591' title='bbox 1475 4510 1530 4567; x_wconf 91' lang='lat' dir='ltr'><strong>pro</strong></span> <span class='ocrx_word' id='word_1_592' title='bbox 1545 4494 1722 4549; x_wconf 85' lang='lat' dir='ltr'><strong>hominibus</strong></span> <span class='ocrx_word' id='word_1_593' title='bbox 1747 4493 1784 4551; x_wconf 90' lang='lat' dir='ltr'><strong>de</strong></span> 
     </span>
     <span class='ocr_line' id='line_1_47' title="bbox 79 4577 1868 4658; baseline 0.005 -28"><span class='ocrx_word' id='word_1_594' title='bbox 79 4578 119 4631; x_wconf 86' lang='lat' dir='ltr'><strong>ter</strong></span> <span class='ocrx_word' id='word_1_595' title='bbox 132 4593 226 4649; x_wconf 91' lang='lat' dir='ltr'><strong>quem</strong></span> <span class='ocrx_word' id='word_1_596' title='bbox 239 4577 341 4634; x_wconf 85' lang='lat' dir='ltr'><strong>factus</strong></span> <span class='ocrx_word' id='word_1_597' title='bbox 355 4582 402 4634; x_wconf 91' lang='lat' dir='ltr'><strong>est</strong></span> <span class='ocrx_word' id='word_1_598' title='bbox 411 4595 419 4647; x_wconf 78' lang='lat'>3</span> <span class='ocrx_word' id='word_1_599' title='bbox 436 4583 465 4634; x_wconf 89' lang='lat' dir='ltr'><strong>et</strong></span> <span class='ocrx_word' id='word_1_600' title='bbox 479 4579 722 4635; x_wconf 85' lang='lat' dir='ltr'><strong>mundusfactus</strong></span> <span class='ocrx_word' id='word_1_601' title='bbox 733 4584 779 4636; x_wconf 87' lang='grc' dir='ltr'><strong>θεῖ</strong></span> <span class='ocrx_word' id='word_1_602' title='bbox 793 4583 828 4635; x_wconf 90' lang='lat' dir='ltr'><strong>ut</strong></span> <span class='ocrx_word' id='word_1_603' title='bbox 843 4597 902 4636; x_wconf 92' lang='lat' dir='ltr'><strong>ser·</strong></span> <span class='ocrx_word' id='word_1_604' title='bbox 958 4585 1071 4658; x_wconf 89' lang='lat' dir='ltr'><strong>quibus</strong></span> <span class='ocrx_word' id='word_1_605' title='bbox 1086 4599 1185 4639; x_wconf 89' lang='lat' dir='ltr'><strong>sermo</strong></span> <span class='ocrx_word' id='word_1_606' title='bbox 1198 4584 1374 4656; x_wconf 87' lang='lat' dir='ltr'><strong>propositus</strong></span> <span class='ocrx_word' id='word_1_607' title='bbox 1394 4585 1469 4653; x_wconf 89' lang='lat' dir='ltr'><strong>erat,</strong></span> <span class='ocrx_word' id='word_1_608' title='bbox 1487 4598 1595 4639; x_wconf 90' lang='lat' dir='ltr'><strong>verum</strong></span> <span class='ocrx_word' id='word_1_609' title='bbox 1616 4586 1711 4639; x_wconf 88' lang='lat' dir='ltr'><strong>ettam</strong></span> <span class='ocrx_word' id='word_1_610' title='bbox 1727 4598 1782 4655; x_wconf 89' lang='lat' dir='ltr'><strong>pro</strong></span> <span class='ocrx_word' id='word_1_611' title='bbox 1866 4601 1868 4608; x_wconf 54' lang='lat'><strong>¹</strong></span> 
     </span>
     <span class='ocr_line' id='line_1_48' title="bbox 79 4665 1781 4744; baseline 0.005 -25"><span class='ocrx_word' id='word_1_612' title='bbox 79 4665 151 4720; x_wconf 76' lang='lat' dir='ltr'><strong>viret</strong></span> <span class='ocrx_word' id='word_1_613' title='bbox 165 4666 287 4722; x_wconf 90' lang='lat' dir='ltr'><strong>homini</strong></span> <span class='ocrx_word' id='word_1_614' title='bbox 311 4671 436 4739; x_wconf 86' lang='lat' dir='ltr'><strong>propter</strong></span> <span class='ocrx_word' id='word_1_615' title='bbox 455 4683 547 4740; x_wconf 90' lang='lat' dir='ltr'><strong>quem</strong></span> <span class='ocrx_word' id='word_1_616' title='bbox 561 4669 662 4724; x_wconf 84' lang='lat' dir='ltr'><strong>factus</strong></span> <span class='ocrx_word' id='word_1_617' title='bbox 677 4672 732 4725; x_wconf 88' lang='lat' dir='ltr'><strong>est.</strong></span> <span class='ocrx_word' id='word_1_618' title='bbox 749 4670 788 4724; x_wconf 84' lang='lat' dir='ltr'><strong>Et</strong></span> <span class='ocrx_word' id='word_1_619' title='bbox 813 4670 904 4741; x_wconf 88' lang='lat' dir='ltr'><strong>quasi</strong></span> <span class='ocrx_word' id='word_1_620' title='bbox 958 4674 1074 4744; x_wconf 89' lang='lat' dir='ltr'><strong>angelis</strong></span> <span class='ocrx_word' id='word_1_621' title='bbox 1085 4689 1094 4742; x_wconf 78' lang='lat'>3</span> <span class='ocrx_word' id='word_1_622' title='bbox 1107 4672 1254 4744; x_wconf 89' lang='lat' dir='ltr'><strong>quoniam</strong></span> <span class='ocrx_word' id='word_1_623' title='bbox 1277 4676 1307 4728; x_wconf 92' lang='lat' dir='ltr'><strong>et</strong></span> <span class='ocrx_word' id='word_1_624' title='bbox 1322 4673 1383 4743; x_wconf 88' lang='lat' dir='ltr'><strong>ipsi</strong></span> <span class='ocrx_word' id='word_1_625' title='bbox 1408 4673 1487 4727; x_wconf 89' lang='lat' dir='ltr'><strong>sicut</strong></span> <span class='ocrx_word' id='word_1_626' title='bbox 1506 4671 1642 4743; x_wconf 90' lang='lat' dir='ltr'><strong>ejusdem</strong></span> <span class='ocrx_word' id='word_1_627' title='bbox 1662 4675 1781 4727; x_wconf 81' lang='lat' dir='ltr'><strong>naturae</strong></span> 
     </span>
     <span class='ocr_line' id='line_1_49' title="bbox 78 4752 1784 4836; baseline 0.005 -28"><span class='ocrx_word' id='word_1_628' title='bbox 78 4752 153 4809; x_wconf 89' lang='lat' dir='ltr'><strong>idem</strong></span> <span class='ocrx_word' id='word_1_629' title='bbox 168 4759 235 4810; x_wconf 88' lang='lat' dir='ltr'><strong>erat</strong></span> <span class='ocrx_word' id='word_1_630' title='bbox 249 4758 280 4810; x_wconf 88' lang='lat' dir='ltr'><strong>et</strong></span> <span class='ocrx_word' id='word_1_631' title='bbox 293 4754 374 4810; x_wconf 91' lang='lat' dir='ltr'><strong>idem</strong></span> <span class='ocrx_word' id='word_1_632' title='bbox 389 4772 451 4812; x_wconf 89' lang='lat' dir='ltr'><strong>non</strong></span> <span class='ocrx_word' id='word_1_633' title='bbox 467 4760 531 4812; x_wconf 85' lang='lat' dir='ltr'><strong>erat</strong></span> <span class='ocrx_word' id='word_1_634' title='bbox 549 4774 555 4824; x_wconf 88' lang='lat'>;</span> <span class='ocrx_word' id='word_1_635' title='bbox 583 4758 657 4828; x_wconf 89' lang='lat' dir='ltr'><strong>quia</strong></span> <span class='ocrx_word' id='word_1_636' title='bbox 669 4758 750 4813; x_wconf 89' lang='lat' dir='ltr'><strong>idem</strong></span> <span class='ocrx_word' id='word_1_637' title='bbox 763 4773 825 4812; x_wconf 91' lang='lat' dir='ltr'><strong>non</strong></span> <span class='ocrx_word' id='word_1_638' title='bbox 840 4762 905 4813; x_wconf 85' lang='lat' dir='ltr'><strong>erat</strong></span> <span class='ocrx_word' id='word_1_639' title='bbox 957 4763 1121 4836; x_wconf 86' lang='lat' dir='ltr'><strong>participes</strong></span> <span class='ocrx_word' id='word_1_640' title='bbox 1136 4765 1218 4830; x_wconf 80' lang='lat' dir='ltr'><strong>sunt,</strong></span> <span class='ocrx_word' id='word_1_641' title='bbox 1234 4762 1278 4815; x_wconf 88' lang='lat' dir='ltr'><strong>ita</strong></span> <span class='ocrx_word' id='word_1_642' title='bbox 1302 4776 1424 4831; x_wconf 92' lang='lat' dir='ltr'><strong>quoque</strong></span> <span class='ocrx_word' id='word_1_643' title='bbox 1438 4760 1477 4814; x_wconf 88' lang='lat' dir='ltr'><strong>ab</strong></span> <span class='ocrx_word' id='word_1_644' title='bbox 1493 4759 1597 4815; x_wconf 89' lang='lat' dir='ltr'><strong>eodem</strong></span> <span class='ocrx_word' id='word_1_645' title='bbox 1618 4761 1703 4816; x_wconf 89' lang='lat' dir='ltr'><strong>fonte</strong></span> <span class='ocrx_word' id='word_1_646' title='bbox 1727 4761 1784 4817; x_wconf 90' lang='lat' dir='ltr'><strong>eri·</strong></span> 
     </span>
     <span class='ocr_line' id='line_1_50' title="bbox 78 4845 1781 4922; baseline 0.005 -25"><span class='ocrx_word' id='word_1_647' title='bbox 78 4846 199 4915; x_wconf 85' lang='lat' dir='ltr'><strong>propter</strong></span> <span class='ocrx_word' id='word_1_648' title='bbox 213 4858 293 4915; x_wconf 89' lang='lat' dir='ltr'><strong>quos</strong></span> <span class='ocrx_word' id='word_1_649' title='bbox 309 4848 382 4899; x_wconf 88' lang='lat' dir='ltr'><strong>erat.</strong></span> <span class='ocrx_word' id='word_1_650' title='bbox 400 4845 483 4900; x_wconf 86' lang='lat' dir='ltr'><strong>Deus</strong></span> <span class='ocrx_word' id='word_1_651' title='bbox 500 4845 652 4918; x_wconf 89' lang='lat' dir='ltr'><strong>perfectus</strong></span> <span class='ocrx_word' id='word_1_652' title='bbox 673 4850 738 4901; x_wconf 86' lang='lat' dir='ltr'><strong>erat</strong></span> <span class='ocrx_word' id='word_1_653' title='bbox 752 4849 782 4902; x_wconf 86' lang='lat' dir='ltr'><strong>et</strong></span> <span class='ocrx_word' id='word_1_654' title='bbox 795 4846 904 4918; x_wconf 88' lang='lat' dir='ltr'><strong>plenus</strong></span> <span class='ocrx_word' id='word_1_655' title='bbox 957 4852 1038 4922; x_wconf 85' lang='lat' dir='ltr'><strong>ginis</strong></span> <span class='ocrx_word' id='word_1_656' title='bbox 1052 4865 1176 4906; x_wconf 85' lang='lat' dir='ltr'><strong>causam</strong></span> <span class='ocrx_word' id='word_1_657' title='bbox 1186 4849 1333 4904; x_wconf 86' lang='lat' dir='ltr'><strong>trahunt:</strong></span> <span class='ocrx_word' id='word_1_658' title='bbox 1350 4848 1483 4918; x_wconf 87' lang='lat' dir='ltr'><strong>generali</strong></span> <span class='ocrx_word' id='word_1_659' title='bbox 1499 4848 1631 4921; x_wconf 86' lang='lat' dir='ltr'><strong>quadam</strong></span> <span class='ocrx_word' id='word_1_660' title='bbox 1645 4849 1781 4906; x_wconf 89' lang='lat' dir='ltr'><strong>conside·</strong></span> 
     </span>
     <span class='ocr_line' id='line_1_51' title="bbox 78 4928 1783 5010; baseline 0.004 -24"><span class='ocrx_word' id='word_1_661' title='bbox 78 4928 399 5001; x_wconf 86' lang='lat' dir='ltr'><strong>honooonsummato;</strong></span> <span class='ocrx_word' id='word_1_662' title='bbox 424 4949 524 5004; x_wconf 92' lang='lat' dir='ltr'><strong>neque</strong></span> <span class='ocrx_word' id='word_1_663' title='bbox 546 4949 623 5006; x_wconf 91' lang='lat' dir='ltr'><strong>opus</strong></span> <span class='ocrx_word' id='word_1_664' title='bbox 646 4933 756 4989; x_wconf 87' lang='lat' dir='ltr'><strong>habuit</strong></span> <span class='ocrx_word' id='word_1_665' title='bbox 780 4933 904 4990; x_wconf 88' lang='lat' dir='ltr'><strong>aliunde</strong></span> <span class='ocrx_word' id='word_1_666' title='bbox 957 4941 1075 4996; x_wconf 90' lang='lat' dir='ltr'><strong>ratione</strong></span> <span class='ocrx_word' id='word_1_667' title='bbox 1099 4937 1283 5008; x_wconf 85' lang='lat' dir='ltr'><strong>investigare</strong></span> <span class='ocrx_word' id='word_1_668' title='bbox 1309 4940 1446 5008; x_wconf 79' lang='lat' dir='ltr'><strong>oportet3</strong></span> <span class='ocrx_word' id='word_1_669' title='bbox 1475 4938 1623 5009; x_wconf 90' lang='lat' dir='ltr'><strong>quoniam</strong></span> <span class='ocrx_word' id='word_1_670' title='bbox 1656 4939 1690 4994; x_wconf 92' lang='lat' dir='ltr'><strong>in</strong></span> <span class='ocrx_word' id='word_1_671' title='bbox 1715 4939 1783 5010; x_wconf 90' lang='lat' dir='ltr'><strong>ipsa</strong></span> 
     </span>
     <span class='ocr_line' id='line_1_52' title="bbox 76 5018 1777 5101; baseline 0.005 -27"><span class='ocrx_word' id='word_1_672' title='bbox 76 5018 186 5090; x_wconf 88' lang='lat' dir='ltr'><strong>juvari,</strong></span> <span class='ocrx_word' id='word_1_673' title='bbox 199 5021 348 5092; x_wconf 87' lang='lat' dir='ltr'><strong>quoniam</strong></span> <span class='ocrx_word' id='word_1_674' title='bbox 367 5037 423 5078; x_wconf 92' lang='lat' dir='ltr'><strong>nec</strong></span> <span class='ocrx_word' id='word_1_675' title='bbox 448 5023 548 5078; x_wconf 91' lang='lat' dir='ltr'><strong>minui</strong></span> <span class='ocrx_word' id='word_1_676' title='bbox 562 5024 664 5094; x_wconf 84' lang='lat' dir='ltr'><strong>potuit</strong></span> <span class='ocrx_word' id='word_1_677' title='bbox 689 5026 832 5092; x_wconf 86' lang='lat' dir='ltr'><strong>aeternus,</strong></span> <span class='ocrx_word' id='word_1_678' title='bbox 849 5038 904 5080; x_wconf 86' lang='lat' dir='ltr'><strong>nee</strong></span> <span class='ocrx_word' id='word_1_679' title='bbox 957 5028 1143 5101; x_wconf 90' lang='lat' dir='ltr'><strong>principium</strong></span> <span class='ocrx_word' id='word_1_680' title='bbox 1154 5026 1295 5082; x_wconf 90' lang='lat' dir='ltr'><strong>consistit</strong></span> <span class='ocrx_word' id='word_1_681' title='bbox 1306 5027 1597 5100; x_wconf 71' lang='lat' dir='ltr'><strong>universorumque</strong></span> <span class='ocrx_word' id='word_1_682' title='bbox 1605 5028 1687 5084; x_wconf 86' lang='lat' dir='ltr'><strong>facta</strong></span> <span class='ocrx_word' id='word_1_683' title='bbox 1695 5031 1777 5083; x_wconf 91' lang='lat' dir='ltr'><strong>sunt.</strong></span> 
     </span>
     <span class='ocr_line' id='line_1_53' title="bbox 77 5106 1780 5183; baseline 0.002 -20"><span class='ocrx_word' id='word_1_684' title='bbox 77 5106 246 5166; x_wconf 87' lang='lat' dir='ltr'><strong>immensus</strong></span> <span class='ocrx_word' id='word_1_685' title='bbox 258 5111 373 5182; x_wconf 84' lang='lat' dir='ltr'><strong>augeri.</strong></span> <span class='ocrx_word' id='word_1_686' title='bbox 390 5111 490 5168; x_wconf 91' lang='lat' dir='ltr'><strong>Homo</strong></span> <span class='ocrx_word' id='word_1_687' title='bbox 502 5126 574 5167; x_wconf 90' lang='lat' dir='ltr'><strong>vero</strong></span> <span class='ocrx_word' id='word_1_688' title='bbox 589 5116 701 5167; x_wconf 89' lang='lat' dir='ltr'><strong>natura</strong></span> <span class='ocrx_word' id='word_1_689' title='bbox 726 5127 817 5183; x_wconf 87' lang='lat' dir='ltr'><strong>egens</strong></span> <span class='ocrx_word' id='word_1_690' title='bbox 838 5116 904 5168; x_wconf 87' lang='lat' dir='ltr'><strong>erat</strong></span> <span class='ocrx_word' id='word_1_691' title='bbox 958 5116 1019 5168; x_wconf 72' lang='lat' dir='ltr'><strong>Car·</strong></span> <span class='ocrx_word' id='word_1_692' title='bbox 1035 5116 1069 5166; x_wconf 90' lang='lat' dir='ltr'><strong>ll.</strong></span> <span class='ocrx_word' id='word_1_693' title='bbox 1087 5113 1122 5166; x_wconf 81' lang='lat' dir='ltr'><strong>ue</strong></span> <span class='ocrx_word' id='word_1_694' title='bbox 1136 5113 1226 5166; x_wconf 76' lang='lat' dir='ltr'><strong>caucis</strong></span> <span class='ocrx_word' id='word_1_695' title='bbox 1240 5113 1472 5179; x_wconf 80' lang='lat' dir='ltr'><strong>primordialibus</strong></span> <span class='ocrx_word' id='word_1_696' title='bbox 1486 5121 1509 5167; x_wconf 83' lang='lat' dir='ltr'><strong>et</strong></span> <span class='ocrx_word' id='word_1_697' title='bbox 1527 5115 1662 5180; x_wconf 75' lang='lat' dir='ltr'><strong>effectibus</strong></span> <span class='ocrx_word' id='word_1_698' title='bbox 1674 5129 1780 5167; x_wconf 73' lang='lat' dir='ltr'><strong>eccere</strong></span> 
     </span>
     <span class='ocr_line' id='line_1_54' title="bbox 77 5195 1781 5274; baseline 0 -21"><span class='ocrx_word' id='word_1_699' title='bbox 77 5196 165 5255; x_wconf 79' lang='lat' dir='ltr'><strong>aliem</strong></span> <span class='ocrx_word' id='word_1_700' title='bbox 178 5199 301 5269; x_wconf 82' lang='lat' dir='ltr'><strong>auxilii,</strong></span> <span class='ocrx_word' id='word_1_701' title='bbox 314 5216 376 5273; x_wconf 89' lang='lat' dir='ltr'><strong>que</strong></span> <span class='ocrx_word' id='word_1_702' title='bbox 391 5201 439 5257; x_wconf 90' lang='lat' dir='ltr'><strong>vel</strong></span> <span class='ocrx_word' id='word_1_703' title='bbox 453 5205 647 5258; x_wconf 88' lang='lat' dir='ltr'><strong>conservaret</strong></span> <span class='ocrx_word' id='word_1_704' title='bbox 662 5202 744 5274; x_wconf 91' lang='lat' dir='ltr'><strong>quod</strong></span> <span class='ocrx_word' id='word_1_705' title='bbox 754 5202 903 5258; x_wconf 85' lang='lat' dir='ltr'><strong>mutabile</strong></span> <span class='ocrx_word' id='word_1_706' title='bbox 991 5198 1105 5254; x_wconf 89' lang='lat' dir='ltr'><strong>Rerum</strong></span> <span class='ocrx_word' id='word_1_707' title='bbox 1130 5196 1268 5252; x_wconf 90' lang='lat' dir='ltr'><strong>omnium</strong></span> <span class='ocrx_word' id='word_1_708' title='bbox 1295 5195 1368 5251; x_wconf 91' lang='lat' dir='ltr'><strong>ordo</strong></span> <span class='ocrx_word' id='word_1_709' title='bbox 1388 5196 1609 5270; x_wconf 83' lang='lat' dir='ltr'><strong>dispositioque</strong></span> <span class='ocrx_word' id='word_1_710' title='bbox 1630 5213 1649 5251; x_wconf 89' lang='lat' dir='ltr'><strong>a</strong></span> <span class='ocrx_word' id='word_1_711' title='bbox 1661 5210 1781 5253; x_wconf 90' lang='lat' dir='ltr'><strong>summo</strong></span> 
     </span>
     <span class='ocr_line' id='line_1_55' title="bbox 77 5285 1781 5363; baseline -0.002 -20"><span class='ocrx_word' id='word_1_712' title='bbox 77 5291 242 5360; x_wconf 83' lang='lat' dir='ltr'><strong>acceperat,</strong></span> <span class='ocrx_word' id='word_1_713' title='bbox 257 5287 307 5344; x_wconf 90' lang='lat' dir='ltr'><strong>vel</strong></span> <span class='ocrx_word' id='word_1_714' title='bbox 325 5293 450 5361; x_wconf 86' lang='lat' dir='ltr'><strong>augeret</strong></span> <span class='ocrx_word' id='word_1_715' title='bbox 464 5291 547 5361; x_wconf 93' lang='lat' dir='ltr'><strong>quod</strong></span> <span class='ocrx_word' id='word_1_716' title='bbox 570 5305 632 5345; x_wconf 91' lang='lat' dir='ltr'><strong>non</strong></span> <span class='ocrx_word' id='word_1_717' title='bbox 656 5294 902 5346; x_wconf 86' lang='lat' dir='ltr'><strong>consummatum</strong></span> <span class='ocrx_word' id='word_1_718' title='bbox 917 5308 945 5363; x_wconf 80' lang='lat' dir='ltr'>D</span> <span class='ocrx_word' id='word_1_719' title='bbox 958 5301 1056 5359; x_wconf 88' lang='lat' dir='ltr'><strong>usque</strong></span> <span class='ocrx_word' id='word_1_720' title='bbox 1071 5285 1110 5340; x_wconf 87' lang='lat' dir='ltr'><strong>ad</strong></span> <span class='ocrx_word' id='word_1_721' title='bbox 1135 5286 1242 5355; x_wconf 90' lang='lat' dir='ltr'><strong>imum,</strong></span> <span class='ocrx_word' id='word_1_722' title='bbox 1258 5285 1291 5341; x_wconf 91' lang='lat' dir='ltr'><strong>in</strong></span> <span class='ocrx_word' id='word_1_723' title='bbox 1303 5285 1516 5342; x_wconf 89' lang='lat' dir='ltr'><strong>universitatis</strong></span> <span class='ocrx_word' id='word_1_724' title='bbox 1530 5285 1622 5358; x_wconf 89' lang='lat' dir='ltr'><strong>hujus</strong></span> <span class='ocrx_word' id='word_1_725' title='bbox 1636 5298 1781 5356; x_wconf 82' lang='lat' dir='ltr'><strong>compage</strong></span> 
     </span>
     <span class='ocr_line' id='line_1_56' title="bbox 70 5372 1779 5451; baseline -0.001 -22"><span class='ocrx_word' id='word_1_726' title='bbox 70 5372 217 5432; x_wconf 72' lang='lat' dir='ltr'><strong>habebat.</strong></span> <span class='ocrx_word' id='word_1_727' title='bbox 234 5376 283 5432; x_wconf 87' lang='lat' dir='ltr'><strong>Ita</strong></span> <span class='ocrx_word' id='word_1_728' title='bbox 296 5379 417 5451; x_wconf 91' lang='lat' dir='ltr'><strong>positus</strong></span> <span class='ocrx_word' id='word_1_729' title='bbox 429 5383 475 5435; x_wconf 89' lang='lat' dir='ltr'><strong>est</strong></span> <span class='ocrx_word' id='word_1_730' title='bbox 496 5381 530 5435; x_wconf 92' lang='lat' dir='ltr'><strong>in</strong></span> <span class='ocrx_word' id='word_1_731' title='bbox 545 5380 645 5436; x_wconf 90' lang='lat' dir='ltr'><strong>medio</strong></span> <span class='ocrx_word' id='word_1_732' title='bbox 659 5379 760 5449; x_wconf 88' lang='lat' dir='ltr'><strong>home,</strong></span> <span class='ocrx_word' id='word_1_733' title='bbox 781 5384 816 5436; x_wconf 84' lang='lat' dir='ltr'><strong>ut</strong></span> <span class='ocrx_word' id='word_1_734' title='bbox 831 5384 860 5435; x_wconf 91' lang='lat' dir='ltr'><strong>et</strong></span> <span class='ocrx_word' id='word_1_735' title='bbox 875 5381 902 5435; x_wconf 89' lang='lat' dir='ltr'><strong>ci</strong></span> <span class='ocrx_word' id='word_1_736' title='bbox 955 5377 1000 5433; x_wconf 86' lang='lat' dir='ltr'><strong>ita</strong></span> <span class='ocrx_word' id='word_1_737' title='bbox 1012 5392 1077 5432; x_wconf 91' lang='lat' dir='ltr'><strong>sese</strong></span> <span class='ocrx_word' id='word_1_738' title='bbox 1092 5376 1385 5448; x_wconf 87' lang='lat' dir='ltr'><strong>causisquibusdam</strong></span> <span class='ocrx_word' id='word_1_739' title='bbox 1400 5377 1616 5448; x_wconf 83' lang='lat' dir='ltr'><strong>rationumque</strong></span> <span class='ocrx_word' id='word_1_740' title='bbox 1630 5374 1779 5447; x_wconf 85' lang='lat' dir='ltr'><strong>genituris</strong></span> 
     </span>
     <span class='ocr_line' id='line_1_57' title="bbox 75 5463 1779 5540; baseline 0 -22"><span class='ocrx_word' id='word_1_741' title='bbox 75 5465 242 5522; x_wconf 85' lang='lat' dir='ltr'><strong>serviretur</strong></span> <span class='ocrx_word' id='word_1_742' title='bbox 254 5470 285 5522; x_wconf 90' lang='lat' dir='ltr'><strong>et</strong></span> <span class='ocrx_word' id='word_1_743' title='bbox 307 5467 372 5540; x_wconf 91' lang='lat' dir='ltr'><strong>ipse</strong></span> <span class='ocrx_word' id='word_1_744' title='bbox 388 5470 525 5538; x_wconf 87' lang='lat' dir='ltr'><strong>serviret,</strong></span> <span class='ocrx_word' id='word_1_745' title='bbox 541 5474 571 5524; x_wconf 86' lang='lat' dir='ltr'><strong>et</strong></span> <span class='ocrx_word' id='word_1_746' title='bbox 596 5469 744 5540; x_wconf 89' lang='lat' dir='ltr'><strong>acciperet</strong></span> <span class='ocrx_word' id='word_1_747' title='bbox 757 5469 902 5540; x_wconf 90' lang='lat' dir='ltr'><strong>utrinque</strong></span> <span class='ocrx_word' id='word_1_748' title='bbox 956 5465 1161 5538; x_wconf 89' lang='lat' dir='ltr'><strong>prosequitur,</strong></span> <span class='ocrx_word' id='word_1_749' title='bbox 1177 5467 1212 5519; x_wconf 90' lang='lat' dir='ltr'><strong>ut</strong></span> <span class='ocrx_word' id='word_1_750' title='bbox 1226 5465 1365 5520; x_wconf 89' lang='lat' dir='ltr'><strong>omnium</strong></span> <span class='ocrx_word' id='word_1_751' title='bbox 1388 5481 1458 5537; x_wconf 86' lang='lat' dir='ltr'><strong>quae</strong></span> <span class='ocrx_word' id='word_1_752' title='bbox 1479 5468 1561 5533; x_wconf 87' lang='lat' dir='ltr'><strong>sunt,</strong></span> <span class='ocrx_word' id='word_1_753' title='bbox 1577 5463 1655 5518; x_wconf 88' lang='lat' dir='ltr'><strong>nihil</strong></span> <span class='ocrx_word' id='word_1_754' title='bbox 1675 5464 1779 5518; x_wconf 90' lang='lat' dir='ltr'><strong>incon·</strong></span> 
     </span>
     <span class='ocr_line' id='line_1_58' title="bbox 73 5551 1784 5626; baseline 0.001 -19"><span class='ocrx_word' id='word_1_755' title='bbox 73 5551 147 5624; x_wconf 88' lang='lat' dir='ltr'><strong>ipse,</strong></span> <span class='ocrx_word' id='word_1_756' title='bbox 160 5557 193 5609; x_wconf 90' lang='lat' dir='ltr'><strong>et</strong></span> <span class='ocrx_word' id='word_1_757' title='bbox 207 5557 308 5610; x_wconf 90' lang='lat' dir='ltr'><strong>totum</strong></span> <span class='ocrx_word' id='word_1_758' title='bbox 321 5557 381 5613; x_wconf 89' lang='lat' dir='ltr'><strong>sibi</strong></span> <span class='ocrx_word' id='word_1_759' title='bbox 395 5558 585 5626; x_wconf 86' lang='lat' dir='ltr'><strong>vindicaret;</strong></span> <span class='ocrx_word' id='word_1_760' title='bbox 602 5560 631 5613; x_wconf 88' lang='lat' dir='ltr'><strong>et</strong></span> <span class='ocrx_word' id='word_1_761' title='bbox 647 5557 785 5612; x_wconf 89' lang='lat' dir='ltr'><strong>reflueret</strong></span> <span class='ocrx_word' id='word_1_762' title='bbox 803 5561 900 5614; x_wconf 89' lang='lat' dir='ltr'><strong>totum</strong></span> <span class='ocrx_word' id='word_1_763' title='bbox 956 5571 1069 5611; x_wconf 86' lang='lat' dir='ltr'><strong>nexum</strong></span> <span class='ocrx_word' id='word_1_764' title='bbox 1089 5559 1143 5609; x_wconf 86' lang='lat' dir='ltr'><strong>aut</strong></span> <span class='ocrx_word' id='word_1_765' title='bbox 1157 5554 1326 5626; x_wconf 87' lang='lat' dir='ltr'><strong>separabile</strong></span> <span class='ocrx_word' id='word_1_766' title='bbox 1339 5557 1452 5610; x_wconf 86' lang='lat' dir='ltr'><strong>natura</strong></span> <span class='ocrx_word' id='word_1_767' title='bbox 1465 5557 1685 5624; x_wconf 84' lang='lat' dir='ltr'><strong>externumque</strong></span> <span class='ocrx_word' id='word_1_768' title='bbox 1699 5551 1784 5608; x_wconf 89' lang='lat' dir='ltr'><strong>inve·</strong></span> 
     </span>
     <span class='ocr_line' id='line_1_59' title="bbox 74 5641 1778 5719; baseline 0.001 -23"><span class='ocrx_word' id='word_1_769' title='bbox 74 5641 111 5696; x_wconf 80' lang='lat' dir='ltr'><strong>ad</strong></span> <span class='ocrx_word' id='word_1_770' title='bbox 124 5643 245 5698; x_wconf 86' lang='lat' dir='ltr'><strong>bonum</strong></span> <span class='ocrx_word' id='word_1_771' title='bbox 262 5644 407 5715; x_wconf 87' lang='lat' dir='ltr'><strong>heminis,</strong></span> <span class='ocrx_word' id='word_1_772' title='bbox 423 5650 452 5702; x_wconf 91' lang='lat' dir='ltr'><strong>et</strong></span> <span class='ocrx_word' id='word_1_773' title='bbox 468 5647 551 5718; x_wconf 91' lang='lat' dir='ltr'><strong>quod</strong></span> <span class='ocrx_word' id='word_1_774' title='bbox 565 5646 681 5719; x_wconf 87' lang='lat' dir='ltr'><strong>accepit</strong></span> <span class='ocrx_word' id='word_1_775' title='bbox 695 5646 855 5718; x_wconf 88' lang='lat' dir='ltr'><strong>obsequim</strong></span> <span class='ocrx_word' id='word_1_776' title='bbox 869 5649 899 5702; x_wconf 90' lang='lat' dir='ltr'><strong>et</strong></span> <span class='ocrx_word' id='word_1_777' title='bbox 955 5645 1068 5700; x_wconf 88' lang='lat' dir='ltr'><strong>niatur.</strong></span> <span class='ocrx_word' id='word_1_778' title='bbox 1097 5643 1292 5716; x_wconf 82' lang='lat' dir='ltr'><strong>Quaecunque</strong></span> <span class='ocrx_word' id='word_1_779' title='bbox 1313 5644 1393 5698; x_wconf 91' lang='lat' dir='ltr'><strong>enim</strong></span> <span class='ocrx_word' id='word_1_780' title='bbox 1421 5645 1494 5696; x_wconf 87' lang='lat' dir='ltr'><strong>suut</strong></span> <span class='ocrx_word' id='word_1_781' title='bbox 1507 5655 1610 5695; x_wconf 89' lang='lat' dir='ltr'><strong>rerum</strong></span> <span class='ocrx_word' id='word_1_782' title='bbox 1628 5641 1778 5711; x_wconf 88' lang='lat' dir='ltr'><strong>omnium,</strong></span> 
     </span>
    </p>
   </div>
   <div class='ocr_carea' id='block_1_7' title="bbox 73 5727 1797 5807">
    <p class='ocr_par' dir='ltr' id='par_1_7' title="bbox 73 5727 1797 5807">
     <span class='ocr_line' id='line_1_60' title="bbox 73 5727 1797 5807; baseline -0.003 -19"><span class='ocrx_word' id='word_1_783' title='bbox 73 5731 155 5805; x_wconf 87' lang='lat' dir='ltr'><strong>quod</strong></span> <span class='ocrx_word' id='word_1_784' title='bbox 167 5732 331 5807; x_wconf 85' lang='lat' dir='ltr'><strong>impendit·</strong></span> <span class='ocrx_word' id='word_1_785' title='bbox 348 5733 453 5792; x_wconf 87' lang='lat' dir='ltr'><strong>Voluit</strong></span> <span class='ocrx_word' id='word_1_786' title='bbox 465 5737 547 5793; x_wconf 88' lang='lat' dir='ltr'><strong>enim</strong></span> <span class='ocrx_word' id='word_1_787' title='bbox 562 5735 645 5795; x_wconf 89' lang='lat' dir='ltr'><strong>Deus</strong></span> <span class='ocrx_word' id='word_1_788' title='bbox 664 5739 701 5792; x_wconf 88' lang='lat' dir='ltr'><strong>ut</strong></span> <span class='ocrx_word' id='word_1_789' title='bbox 712 5735 751 5792; x_wconf 85' lang='lat' dir='ltr'><strong>ab</strong></span> <span class='ocrx_word' id='word_1_790' title='bbox 775 5735 900 5792; x_wconf 89' lang='lat' dir='ltr'><strong>homine</strong></span> <span class='ocrx_word' id='word_1_791' title='bbox 955 5737 1010 5789; x_wconf 88' lang='lat' dir='ltr'><strong>aut</strong></span> <span class='ocrx_word' id='word_1_792' title='bbox 1020 5747 1120 5789; x_wconf 86' lang='lat' dir='ltr'><strong>causae</strong></span> <span class='ocrx_word' id='word_1_793' title='bbox 1133 5732 1334 5788; x_wconf 89' lang='lat' dir='ltr'><strong>inveniuntur</strong></span> <span class='ocrx_word' id='word_1_794' title='bbox 1348 5727 1610 5801; x_wconf 76' lang='lat' dir='ltr'><strong>subsequentium</strong></span> <span class='ocrx_word' id='word_1_795' title='bbox 1620 5729 1797 5785; x_wconf 62' lang='lat' dir='ltr'><strong>anassem</strong></span> 
     </span>
    </p>
   </div>
   <div class='ocr_carea' id='block_1_8' title="bbox 0 0 1876 6082">
    <p class='ocr_par' dir='ltr' id='par_1_8' title="bbox 0 0 1876 6082">
     <span class='ocr_line' id='line_1_61' title="bbox 0 0 1876 6082; baseline 0 2"><span class='ocrx_word' id='word_1_796' title='bbox 0 0 1876 6082; x_wconf 95' lang='lat' dir='ltr'><strong> </strong></span> 
     </span>
    </p>
   </div>
  </div>
 </body>
</html>
