3742 6082
71 263 122 323 ιω
344 259 351 271 ·
562 256 617 314 un
635 244 923 313 sacmnnuris.
944 244 1054 306 sisar
1072 249 1103 309 11
1121 251 1222 310 anns
1239 253 1263 311 1.
1720 263 1775 321 uo

70 389 150 446 enim
177 386 320 459 proprius
341 399 406 440 csse
432 387 532 457 potest
553 399 645 454 quam
671 383 775 437 unitas
797 381 857 436 sibi
876 369 976 435 rdet
981 378 1354 452 Justainvenitur.1teque
1366 395 1477 436 nomen
1485 381 1619 439 hominis
1641 383 1776 458 anquan.

71 475 198 544 Quando
207 490 277 546 ergo
292 490 389 530 unum
404 472 643 546 dicunturplura
657 469 898 544 proptereaquia
951 468 989 524 do
1005 485 1023 522 a
1037 485 1160 541 corpore
1175 469 1309 524 sumitur
1322 485 1331 539 3
1347 468 1560 541 aliquandoab
1574 470 1612 528 iis
1627 477 1778 544 quaesunt

71 567 158 622 uuita
173 567 257 634 sunt,
274 562 632 636 uonpropriedicuutur,
647 561 721 632 quia
741 574 802 614 non
829 573 899 613 vere
952 558 984 613 in
997 574 1122 629 corpore
1137 575 1145 626 3
1162 558 1328 630 aliquando
1341 563 1443 615 autem
1459 560 1645 619 sumiturah
1659 562 1699 620 iis
1710 579 1779 636 quoe

72 658 143 710 suut
157 652 190 709 id
205 651 288 725 quod
301 652 456 718 dicuntur,
473 651 525 705 sed
548 649 715 705 secundum
736 646 899 719 quemdam
954 648 1073 702 suntin
1088 647 1202 717 anima,
1218 664 1377 721 nunquam
1399 653 1502 706 autem
1519 653 1653 709 sumitur
1667 653 1706 709 ab
1718 655 1782 710 ani·

72 742 198 800 modum
220 745 342 797 tautum
368 739 490 795 similia.
507 739 726 794 Verumtamen
743 734 900 792 sciendum
955 752 1016 804 ma,
1034 737 1072 791 ab
1087 735 1140 791 ilia
1155 737 1269 808 quippe
1291 741 1376 809 parte
1400 738 1534 795 hominis
1549 740 1686 798 humanu
1700 743 1796 800 locu.·

74 829 218 903 estquod
232 829 321 885 aliter
335 830 487 883 uniuntur
502 844 537 883 ea
552 843 620 900 quae
639 827 677 882 ad
699 827 846 881 unionem
861 824 903 878 fa·
956 825 1000 879 tio
1018 825 1136 880 homini
1162 825 1323 897 potissima
1344 828 1495 885 vocabula
1517 829 1673 901 formavit,
1689 848 1784 905 quam

74 920 213 978 ciendam
228 919 344 990 pariter
358 918 555 985 conveniunt,
572 921 607 971 ut
623 932 660 971 ex
675 930 709 970 eo
719 913 801 986 quod
810 911 903 968 simul
955 912 1090 984 primum
1106 916 1135 968 ct
1149 913 1359 987 principaliter
1372 916 1404 970 in
1419 916 1541 973 homine
1555 934 1663 977 sensus
1678 920 1786 977 huma.

76 1025 140 1065 esse
154 1007 309 1079 incipiunt
321 1021 415 1061 uuam
427 1004 652 1078 quodammodo
664 1018 729 1059 esse
743 1003 903 1074 incipiant3
957 1015 1018 1056 nus
1029 1001 1164 1072 agnovit.
1178 1000 1218 1057 Et
1235 1002 1391 1059 debuisset
1403 1003 1495 1061 homo
1508 1006 1630 1077 quidem
1650 1024 1669 1063 a
1679 1009 1784 1067 melio.

77 1099 166 1154 aliter
177 1095 313 1152 vercilla
326 1095 379 1150 ubi
396 1098 466 1150 anto
478 1095 623 1150 unionem
645 1093 750 1148 unitas
777 1104 904 1163 praeces·
959 1089 985 1144 ri
1000 1092 1086 1161 parte
1102 1105 1158 1145 sua
1180 1104 1291 1146 nomen
1321 1091 1424 1162 potius
1440 1093 1618 1165 sumpsisse,
1632 1096 1692 1152 nisi
1711 1097 1785 1170 quia

78 1189 137 1255 sit3
153 1190 185 1241 et
196 1185 278 1257 quod
290 1184 429 1239 additum
445 1187 491 1238 est
503 1182 539 1237 de
555 1181 671 1253 reliquo
686 1180 833 1252 adipsum
841 1176 906 1234 uni·
960 1193 1059 1235 sermo
1075 1178 1163 1234 aliter
1190 1178 1229 1234 ad
1251 1178 1486 1251 intelligentiam
1508 1181 1627 1239 homiui
1641 1184 1785 1241 famulari

78 1279 173 1331 tatem
190 1290 243 1347 per
256 1274 401 1328 unionem
417 1272 553 1327 accessit.
565 1270 657 1325 Aliud
672 1269 785 1341 quippe
801 1265 905 1323 estali·
960 1283 1023 1323 uon
1038 1268 1198 1340 potuisset,
1215 1268 1275 1324 nisi
1299 1268 1385 1340 prius
1406 1285 1475 1325 eum
1498 1287 1589 1342 quem
1605 1287 1713 1329 sensus
1729 1273 1785 1329 hu·

79 1380 140 1436 qua
154 1361 249 1418 simul
260 1378 314 1434 per
328 1363 472 1416 unionem
487 1360 524 1414 ad
537 1360 687 1414 unitatem
701 1356 852 1429 componi,
863 1359 906 1409 at·
960 1373 1071 1412 manus
1081 1357 1113 1411 in
1128 1357 1321 1429 percipiendo
1334 1358 1454 1428 habuit,
1473 1360 1597 1416 modum
1611 1360 1644 1417 in
1657 1358 1786 1419 diceudo

80 1469 139 1525 que
164 1451 250 1507 aliud
271 1450 374 1522 aliqua
397 1466 451 1522 per
476 1450 620 1504 unionem
647 1447 759 1502 unitati
783 1444 905 1517 apponi.
962 1446 1121 1501 tenuisset.
1140 1443 1248 1516 ltaque
1268 1446 1341 1517 quia
1356 1446 1387 1502 id
1397 1447 1480 1519 quod
1493 1448 1532 1503 ab
1546 1449 1641 1506 humo
1654 1454 1719 1506 erat
1731 1451 1790 1507 evi.

81 1540 209 1607 Quando
233 1541 314 1595 enim
335 1539 440 1610 aliqua
455 1554 508 1610 per
521 1539 667 1593 unionem
694 1534 733 1590 ad
758 1535 908 1590 unitatem
964 1532 1087 1588 dentius
1100 1533 1134 1587 in
1148 1532 1272 1588 homine
1286 1534 1469 1604 videbatur3
1492 1536 1531 1591 ab
1546 1537 1598 1594 illo
1610 1538 1713 1612 potius
1736 1538 1789 1595 110.

83 1632 320 1703 oomponuntur‚
335 1642 446 1682 nomen
462 1627 558 1682 totius
573 1625 671 1697 partis
686 1622 910 1678 communicare
965 1621 1371 1695 modicebatur.Sicquidem
1385 1639 1422 1679 ex
1435 1624 1614 1683 infirmitate
1628 1626 1790 1697 sentiendi,

84 1735 144 1774 uon
159 1721 291 1790 possunt
306 1733 314 1785 3
331 1716 405 1788 quia
424 1730 485 1770 non
503 1714 619 1770 habent
646 1711 768 1782 singula
790 1725 909 1782 separa·
925 1710 950 1767 Β
965 1710 1104 1766 confusio
1127 1711 1246 1766 dicendi
1274 1715 1342 1767 orta
1363 1714 1430 1782 est3
1452 1717 1482 1769 et
1498 1713 1645 1772 debemus
1668 1719 1793 1789 propter

84 1807 139 1863 tim
154 1807 188 1862 in
210 1823 242 1861 se
269 1806 414 1860 unionem
441 1802 668 1875 quamtociunt
692 1799 784 1855 simul
814 1814 852 1854 ex
871 1813 911 1852 se.
968 1814 1060 1854 usum
1075 1800 1107 1854 in
1121 1799 1284 1872 loquendo,
1312 1801 1438 1856 modum
1452 1801 1571 1858 dicendi
1591 1819 1722 1875 servare,
1739 1820 1805 1867 nec,

85 1895 216 1962 Quando
225 1910 298 1952 vero
311 1892 512 1964 aliquaalicui
524 1892 675 1947 unitatem
686 1904 774 1945 suam
789 1885 914 1943 habenti
969 1891 1072 1943 tamen
1085 1890 1208 1960 propter
1218 1889 1469 1945 consuetudinem
1483 1891 1639 1963 loquendi,
1657 1910 1675 1949 a
1687 1894 1796 1950 verita·

86 2001 139 2058 per
152 1985 299 2040 unionem
316 1986 514 2056 apponuntur
528 1997 536 2049 3
552 1981 585 2034 in
599 1978 865 2052 participationem
880 1975 915 2030 ii·
970 1978 999 2031 te
1015 1975 1154 2031 credendi
1170 1976 1316 2031 recedere.
1333 1977 1498 2050 Propterea
1511 1981 1624 2053 quippe
1638 1981 1795 2055 Scriptura

86 2073 324 2129 lius'transeunt
343 2073 391 2128 cui
406 2074 613 2143 apponuntur,
627 2072 782 2124 utnomeu
795 2080 917 2138 quoque
971 2081 1067 2134 sacra,
1084 2079 1121 2119 ne
1136 2065 1231 2120 verba
1242 2065 1402 2122 hominum
1421 2067 1455 2122 in
1473 2069 1602 2125 veritate
1615 2069 1673 2126 Dei
1696 2084 1796 2127 errare

90 2178 159 2218 cum
172 2161 225 2218 illo
240 2161 425 2234 participare
440 2159 600 2230 incipiant,
608 2158 688 2212 sicut
703 2172 757 2228 per
771 2155 916 2210 unionem
971 2169 1028 2209 nos
1042 2153 1167 2221 iaciant,
1183 2168 1344 2225 personam
1360 2154 1459 2226 ipsam
1473 2158 1595 2230 proprie
1617 2159 1720 2231 ipsum
1735 2158 1795 2232 spi.

90 2266 179 2306 suam
195 2251 346 2305 unitatem
373 2249 456 2303 illius
471 2248 654 2319 participare
666 2245 829 2317 incipiunt.
845 2243 916 2297 Ver·
972 2242 1065 2297 ritum
1080 2240 1262 2297 rationalem
1275 2257 1340 2297 esse
1356 2245 1497 2303 testatur.
1523 2244 1596 2310 Quae
1616 2261 1747 2319 persona
1759 2246 1794 2301 11.

91 2340 122 2395 bi
137 2341 258 2411 gratia:
274 2338 388 2407 Paries,
411 2342 525 2393 tectum
539 2340 568 2390 ct
596 2334 843 2400 fundamentum,
859 2332 919 2387 tria
972 2333 1019 2385 cet
1031 2332 1155 2401 propter
1167 2328 1198 2383 id
1207 2329 1290 2401 quod
1304 2329 1341 2385 de
1355 2329 1450 2387 humo
1465 2337 1623 2406 sumptum
1636 2338 1692 2404 est,
1706 2333 1798 2392 homo

93 2428 236 2501 quaedam
252 2430 334 2497 sunt,
353 2430 382 2482 et
396 2426 515 2481 nullum
531 2424 642 2480 horum
668 2438 722 2495 per
749 2437 780 2477 se
810 2420 919 2476 domus
973 2417 1113 2479 dicatur:
1131 2419 1234 2473 tamen
1249 2417 1407 2474 verissime
1428 2422 1458 2476 et
1475 2421 1599 2492 quando
1612 2422 1659 2479 illi
1685 2424 1801 2480 sociata

93 2522 148 2573 est.
168 2515 297 2582 Quando
319 2531 390 2586 ergo
415 2514 602 2570 conveniunt
625 2515 660 2566 ut
682 2511 748 2566 haec
770 2525 835 2566 csse
848 2508 920 2564 inci·
974 2509 1021 2561 est
1032 2521 1041 2575 3
1057 2505 1122 2561 sola
1136 2505 1212 2562 bene
1226 2504 1275 2561 vel
1293 2506 1373 2563 male
1394 2513 1548 2581 operetur,
1575 2514 1605 2567 et
1623 2511 1747 2584 quando
1761 2512 1800 2570 ab

94 2607 193 2679 piant,
209 2605 271 2660 tria
284 2604 376 2660 simul
397 2604 633 2674 componuntur,
656 2614 718 2655 non
746 2597 806 2654 duo
829 2597 920 2653 tertio
974 2594 1027 2650 illo
1043 2596 1184 2665 separata
1195 2596 1250 2663 est,
1267 2594 1332 2649 sola
1344 2595 1377 2650 in
1387 2610 1479 2668 poeua
1493 2597 1541 2653 vel
1552 2598 1649 2668 gloria
1664 2615 1802 2657 remune-

94 2697 304 2768 apponuntur.
324 2692 394 2748 Non
408 2694 512 2747 autem
528 2688 571 2744 sic
582 2689 691 2760 juncta
712 2691 786 2742 sunt
811 2701 921 2757 corpus
976 2686 1072 2738 ratur.
1089 2681 1217 2738 Etsicut
1228 2682 1261 2737 in
1273 2698 1397 2755 corpore
1408 2685 1510 2756 posita
1524 2686 1666 2758 quaedam
1681 2687 1747 2744 sola
1759 2703 1803 2744 00.

94 2782 252 2839 stenima.
266 2781 377 2837 Anima
391 2779 504 2851 quippe
513 2778 546 2832 iu
563 2779 714 2849 quantum
733 2778 779 2830 est
795 2774 922 2845 spiritus
976 2770 1124 2842 gitatione
1137 2773 1167 2825 et
1180 2769 1339 2826 voluntate
1353 2770 1429 2828 iacit
1442 2772 1507 2828 sine
1519 2789 1645 2846 corpore
1658 2773 1800 2848 quaedam

95 2870 269 2939 rationalis,
286 2886 324 2925 ex
336 2885 367 2925 sc
382 2872 412 2924 et
425 2883 480 2940 per
504 2882 535 2922 se
549 2865 642 2921 habet
656 2878 721 2919 esse
747 2876 921 2941 personam,
976 2863 1046 2933 post
1057 2859 1247 2915 voluntatem
1264 2861 1294 2913 et
1308 2859 1476 2915 secundum
1488 2861 1680 2918 voluntatem
1691 2863 1725 2918 iu
1737 2877 1804 2936 ope

95 2965 123 3016 et
138 2959 265 3034 quando
280 2974 390 3030 corpus
404 2956 431 3012 ei
445 2955 578 3011 sociatur
600 2968 662 3007 non
676 2954 797 3007 tautum
813 2949 852 3005 ad
861 2964 924 3022 per·
977 2949 1096 3004 ratione
1108 2962 1292 3020 percorpus,
1312 2947 1357 3002 ita
1377 2963 1498 3020 quoque
1516 2965 1571 3023 pro
1595 2950 1713 3008 meritis
1726 2967 1802 3025 prae.

97 3064 204 3106 sonam
219 3047 422 3119 componitur,
438 3046 589 3116 quantum
608 3041 640 3095 in
656 3053 817 3112 personam
832 3052 923 3109 appo·
939 3051 962 3109 c
981 3038 1078 3092 mium
1091 3035 1219 3107 percipit
1235 3035 1379 3107 primum,
1393 3041 1534 3109 separata
1546 3055 1565 3092 a
1587 3055 1711 3112 corpore
1739 3040 1806 3097 sine

98 3140 193 3195 uitur.
215 3137 257 3194 Ut
275 3137 307 3192 in
319 3151 353 3191 eo
368 3131 450 3206 quod
463 3148 517 3204 per
533 3131 677 3185 unionem
700 3125 927 3199 quodammodo
981 3139 1104 3197 corpore
1120 3126 1245 3197 :postea
1260 3124 1348 3180 unita
1362 3126 1481 3198 corpori
1497 3127 1668 3201 incorpore.
1682 3129 1806 3187 Ecccer·

99 3243 197 3284 unum
213 3227 253 3283 sit
268 3241 337 3281 cum
352 3223 415 3292 ilia,
430 3221 535 3276 cadem
550 3234 619 3290 quae
633 3218 702 3289 ipsa
725 3219 771 3270 est
797 3229 928 3287 persona
982 3229 1019 3285 go
1037 3213 1184 3268 dicamus.
1201 3211 1302 3269 Homo
1314 3216 1361 3268 est
1374 3213 1499 3270 animal.
1514 3216 1627 3273 Verum
1649 3221 1706 3288 est,
1721 3233 1809 3292 prop

102 3333 166 3374 esse
181 3315 321 3389 incipiat,
337 3329 406 3370 cum
425 3311 488 3366 illa.
505 3309 541 3365 In
556 3309 706 3381 quantum
732 3318 804 3374 ergo
816 3318 927 3375 corpus
983 3307 1030 3358 ter
1043 3301 1075 3357 id
1090 3299 1173 3373 quod
1184 3299 1346 3356 inhomine
1361 3302 1569 3360 sensificatum
1583 3308 1628 3362 est
1638 3305 1677 3361 ab
1692 3306 1806 3362 animu.

102 3422 171 3463 cum
187 3404 293 3460 anima
306 3402 429 3458 unitum
439 3402 496 3467 est,
516 3411 579 3452 una
592 3408 722 3468 persona
741 3407 809 3447 oum
825 3391 929 3446 anima
983 3392 1084 3447 Homo
1097 3393 1144 3446 est
1158 3404 1277 3461 corpus.
1294 3389 1406 3446 Verum
1422 3395 1478 3462 est,
1490 3393 1564 3465 quis
1575 3393 1607 3449 id
1621 3394 1704 3466 quod
1719 3395 1810 3452 sensi.

104 3498 159 3563 est,
175 3493 230 3549 sed
241 3496 345 3546 tamen
357 3501 519 3562 personam
531 3498 596 3540 esse
610 3482 713 3538 anima
727 3496 765 3536 ex
779 3494 810 3535 se
824 3478 928 3547 hahet,
983 3481 1107 3536 ficatum
1123 3483 1169 3534 est
1180 3479 1212 3534 in
1225 3479 1349 3535 homine
1363 3482 1393 3535 et
1407 3478 1444 3535 ds
1460 3480 1555 3537 humo
1579 3486 1737 3554 sumptum
1752 3486 1809 3553 est,

104 3583 135 3639 iu
150 3584 305 3656 quantum
319 3583 365 3635 est
379 3575 538 3633 rationalis
561 3572 697 3645 spiritus.
714 3569 831 3640 Corpus
857 3581 929 3622 vero
984 3569 1087 3641 ipsum
1102 3569 1148 3621 est
1162 3581 1283 3638 corpus.
1300 3565 1400 3621 Homo
1414 3566 1612 3639 est'persona.
1628 3568 1738 3624 Verum
1753 3573 1809 3638 ost,

105 3686 140 3725 ex
153 3671 260 3725 anima
274 3667 368 3723 habet
381 3665 413 3721 in
428 3666 579 3735 quantum
598 3659 719 3714 unitum
740 3659 787 3711 est
801 3655 931 3710 ratione·
986 3656 1060 3729 quia
1075 3653 1107 3707 id
1120 3652 1202 3725 quod
1218 3652 1256 3707 ab
1271 3651 1366 3707 humo
1380 3657 1538 3725 sumptum
1552 3660 1599 3710 est
1611 3655 1811 3728 animaejuno

106 3759 125 3814 li
139 3758 276 3833 spiritui.
292 3756 372 3822 Quia
385 3769 457 3809 vero
472 3765 580 3807 sensus
593 3747 727 3804 hominis
753 3744 784 3798 in
807 3742 931 3797 homine
987 3746 1052 3798 tum
1063 3744 1109 3796 est
1123 3741 1155 3793 in
1168 3754 1307 3810 persona.
1328 3739 1394 3796 Hoc
1407 3743 1506 3797 totum
1522 3758 1597 3798 usus
1617 3742 1737 3800 dicendi
1756 3744 1810 3800 ha·

106 3849 227 3903 vivente
240 3860 350 3918 corpus
366 3845 395 3898 et
416 3841 551 3896 animam
577 3835 669 3892 simul
696 3831 844 3906 percipit;
869 3845 931 3885 non
986 3832 1049 3898 bet,
1063 3832 1092 3884 et
1107 3827 1274 3884 secundum
1290 3843 1360 3884 eum
1374 3827 1575 3903 modumque
1595 3848 1666 3890 vere
1689 3832 1812 3904 dicitur,

108 3937 242 3992 animam
258 3949 312 4006 per
323 3948 355 3988 se
370 3933 424 3986 aut
438 3942 547 4000 corpus
562 3940 615 3997 per
627 3939 669 3992 se,
684 3920 736 3976 sed
746 3919 881 3974 animam
892 3918 931 3971 si·
988 3920 1053 3974 sine
1067 3916 1314 3972 inconvenientis
1328 3932 1383 3990 pro
1398 3918 1527 3975 veritate
1533 3920 1626 3993 recipi
1633 3925 1743 3994 potest.
1754 3920 1812 3979 its·

107 4025 169 4081 niul
183 4027 213 4080 et
227 4037 338 4095 corpus
350 4032 511 4093 personam
534 4014 631 4069 dicere
659 4011 814 4065 humanus
834 4020 933 4062 sermo
987 4021 1057 4062 rum
1071 4004 1208 4060 dicemus
1223 4004 1314 4061 homo
1329 4008 1375 4061 est
1387 4005 1511 4062 animal.
1526 4007 1595 4065 Non
1610 4008 1667 4066 hoc
1682 4007 1813 4067 ususlo·
1850 3996 1853 4001 ’

109 4112 276 4169 consuevit.
291 4112 480 4167 Haeoautem
495 4116 625 4176 persona
649 4114 718 4171 quae
744 4095 933 4152 inanimam
988 4093 1103 4166 quendi
1113 4092 1229 4164 recipit,
1243 4093 1296 4165 qui
1311 4093 1462 4150 formatus
1486 4099 1531 4151 est
1559 4097 1727 4152 secundum
1749 4111 1813 4153 mo·

58 4242 61 4251 -
110 4203 232 4275 quidem
251 4199 372 4273 proprie
384 4211 447 4252 una
461 4196 507 4250 est
522 4206 575 4263 per
589 4188 759 4253 unitatem3
779 4184 860 4239 inter
871 4197 934 4237 cor·
989 4182 1062 4237 dum
1073 4180 1233 4237 sentiendi.
1250 4180 1444 4237 Solumenim
1459 4198 1568 4254 corpus
1583 4183 1616 4239 iu
1631 4184 1754 4241 homine
1768 4184 1813 4240 vi·

111 4307 166 4363 pus
180 4305 254 4347 vero
264 4294 294 4345 et
308 4288 520 4352 animamama
531 4294 585 4353 per
599 4277 755 4342 unionem,
767 4270 935 4327 secuudum
989 4269 1089 4338 detur,
1102 4271 1133 4324 et
1146 4269 1178 4322 in
1195 4267 1258 4324 solo
1267 4269 1491 4341 corporehomo
1504 4267 1625 4326 videtur
1638 4287 1647 4340 3
1664 4270 1815 4329 etidcirco

113 4396 202 4436 usum
221 4376 367 4451 loquendi
395 4371 525 4429 diversis
548 4364 726 4422 nominibus
754 4358 934 4434 appellatur.
951 4393 980 4452 D
994 4375 1012 4413 a
1026 4371 1149 4428 corpore
1164 4355 1282 4411 homiui
1298 4371 1410 4413 nomeu
1425 4358 1559 4413 sumitur
1573 4359 1720 4431 quoniam
1731 4375 1818 4434 prop

114 4469 250 4536 Quorum
265 4465 405 4540 quaedam
419 4479 437 4517 a
451 4463 537 4533 parte
552 4457 675 4527 sumpta
689 4453 771 4518 sunt,
798 4448 938 4522 quaedam
994 4451 1040 4503 ter
1053 4459 1164 4516 corpus
1173 4443 1265 4500 homo
1275 4447 1410 4501 vocatur.
1425 4446 1540 4503 Iterum
1553 4449 1627 4521 quia
1637 4449 1670 4505 iu
1685 4465 1721 4506 eo
1736 4448 1819 4523 quod

116 4574 185 4615 vero
200 4557 241 4612 ab
261 4556 299 4612 iis
327 4569 397 4626 quae
412 4545 606 4606 constantin
628 4545 724 4614 parte.
748 4539 828 4594 Nam
858 4533 941 4609 quod
993 4533 1115 4591 videtur
1130 4531 1215 4587 aliud
1229 4547 1294 4588 esse
1308 4534 1475 4606 percipitur
1494 4535 1576 4607 quod
1590 4551 1653 4593 nou
1678 4537 1819 4608 videtur,

115 4662 247 4719 persona
261 4641 421 4701 rationalis
444 4638 536 4694 homo
550 4632 673 4698 dicitur,
690 4627 739 4683 vel
762 4626 866 4681 anima
893 4623 942 4678 vel
995 4623 1056 4678 duo
1069 4621 1100 4675 in
1114 4619 1238 4676 homine
1251 4637 1315 4676 esse
1329 4621 1642 4695 deprehenduntur,id
1651 4629 1699 4682 est
1710 4642 1821 4700 corpus

117 4751 227 4811 corpus
241 4750 260 4790 a
274 4735 361 4806 parte
375 4729 440 4785 sols
453 4721 603 4783 vocabula
623 4720 746 4788 sumpta
761 4716 853 4781 suut3
869 4711 942 4783 quia
996 4709 1150 4777 stenima,
1161 4724 1230 4780 quae
1244 4709 1390 4781 quoniam
1404 4710 1497 4767 simul
1507 4711 1616 4783 juncta
1629 4716 1660 4770 et
1675 4715 1763 4772 uuita
1773 4715 1820 4772 in·

117 4827 146 4883 iu
160 4824 288 4884 homine
302 4820 401 4877 solum
420 4829 531 4886 corpus
556 4806 692 4866 hominis
707 4817 772 4861 esse
790 4815 900 4872 corpus
914 4801 944 4854 et
995 4797 1163 4855 veniuntur
1175 4811 1184 4864 3
1197 4795 1333 4868 ejusdem
1348 4797 1474 4854 unionis
1485 4799 1518 4857 iu
1531 4800 1655 4860 homine
1670 4818 1781 4879 corpus
1792 4807 1823 4862 et

118 4916 154 4971 ab
168 4915 268 4971 humo
280 4912 438 4982 sumptum
453 4917 528 4971 esse,
545 4903 627 4956 etex
651 4890 864 4964 conjunctione
878 4887 944 4943 ani·
998 4887 1102 4943 anima
1116 4888 1219 4958 partes
1237 4886 1438 4943 nominantur
1451 4904 1460 4959 3
1478 4905 1545 4947 ecoe
1561 4892 1656 4963 igitur
1679 4895 1822 4953 conceda-

117 5020 172 5060 mae
188 5001 400 5060 sensificatum
415 5008 481 5050 esse
495 4987 661 5046 invenitur.
678 4983 751 5038 Haec
771 4993 841 5049 ergo
855 4991 944 5033 voca·
998 4990 1068 5031 mus
1083 4972 1165 5046 quod
1178 4989 1252 5029 usus
1266 4973 1412 5046 loquendi
1423 4977 1519 5033 affert.
1537 4979 1637 5036 Homo
1652 4985 1698 5037 est
1712 4997 1825 5055 corpus

119 5093 189 5150 bula
199 5108 220 5148 a
234 5092 322 5163 parte
334 5084 470 5143 hominis
484 5081 612 5151 sumpta
637 5075 719 5128 sunt.
742 5066 870 5135 Quando
897 5081 946 5121 au·
999 5067 1029 5120 et
1043 5063 1134 5118 homo
1149 5077 1211 5118 nou
1225 5066 1271 5118 est
1283 5063 1420 5135 spiritus,
1433 5064 1533 5122 Homo
1547 5071 1592 5123 est
1608 5068 1766 5140 animal‚et
1775 5069 1827 5124 ho-

118 5187 176 5238 tem
186 5180 281 5236 albus
293 5177 406 5233 dicitur
420 5187 485 5228 esse
499 5169 602 5234 homo,
623 5157 859 5229 erinigenam
882 5169 945 5210 ma·
999 5167 1049 5209 mo
1065 5166 1126 5207 non
1150 5154 1196 5205 est
1221 5152 1334 5207 anima.
1356 5153 1504 5226 Nunquid
1528 5156 1669 5213 similiter
1682 5155 1824 5214 concede·

118 5286 207 5343 gnus,
220 5270 278 5324 sut
291 5278 406 5339 parvus
417 5278 425 5330 3
438 5254 588 5316 vocabula
600 5245 810 5307 sumunturab
824 5244 863 5300 iis
878 5258 948 5316 quas
1000 5255 1070 5297 mus
1085 5240 1176 5295 homo
1190 5244 1331 5296 mortuus
1356 5257 1418 5298 non
1442 5247 1488 5299 est
1508 5245 1599 5301 homo
1616 5261 1621 5300 :
1639 5245 1730 5301 homo
1744 5244 1826 5300 enim

118 5361 148 5417 in
161 5361 251 5434 parte
266 5355 419 5420 constant,
434 5347 508 5420 quia
523 5345 555 5398 in
571 5340 636 5396 solo
667 5349 790 5408 corpore
813 5332 948 5389 hominis
1001 5330 1109 5386 vivens
1124 5331 1170 5383 est
1188 5327 1289 5385 homo.
1313 5329 1345 5386 Si
1369 5335 1471 5387 autem
1494 5332 1585 5388 homo
1610 5336 1750 5388 mortuus
1765 5346 1828 5388 non

119 5454 147 5506 et
161 5464 226 5505 non
242 5447 276 5500 in
287 5443 390 5498 anima
405 5432 555 5509 ejusmodi
568 5427 769 5502 proprietates
786 5421 948 5478 inveniun-
1003 5421 1049 5474 est
1064 5417 1240 5489 homo,ergo
1256 5419 1480 5492 homoquando
1493 5422 1595 5477 vivere
1609 5419 1722 5475 desinit
1737 5421 1829 5477 homo

120 5544 169 5596 tur
190 5532 323 5603 Quando
342 5532 445 5586 autem
459 5519 620 5580 rationalis
647 5515 759 5571 dicitur
778 5511 881 5579 homo,
897 5509 951 5563 sut
1004 5523 1070 5563 esse
1081 5506 1203 5562 desinit.
1221 5506 1279 5563 Sed
1293 5507 1368 5580 quid
1382 5509 1522 5581 estquod
1536 5509 1636 5566 vivere
1649 5505 1773 5582 desinit,
1788 5510 1832 5568 ni-

123 5583 257 5703 sapiens,
271 5624 324 5677 aut
346 5619 449 5691 justus
465 5613 503 5669 ab
524 5611 564 5666 iis
591 5621 660 5679 quse
685 5600 784 5658 solum
803 5599 835 5653 in
866 5599 952 5669 parte
1006 5593 1130 5666 siquod
1152 5594 1284 5651 moritur
1302 5594 1524 5661 touidautem
1541 5595 1680 5665 moritur,
1707 5597 1770 5655 nisi
1784 5615 1833 5656 so.

125 5721 196 5775 sunt
210 5706 392 5771 nominaad
405 5707 505 5760 totum
518 5698 693 5761 sumuntur,
706 5689 781 5763 quia
807 5701 869 5742 non
893 5699 956 5740 cor·
1005 5682 1070 5738 lum
1098 5697 1209 5755 corpus
1232 5682 1315 5756 quod
1344 5683 1383 5738 ab
1402 5682 1510 5737 anima
1527 5670 1866 5737 deseriturtmm

124 5777 806 5882 pushomiuis,sedsolsenimarationalis,et
819 5773 952 5848 sapiens,
1007 5770 1090 5828 enim
1103 5784 1170 5831 nou
1178 5766 1794 5844 montm,nscureredeunit,eum
1833 5781 1866 5801 -κ

251 5895 392 5958 Person.
411 5880 573 5950 CLXXVI.
1716 5855 1765 5914 tii
