3742 6082
71 196 127 257 555
374 163 672 260 ausonianas.
692 189 863 254 uerear
881 186 966 247 orn.
986 189 1457 252 ranan-nocuimus.
1724 194 1778 254 555

74 320 173 377 tentia
186 319 319 376 exterior
332 324 379 377 est
390 321 423 376 in
433 321 595 377 afflictione
602 315 901 376 camiaPoenitentta
913 313 940 371 A
953 314 1069 372 iactum
1088 321 1134 373 555
1147 317 1205 374 1555
1217 318 1331 391 quibus
1345 318 1486 374 meruisti
1504 321 1540 374 ut
1553 318 1671 375 malum
1686 319 1777 376 habe·

75 408 204 465 interior
212 412 259 465 est
270 409 303 464 in
313 410 495 465 contritione
502 407 671 463 cordis.Per
685 404 899 478 poenitentiam
953 418 1011 474 res,
1026 405 1140 477 quibus
1153 407 1180 463 si
1194 406 1331 463 5115551555
1347 407 1527 478 judicareris
1542 410 1572 463 st
1586 407 1645 463 hoc
1662 421 1777 464 merus·

75 497 255 553 exteriorem
269 497 437 568 castigatur
449 495 538 567 eulpa
550 495 638 567 parvi
652 493 824 566 operiaPer
837 508 898 565 poe-
953 508 1003 548 ras
1018 497 1053 549 ut
1067 494 1187 552 nullum
1216 496 1344 552 haberes
1368 512 1374 550 :
1401 498 1471 563 Oui,
1488 496 1591 568 inquit
1609 496 1776 569 Scriptura,

76 584 237 641 nitentium
263 585 437 639 interiorem
466 582 646 639 emendatur
672 582 762 655 eulpa
797 597 899 655 pravae
952 596 1093 651 regnare
1111 583 1213 652 faciet
1233 587 1398 640 1555555555
1421 586 1625 654 hypocritam
1644 590 1778 654 propter

76 672 255 729 voluntatis.
272 672 443 727 Secundum
464 671 668 742 quantitatem
686 670 799 740 delicti,
815 685 897 725 men·
947 677 1083 739 peccatu
1101 675 1218 742 popuii
1234 673 1309 744 (Joo.
1324 672 1446 743 xxxrv).
1462 675 1504 727 Et
1520 687 1585 743 epo,
1600 673 1655 742 ait,
1671 675 1776 729 551555-

77 776 150 816 5555
173 759 367 815 correctionis
391 758 550 830 pensanda
569 762 624 814 est.
651 761 755 829 Agite,
784 759 897 830 inquit,
952 759 1076 814 resuere
1090 759 1217 828 faciam
1231 763 1383 831 linguam
1400 766 1494 816 tuum
1504 763 1621 830 palato
1636 767 1704 831 tuo,
1721 776 1777 818 555

76 847 206 917 fruetus
221 848 336 915 dignos
346 848 554 915 poeuiteutioe
570 845 897 918 (Matt.1113Lue.u1).
953 849 1018 901 5555
1034 850 1132 916 quasi
1147 851 1200 903 555
1213 850 1389 919 objurgans
1414 851 1495 918 quia
1510 851 1626 905 domus
1651 865 1779 920 5555555-

76 933 169 990 Aliud
192 937 238 990 555
263 935 345 989 enim
367 935 486 991 fructus
510 936 708 1007 poenitentiae,
723 935 809 991 aliud
830 935 899 1007 ipsa
952 949 1033 991 5555
1046 941 1094 991 555
1110 937 1233 1007 (Erech.
1249 937 1309 1008 555).
1326 937 1406 993 Nam
1422 942 1456 992 ut
1468 938 1547 993 scias
1562 937 1645 1009 quod
1658 938 1778 994 malitia

74 1022 359 1095 poenitentiaSicut
374 1023 458 1079 aliud
472 1026 519 1078 555
533 1025 666 1093 arbor,et
680 1023 764 1079 aliud
779 1024 898 1081 fructus
952 1026 1007 1078 tua
1020 1023 1162 1080 155515515
1176 1041 1182 1079 :
1199 1023 1269 1080 vide
1281 1024 1335 1080 ubi
1350 1028 1416 1081 5555
1430 1024 1552 1081 devotio
1567 1028 1631 1081 tua.
1647 1025 1681 1082 si
1696 1027 1777 1082 euim

74 1111 215 1183 ejuszsic
229 1111 313 1167 aliud
329 1115 376 1167 est
389 1112 675 1184 poenitentia,aliud
688 1113 807 1169 tructus
820 1113 895 1185 ejus.
951 1112 1116 1182 perfectam
1153 1111 1345 1168 devotionem
1375 1112 1538 1169 habuisses
1567 1114 1660 1169 etiam
1694 1113 1777 1170 nullo

74 1199 260 1256 Poenitentia
274 1203 320 1256 est
334 1199 420 1256 dolor
433 1201 588 1257 commissi
600 1202 757 1274 praeteriti,
773 1200 898 1273 quando
951 1198 1134 1256 admonente
1146 1215 1263 1263 cessare
1277 1204 1380 1257 tamen
1394 1202 1556 1273 potuisses.
1572 1201 1663 1258 Nunc
1674 1207 1777 1259 autem

75 1286 160 1343 doles
180 1291 211 1344 te
233 1288 340 1344 iecisse
358 1288 442 1360 quod
462 1288 577 1345 malum
597 1293 652 1346 est.
676 1289 803 1355 Quando
826 1305 898 1361 ergo
951 1288 1077 1360 pigritia
1090 1292 1145 1344 tua
1159 1293 1189 1345 55
1203 1289 1390 1361 negligentia
1414 1291 1680 1347 tua,occasionem
1703 1295 1776 1356 tem·

74 1376 231 1448 improbas
245 1380 275 1432 55
287 1376 416 1432 damnas
429 1377 511 1433 mala
533 1382 597 1447 tua,
611 1378 825 1450 poenitentiam
843 1379 897 1434 ha·
951 1377 1035 1448 poris
1055 1379 1208 1449 quaesivit.
1235 1394 1296 1435 non
1320 1377 1547 1434 correctionem.
1563 1378 1602 1434 Et
1623 1379 1702 1436 vidit
1721 1379 1778 1436 hoc

32 1511 34 1514 .
74 1465 139 1533 bes,
152 1464 276 1536 quando
289 1468 402 1535 autem,
416 1467 626 1523 satisfactione
636 1470 792 1539 sequente,
806 1471 836 1522 et
846 1483 900 1539 pu·
951 1464 1035 1520 Deus
1058 1469 1089 1521 55
1111 1466 1195 1522 dedit
1217 1467 1274 1523 tibi
1293 1466 1461 1523 secundum
1482 1482 1533 1523 cor
1554 1470 1653 1537 tuum,
1666 1471 1777 1524 utnon

75 1553 124 1608 nis
136 1555 166 1607 et
179 1553 306 1623 corrigis
319 1553 401 1609 mala
426 1558 491 1625 tua,
505 1555 625 1611 tructus
639 1555 827 1628 poenitentiae
841 1556 897 1611 ha·
950 1554 1105 1610 invenires
1117 1555 1200 1628 quod
1210 1571 1272 1612 non
1285 1555 1445 1628 quaerehas
1455 1556 1664 1628 accipereNec
1674 1560 1778 1613 tamen

73 1640 137 1696 bes.
154 1639 185 1696 Si
200 1639 340 1712 displicet
367 1642 424 1697 tibi
450 1644 532 1714 quod
559 1643 669 1713 1555555,
684 1644 897 1716 paenitentiam
911 1653 937 1710 Β
951 1642 1017 1698 dico
1032 1643 1115 1715 quod
1129 1643 1269 1717 desperes
1293 1659 1301 1712 3
1326 1644 1383 1700 1555
1405 1645 1497 1699 etiam
1520 1644 1546 1699 si
1561 1645 1721 1716 contingat
1741 1650 1778 1701 ut

75 1728 151 1800 agis.
165 1727 197 1784 Si
209 1729 402 1801 persequeris
414 1733 443 1786 55
455 1731 548 1803 punis
560 1731 643 1803 quod
657 1732 767 1801 1555555,
778 1732 898 1787 fructus
952 1730 1043 1786 horno
1058 1733 1113 1804 qui
1126 1733 1262 1789 exterius
1286 1733 1431 1789 curandis
1444 1732 1624 1797 vulneribus
1639 1736 1775 1805 peccato·

74 1817 262 1890 poenitentiae
275 1818 549 1874 iacis.Poenitentia
559 1820 688 1876 55515551
701 1820 898 1893 improbatio3
952 1834 1021 1875 rum
1032 1820 1289 1877 medicamentum
1304 1822 1431 1894 apponit
1447 1821 1564 1893 aliquid
1576 1822 1681 1877 minus
1695 1821 1776 1877 suffi-

74 1906 194 1963 Iructus
219 1908 407 1978 poenitentiae
435 1908 537 1965 delicti
560 1910 715 1965 correctio.
739 1909 798 1965 Sed
825 1911 899 1982 quia
952 1906 1035 1962 ciens
1047 1908 1194 1965 tribuant.
1210 1909 1295 1981 Saepe
1308 1909 1503 1981 quodminus
1519 1909 1595 1965 15555
1605 1909 1778 1980 agitaretis·

75 1994 243 2050 secundum
252 2010 429 2051 mensuram
439 1996 540 2053 delicti
552 1999 899 2054 correctionismsnsura
952 1996 1054 2051 5555555
1077 1997 1163 2053 intus
1188 2001 1341 2070 operatur.
1368 1998 1404 2054 ln
1431 2013 1526 2070 parvo
1549 2013 1638 2070 opere
1664 2012 1779 2069 magna

73 2082 231 2156 pensanda
245 2087 302 2154 est,
317 2084 385 2140 ideo
397 2085 516 2142 tructus
528 2087 717 2159 poenitentiae
730 2087 840 2158 dignos
853 2088 898 2142 ia·
952 2083 1073 2140 devotio
1088 2089 1189 2157 potest
1210 2102 1284 2142 esse.
1309 2087 1409 2142 Homo
1421 2086 1505 2142 videt
1518 2087 1552 2142 in
1577 2086 1654 2142 15515
1669 2102 1678 2156 ;
1694 2087 1778 2142 Deus

74 2186 140 2228 cere
154 2175 283 2257 oportet.
300 2171 332 2228 Si
351 2173 385 2228 in
400 2175 585 2231 correctione
599 2176 700 2232 minor
715 2179 762 2231 est
776 2176 898 2246 afflictio
952 2177 1064 2228 cutem
1087 2176 1240 2229 intuetur
1259 2189 1314 2230 555
1330 2175 1445 2245 (11555.
1462 2174 1539 2246 m).
1555 2175 1594 2231 Et
1617 2177 1653 2230 ut
1673 2175 1778 2230 minus

75 2276 169 2334 quam
191 2261 225 2316 in
249 2261 339 2333 culpa
359 2262 420 2318 ruit
443 2262 612 2333 delectatio,
628 2279 691 2319 non
717 2267 764 2320 est
787 2264 899 2335 dignus
952 2260 1062 2331 dicam,
1078 2277 1225 2333 magnum
1238 2267 1285 2318 est
1299 2264 1326 2319 55
1340 2263 1373 2318 in
1385 2263 1444 2319 hac
1457 2264 1523 2318 vita
1535 2264 1669 2335 incipere
1676 2264 1777 2336 possis

75 2349 263 2421 poenitentiae
276 2353 338 2406 tuae
352 2350 898 2417 1555555855515515551155ῑο5555555515
951 2349 1045 2404 5515555
1060 2350 1158 2406 sinon
1172 2351 1320 2422 perficias.
1333 2351 1413 2407 Nam
1427 2355 1456 2407 et
1471 2355 1541 2424 post
1553 2355 1683 2407 mortem
1695 2352 1778 2423 ignia

75 2438 151 2493 scire
172 2453 298 2510 possum
326 2438 450 2510 quando
477 2440 630 2510 condigna
655 2441 696 2496 555
719 2441 898 2514 poenitentia
952 2437 1078 2517 quidam
1103 2439 1301 2510 purgatorius
1327 2439 1439 2495 dicitur
1467 2440 1522 2495 ubi
1550 2443 1723 2513 purgantur
1747 2443 1778 2496 et

75 2542 143 2583 mea
156 2525 171 2580 i
184 2526 262 2592 Quia
275 2527 333 2583 hoc
346 2529 423 2584 scire
437 2543 499 2584 non
511 2532 608 2600 potes,
623 2529 691 2585 ideo
706 2544 827 2586 necesse
843 2531 897 2586 ha·
952 2525 1151 2594 mundantur,
1164 2527 1218 2598 qni
1232 2527 1282 2582 hic
1296 2529 1407 2598 corrigi
1422 2534 1579 2601 coeperunt
1594 2532 1624 2584 55
1639 2544 1701 2584 non
1714 2545 1779 2602 per-

19 2659 26 2667 .
74 2615 428 2688 bessemperpoenitere.
444 2616 624 2674 Satistaoere
636 2621 733 2689 potes,
750 2619 843 2674 nimis
858 2620 899 2675 ia·
951 2613 1099 2670 iecerunt.
1116 2613 1175 2679 Qui
1190 2618 1294 2671 autem
1305 2617 1339 2671 in
1358 2617 1416 2672 1555
1430 2617 1495 2673 vita
1509 2634 1564 2673 nec
1578 2618 1713 2690 incipere
1723 2634 1776 2674 vo-

75 2719 140 2761 cere
155 2720 217 2760 non
229 2708 325 2778 potes.
342 2705 452 2762 Melius
467 2710 513 2762 est
534 2709 570 2761 nt
592 2705 664 2778 plus
684 2707 779 2762 iacias
804 2723 897 2779 quam
950 2700 1085 2771 luerunt,
1105 2702 1150 2758 ibi
1174 2718 1386 2760 consummare
1410 2720 1473 2761 non
1496 2710 1637 2778 possunt.
1657 2705 1778 2772 Quibus

74 2792 188 2849 minus.
203 2792 317 2849 Idcirco
335 2793 484 2850 sollicitus
498 2798 574 2864 5555,
590 2794 748 2865 satage,da
762 2811 896 2868 operam,
951 2793 1054 2845 sutem
1076 2791 1126 2846 hic
1151 2793 1369 2849 correctionem
1389 2808 1478 2848 suam
1497 2795 1629 2866 incipere
1647 2794 1740 2851 datur
1767 2812 1776 2864 3

74 2880 212 2937 studium
229 2881 381 2953 impende,
396 2886 431 2938 ut
445 2881 536 2955 culpa
549 2883 590 2938 sit
602 2898 672 2938 cum
691 2883 762 2953 fine,
776 2883 897 2941 devotio
952 2879 1043 2934 etiam
1052 2879 1078 2934 si
1086 2880 1227 2951 perficere
1240 2896 1301 2936 non
1310 2881 1402 2937 datur
1412 2898 1420 2952 3
1431 2881 1495 2937 illic
1506 2883 1702 2939 correctionis
1714 2899 1777 2956 per·

73 2970 139 3026 sine
153 2969 341 3027 finaTamon
356 2971 568 3043 utaliquando
582 2972 735 3043 peccatrix
747 2973 935 3048 cometen-C
953 2966 1043 3022 tectio
1062 2972 1245 3024 reservatur.
1263 2969 1379 3025 Tamen
1403 2971 1502 3026 tutius
1525 2971 1651 3026 omnino
1672 2975 1720 3026 est
1742 2975 1777 3026 ut

73 3057 118 3113 tia
145 3056 328 3128 consoletur,
344 3060 463 3131 positus
489 3062 536 3116 ost
559 3059 669 3115 modus
697 3062 727 3114 55
753 3076 899 3118 mensura
953 3053 1003 3110 hic
1015 3058 1045 3111 55
1058 3055 1190 3127 incipere
1203 3060 1233 3111 et
1248 3057 1390 3129 perticere
1404 3059 1581 3129 contendas,
1595 3062 1630 3114 ut
1642 3058 1705 3115 51155
1719 3060 1777 3116 55155

74 3146 261 3217 poenitentiae
273 3147 547 3217 exterioris,ut,illa
560 3148 681 3220 expleta
693 3148 743 3204 vel
753 3151 897 3222 perfecta,
952 3143 1030 3199 nihil
1042 3144 1221 3217 potiendum
1236 3145 1284 3201 vol
1298 3146 1472 3203 iaciendum
1489 3149 1623 3220 supersit
1638 3164 1648 3218 3
1664 3148 1777 3205 durum

75 3231 219 3287 fiduciam
232 3233 344 3289 habere
357 3235 497 3306 incipias,
511 3238 542 3290 55
556 3239 662 3291 sancta
674 3235 807 3308 quadam
822 3254 897 3310 prae-
952 3236 998 3288 est
1012 3235 1165 3289 tormenta
1175 3233 1239 3304 5115,
1254 3233 1304 3290 vel
1322 3235 1362 3290 551
1375 3236 1529 3292 modicum
1544 3238 1666 3293 sentire.
1684 3237 1777 3309 Prop-

75 3321 250 3391 sumptione
263 3322 296 3375 in
310 3336 363 3392 spe
382 3322 597 3378 misericordiae
611 3323 723 3380 divinae
742 3323 779 3398 da
798 3327 897 3383 indul.
952 3323 1034 3376 terea
1048 3321 1147 3376 tutius
1164 3322 1289 3377 omnino
1308 3323 1365 3378 tibi
1380 3328 1427 3379 est
1442 3327 1478 3380 ut
1491 3323 1542 3380 1515
1556 3328 1587 3380 55
1600 3325 1730 3396 incipias
1747 3328 1778 3380 et

74 3408 179 3479 gentia
206 3412 237 3464 et
262 3410 441 3465 remissione
466 3415 660 3482 peccatorum
687 3414 847 3484 confidere,
869 3420 899 3472 et
951 3408 1296 3481 perficiasquodisoero
1311 3411 1413 3481 debes,
1426 3412 1509 3484 quod
1532 3413 1559 3468 si
1573 3412 1778 3485 perficerehic

73 3501 162 3554 tanto
173 3499 277 3554 verius
300 3501 417 3570 quanto
436 3499 544 3571 utique
565 3500 713 3556 sincerius
726 3501 898 3574 injunctam
952 3512 1014 3552 non
1027 3497 1181 3568 poteris,si
1203 3502 1306 3554 tamen
1318 3499 1520 3570 inchoaveris,
1527 3499 1591 3556 noli
1604 3501 1777 3573 desperare,

73 3587 287 3659 poenitentiam
300 3587 478 3660 expleveris.
952 3584 1058 3641 salvus
1073 3587 1143 3657 eris,
1158 3590 1206 3643 555
1221 3594 1332 3645 tamea
1347 3592 1445 3658 quasi
1452 3605 1513 3659 per
1528 3591 1636 3658 iguem
1652 3591 1684 3659 (Ι
1705 3591 1776 3644 Cor.

79 3673 153 3732 Car.
169 3676 226 3733 111.
248 3679 292 3732 De
316 3678 360 3732 555
374 3678 433 3746 qui
447 3679 484 3731 55
507 3678 568 3732 555
582 3678 652 3732 vita
662 3681 897 3747 poeuiteutiam
952 3673 1011 3743 111).
1025 3675 1155 3731 Ardebis
1176 3677 1311 3749 quidem,
1326 3677 1421 3734 donec
1442 3678 1657 3747 consumptum
1679 3676 1778 3733 inerit

358 3781 424 3821 uon
443 3769 612 3836 complent.
952 3763 1036 3835 quod
1047 3765 1209 3820 cremabile
1221 3767 1386 3839 portas.Tu
1399 3763 1610 3822 autemsalvus
1626 3764 1687 3819 sris
1705 3781 1779 3836 quo·

110 3852 169 3909 Sed
182 3853 324 3910 fortassis
338 3855 433 3910 tacita
442 3855 500 3911 tibi
510 3856 694 3926 cogitatione
704 3857 897 3929 respondeas:
952 3852 1075 3907 niamin
1085 3855 1116 3907 te
1122 3852 1359 3910 tundamentum
1369 3853 1537 3926 permansit
1545 3852 1775 3909 charitatisDei.

75 3939 242 4010 Quomodo,
266 3942 382 4014 inquis,
402 3947 502 3999 certus
521 3959 587 4000 esse
608 3961 734 4017 possum
753 3946 789 4001 de
808 3947 900 4002 venia
987 3938 1062 3996 Gar.
1078 3940 1128 3995 lv,
1152 3943 1265 3999 Utrum
1279 3945 1399 3998 iteruri
1408 3947 1514 4011 possit
1522 3942 1734 4011 poenitentia.

75 4031 198 4101 propter
211 4029 424 4101 poenitentiam
434 4033 465 4085 et
476 4031 717 4088 satisfactionem
725 4032 765 4088 ab
775 4032 899 4089 homine
987 4026 1066 4083 Sunt
1079 4027 1134 4100 qui
1148 4028 1251 4085 dicant
1265 4029 1393 4103 relapsis
1406 4030 1439 4085 in
1455 4029 1588 4102 pristina
1599 4031 1723 4101 peccata
1733 4028 1777 4084 lo·

73 4117 898 4192 injunctam,etiamsiillamstudiosecomplevero,cum
952 4130 1022 4171 oum
1036 4115 1133 4172 veniae
1162 4117 1295 4190 amplius
1318 4133 1379 4174 non
1394 4132 1460 4173 esse
1481 4132 1491 4187 3
1516 4119 1679 4190 propterea
1693 4115 1778 4188 quod

73 4206 139 4279 ipse
158 4206 249 4263 bomo
272 4207 322 4263 cui
345 4210 469 4279 peccata
491 4224 560 4264 msa
584 4208 730 4264 confiteor
744 4223 824 4279 saepe
845 4212 899 4265 aut
952 4203 1093 4275 quaedam
1114 4203 1341 4278 Scripturarum
1363 4205 1541 4262 testimonia
1574 4207 1613 4261 515
1633 4205 1688 4278 qni
1707 4208 1779 4277 post

72 4294 250 4367 ignorantia
259 4296 443 4366 nesciat,aut
452 4296 639 4368 negligentia
652 4311 714 4351 non
726 4294 898 4351 considerat
912 4335 940 4391 D
954 4294 1108 4364 acceptam
1119 4293 1332 4364 poenitentiam
1341 4294 1380 4350 ad
1390 4294 1494 4367 priora
1504 4297 1629 4366 peccata
1638 4291 1778 4362 redeunt,

73 4384 196 4456 qualem
221 4384 299 4439 mihi
327 4385 494 4440 secundum
521 4385 646 4440 modum
670 4387 700 4439 55
721 4399 897 4440 mensuram
954 4379 1072 4436 aditum
1087 4380 1197 4436 salutis
1211 4381 1539 4453 negarevidentur.iit
1559 4384 1632 4438 sunt
1654 4379 1779 4453 quidem

74 4470 176 4526 delicti
188 4471 297 4527 debeat
312 4473 553 4527 satisfactionem
571 4470 760 4543 injungere?
779 4471 899 4529 11511555
952 4467 1103 4540 ejusmodi
1115 4468 1257 4540 quaedam
1271 4469 1353 4526 dicta
1365 4471 1399 4525 in
1418 4469 1533 4542 quibus
1551 4484 1614 4525 non
1632 4469 1690 4524 hoo
1711 4468 1779 4540 qui·

75 4557 590 4631 tibibrevitsrresponde010uiasi
603 4559 694 4615 homo
707 4560 899 4631 nescit,Deus
951 4556 1019 4612 dem
1035 4557 1223 4628 dictumest,
1239 4558 1326 4615 seda
1348 4574 1411 4615 non
1428 4558 1506 4615 hene
1530 4557 1779 4629 intelligentibus

76 4644 142 4701 scit.
156 4645 203 4701 Tu
216 4648 319 4701 tamen
333 4646 381 4701 155
395 4647 478 4720 quod
494 4648 550 4703 tibi
559 4648 900 4721 praecipiturQbediens
951 4645 1009 4700 hoe
1021 4644 1137 4700 dictum
1149 4661 1214 4702 esse
1226 4646 1358 4703 videtur.
1372 4645 1539 4718 Apostolus
1550 4644 1666 4701 Paulus
1677 4644 1712 4700 in
1724 4643 1780 4699 5115

74 4735 139 4789 5555
152 4732 186 4788 in
201 4746 235 4788 eo
251 4734 333 4805 quod
350 4734 407 4790 tibi
418 4735 554 4807 iubetur.
572 4735 680 4792 Videat
704 4736 787 4793 Deus
811 4737 901 4793 devo-
952 4732 1090 4804 Epistola
1108 4748 1202 4805 quam
1231 4734 1270 4789 ad
1296 4735 1442 4791 Hebraeos
1468 4733 1600 4805 scripsit,
1631 4733 1676 4789 sic
1703 4732 1775 4787 ait:

73 4820 188 4877 tionem
203 4826 288 4878 tuam
303 4823 435 4880 etiamsi
450 4825 541 4881 bomo
555 4841 617 4882 non
632 4826 782 4898 condigne
798 4827 899 4882 mode·
953 4823 972 4876 Ι
972 4823 1155 4891 moossibile
1167 4827 1215 4878 est
1229 4838 1280 4878 555
1295 4825 1354 4892 qui
1368 4825 1468 4878 semei
1479 4827 1560 4877 5555
1575 4822 1777 4888 illuminati,

73 4912 158 4965 retur
172 4909 365 4968 afflictionem
378 4916 474 4970 tuam.
491 4914 593 4971 Perire
608 4930 670 4971 non
685 4916 799 4987 poteris
814 4916 840 4971 si
854 4915 902 4970 de·
952 4916 1171 4980 oustaoeruut
1185 4912 1287 4966 etiam
1303 4913 1425 4966 donum
1444 4912 1580 4978 ooeleste,
1595 4914 1628 4964 et
1635 4910 1777 4978 partiei-

72 5001 164 5054 votus
204 4999 348 5057 inventus
385 5002 491 5058 tueris.
517 5002 575 5059 Sed
611 5002 755 5076 decipior,
785 5003 900 5075 inquis,
949 4997 1107 5068 perfecti
1133 5005 1213 5054 5555
1238 5000 1383 5068 Spiritus
1410 5000 1530 5068 saneti,
1558 5002 1783 5067 gustuoerunt

72 5090 188 5159 putans
202 5103 251 5143 me
266 5088 450 5146 satisfecisse
459 5106 530 5147 cum
543 5091 619 5146 satis
633 5106 695 5147 non
711 5089 903 5147 fecerimllle
955 5088 1175 5142 nibilominus
1197 5088 1315 5142 bouum
1331 5089 1389 5142 Dei
1412 5087 1556 5155 certum,
1573 5087 1780 5156 virtutesque

72 5176 150 5232 mihi
165 5176 302 5249 injunxit
315 5181 351 5234 ut
366 5182 488 5235 tantum
503 5181 635 5236 iacerem
650 5184 680 5235 et
694 5195 756 5235 non
769 5178 903 5252 amplius
956 5176 1069 5231 soeculi
1083 5177 1217 5230 uenturi
1231 5181 1263 5231 et
1268 5177 1420 5245 prolapsi
1431 5179 1522 5241 suut,
1539 5175 1695 5229 renovari
1707 5189 1783 5228 rur·

74 5266 151 5323 mihi
166 5269 318 5341 praecepit.
337 5269 413 5324 Ecce
429 5271 528 5325 totum
548 5270 605 5325 1555
632 5272 662 5324 55
678 5284 740 5325 non
756 5268 901 5323 satisfeci.
956 5278 1013 5318 sus
1041 5265 1084 5318 ad
1107 5265 1354 5333 penitentiam,
1384 5278 1522 5318 rursum
1555 5262 1784 5334 crucifigentes

76 5353 161 5412 Vade
180 5357 269 5428 quasi
286 5372 411 5412 securus
427 5357 466 5413 ad
487 5357 597 5427 Deum,
612 5359 727 5429 putans
750 5370 800 5410 me
814 5356 903 5410 satis·
956 5352 1168 5422 sibimetipsis
1190 5354 1317 5408 Filium
1331 5354 1389 5408 Dei
1410 5357 1442 5407 et
1461 5352 1606 5407 ostentui
1626 5351 1784 5405 55555555

81 5442 188 5499 1555555
200 5444 246 5499 1115
258 5460 327 5500 oum
342 5445 444 5501 adhuc
458 5449 561 5501 teneor
575 5444 816 5516 obligatus,quia
828 5444 904 5499 satis
959 5441 1062 5511 (11555.
1073 5440 1116 5512 x).
1127 5440 1167 5496 Et
1180 5456 1322 5496 rursum:
1341 5441 1532 5496 Voluntaria
1547 5441 1636 5494 euim
1646 5453 1786 5507 pecean-

82 5545 144 5586 nou
165 5531 297 5587 fecerim.
314 5532 414 5598 Quare
435 5549 517 5604 ergo,
535 5532 651 5604 inquis,
666 5532 782 5586 iactum
803 5535 850 5586 555
869 5536 905 5589 ut
958 5530 1054 5597 titus,
1064 5533 1139 5597 post
1160 5533 1324 5597 acceptam
1350 5530 1507 5584 notitiam
1531 5527 1697 5593 ueritatis,
1710 5527 1785 5594 jum

82 5616 175 5673 talem
187 5620 374 5678 sacerdotem
389 5636 450 5678 non
463 5621 593 5676 habeam
606 5620 661 5692 qui
670 5619 747 5676 mihi
757 5619 838 5677 dicat
848 5620 906 5677 hoe
957 5633 1023 5673 555
1035 5617 1241 5686 relinquitur
1249 5632 1312 5686 pro
1326 5619 1472 5686 peccatis
1494 5617 1601 5671 hostia
1614 5615 1721 5683 (Hebr.
1738 5612 1785 5683 x).

83 5706 166 5783 quod
179 5711 299 5781 oportet
312 5707 327 5764 t
340 5709 422 5767 Audi
436 5723 542 5782 quare.
558 5709 685 5782 Propter
704 5712 828 5783 peccata
851 5712 906 5766 tus
958 5705 997 5761 115
1009 5705 1123 5760 iterum
1146 5703 1295 5775 scriptum
1315 5703 1390 5760 alibi
1406 5703 1573 5760 invenitur.
1598 5700 1678 5767 Quia
1698 5699 1788 5758 locus
