3742 6082
54 205 122 258 {tot
741 195 788 251 DE
806 193 952 253 NUPrlls.
972 197 1038 255 [ιιι.
1059 201 1080 254 ι.
1102 220 1106 225 ·
1276 215 1279 219 ·
1686 204 1772 264 4201

51 326 248 397 vulpesque
263 324 361 378 Graece
371 320 500 384 ἀλώπεκες
513 321 644 393 alopecae
656 323 882 394 nuncupantur,
901 325 925 377 Α
939 320 1074 394 piationi.
1087 322 1169 380 Unde
1184 322 1215 380 in
1231 323 1359 381 canticis
1372 325 1497 382 dicitur:
1514 326 1628 396 Capilli
1640 327 1687 383 tui
1696 329 1774 385 sicut

51 412 133 468 hunc
153 426 233 483 saepe
248 409 413 482 patiuntur.
431 409 512 466 Sicut
536 414 637 466 autem
657 408 795 482 superius
810 408 886 464 dixi·
941 427 1043 484 greges
1059 429 1234 484 caprorum,
1250 431 1316 486 qliae
1339 417 1538 473 ascenderant
1552 417 1590 473 de
1603 423 1702 475 monte
1717 418 1774 475 Go-

52 518 132 570 mus,
146 515 231 555 mens
247 500 290 553 est
305 502 396 570 caput
409 498 558 554 interioris
569 497 713 569 hominis,
726 497 825 571 capilli
839 513 888 553 ve·
943 502 1016 558 lond
1030 501 1128 574 (Cant.
1141 505 1191 575 ιι).
1218 507 1271 560 Per
1296 504 1420 578 capillos
1440 504 1612 576 intelligitur
1625 504 1773 564 subtilitas

52 609 86 649 ro
101 589 205 664 capitis
228 595 297 644 suut
311 588 447 645 discretae
463 588 658 659 cogitationes
673 589 793 645 mentis.
810 591 886 644 Prae·
942 591 1139 661 cogitationis,
1165 598 1342 665 comparata
1368 593 1476 666 capris,
1499 594 1582 666 quia,
1607 601 1640 653 ut
1663 611 1772 670 capra,

52 680 149 735 dictus
166 683 267 735 autem
281 677 384 733 fumus
406 677 559 734 moraliter
578 682 623 735 est
636 676 888 752 providentiaha·
942 678 1059 736 excelsa
1080 680 1162 753 petit,
1178 685 1205 738 et
1230 681 1254 737 si
1278 681 1402 754 quando
1421 681 1579 754 temporali
1602 682 1775 756 astringitur

51 768 115 827 bita
138 767 282 825 derebus
303 766 421 823 tuturis.
451 769 491 823 Ex
516 766 600 824 fumo
615 767 696 825 enim
710 766 819 841 capilli,
835 764 887 839 qui
942 769 1127 840 necessitate,
1151 787 1214 827 uon
1237 776 1338 828 tamen
1362 769 1402 827 ab
1429 775 1540 827 aterno
1561 769 1644 829 bono
1666 773 1776 832 excidit

53 863 144 933 caput
158 860 271 928 tegunt,
287 855 420 929 quotidie
440 861 590 927 crescunt,
603 861 632 914 et
650 872 687 914 ex
699 855 889 931 providentia
942 856 1115 915 intentione.

52 947 189 1004 discretae
221 944 416 1016 cogitationes
449 947 609 1020 prodeunt,
640 962 709 1021 quac
738 949 888 1025 secretum
1118 952 1185 1006 Cir.
1199 951 1276 1006 ilxll.
1296 952 1341 1007 De
1355 950 1458 1007 dolore
1470 950 1593 1022 frontis

32 1036 162 1095 'mentis
185 1034 386 1092 abscondunt.
403 1035 459 1102 Qui
482 1040 583 1094 autem
608 1037 666 1093 hoc
689 1035 774 1092 fumo
796 1037 886 1102 caret,
977 1037 1075 1094 Frons
1088 1039 1221 1095 mulieris
1240 1041 1403 1097 meretricis
1415 1040 1502 1109 sactu
1517 1046 1560 1097 est
1575 1039 1777 1108 tibi,aoluisti

54 1127 157 1184 calvus
170 1124 231 1181 fiet.
249 1123 387 1182 Similiter
401 1124 533 1194 animus,
547 1123 600 1199 qui
614 1125 646 1182 in
660 1123 785 1195 agendis
797 1123 889 1179 rebus
943 1126 1114 1184 crudescere
1127 1127 1197 1199 (ier.
1211 1129 1264 1200 ιιι).
1281 1131 1322 1185 De
1341 1127 1477 1186 adultera
1491 1129 1615 1186 muliere
1626 1131 1776 1204 propheta

53 1213 275 1288 providentiam
289 1212 467 1285 nonhabet,
482 1213 586 1271 calvus
608 1217 744 1287 apparet.
769 1215 827 1268 Nec
842 1210 888 1267 di·
942 1213 1084 1288 loquitur,
1100 1221 1133 1272 ut
1146 1216 1183 1274 de
1199 1232 1235 1274 aa
1248 1217 1338 1290 quasi
1350 1217 1456 1274 dolens
1471 1218 1614 1292 conqueri
1627 1218 1773 1277 videatur.

55 1309 141 1361 cretoe
168 1301 363 1374 cogitationes
380 1306 513 1360 mentem
528 1303 715 1376 cooperiunt,
731 1301 784 1357 sed
805 1299 889 1373 quod
942 1306 996 1361 Per
1010 1320 1077 1361 eam
1102 1305 1252 1379 siquidem
1266 1307 1400 1363 animam
1422 1323 1521 1364 sermo
1536 1308 1657 1365 divinus
1671 1307 1776 1366 intelli·

55 1393 178 1450 interius
187 1390 404 1461 latet,exterius
414 1391 585 1448 videntibus
598 1395 735 1465 apertum
747 1389 887 1446 reddunt.
943 1393 994 1464 git,
1011 1409 1079 1466 quoe
1095 1396 1189 1452 Deum
1203 1395 1304 1452 videre
1319 1395 1495 1454 desiderans
1515 1395 1644 1455 frontem
1658 1397 1776 1472 pudici·

56 1482 148 1540 Nullae
163 1497 233 1538 vero
256 1480 413 1537 medicinae
432 1481 607 1554 proderunt,
623 1479 676 1536 ubi
690 1478 824 1536 discretae
838 1494 888 1536 co·
942 1481 991 1538 tire
1023 1481 1219 1556 simplicitatis
1245 1483 1394 1542 velamine
1422 1489 1521 1556 tegere
1550 1485 1712 1544 consuevit.
1747 1485 1778 1544 Si

56 1570 214 1643 gitatioues
236 1568 353 1625 desunt.
378 1568 407 1626 Si
432 1573 533 1626 autem
557 1568 659 1625 tumus
682 1584 720 1625 ex
741 1571 803 1625 toto
827 1583 889 1624 non
944 1574 1044 1626 autem
1083 1572 1197 1644 peccati
1235 1572 1360 1629 morbus
1400 1573 1498 1630 eidem
1531 1573 1695 1645 advenerit,
1723 1589 1778 1648 per

56 1659 211 1729 amittitur,
225 1657 278 1713 sed
301 1656 400 1713 solum
416 1673 453 1714 cx
467 1658 569 1732 aliquo
588 1658 716 1714 humore
729 1655 889 1727 inficiatur,
909 1681 930 1734 g
944 1657 1162 1731 impudicitiam
1186 1660 1314 1717 frontem
1329 1662 1550 1734 discoopertam
1567 1663 1650 1733 gerit,
1667 1667 1696 1720 et
1709 1679 1778 1736 quac

58 1755 86 1807 et
121 1747 280 1805 infirmitas
313 1752 457 1804 nascatur
488 1764 557 1821 quae
592 1747 726 1820 alopecia
755 1752 889 1817 vocatur,
944 1747 1028 1820 prius
1040 1748 1119 1819 juste
1140 1749 1264 1820 vixerat,
1281 1750 1399 1821 abjecto
1419 1750 1615 1825 simplicitatis
1629 1751 1778 1809 velamine

58 1856 95 1896 ex
107 1837 204 1896 calore
218 1837 293 1893 cutis
312 1836 391 1894 illius
404 1836 463 1894 loci
488 1837 597 1910 poterit
610 1836 753 1908 cognosci
773 1853 809 1894 ex
828 1852 890 1911 quo
944 1841 1102 1911 peccatum
1128 1839 1291 1911 praedicare
1316 1855 1378 1895 non
1402 1845 1508 1896 cessat.
1524 1841 1609 1906 Quod
1625 1841 1650 1897 si
1668 1841 1700 1898 in
1713 1840 1779 1898 reli·

57 1930 184 1986 humore
196 1928 260 1984 hoec
275 1926 434 1985 infirmitas
448 1927 571 1985 oriatur.
583 1927 612 1986 Si
626 1927 708 1984 enim
722 1927 820 1984 activa
834 1931 889 1994 est,
945 1926 1033 1998 gione
1058 1927 1147 1984 alicui
1174 1931 1327 1998 contingat
1352 1929 1497 1999 gravioris
1525 1928 1638 2003 eulpae,¹
1656 1931 1779 1987 seacula·

59 2018 156 2076 calida
170 2022 199 2074 et
212 2016 301 2084 sicca,
310 2033 372 2074 non
387 2017 561 2074 dubitamus
572 2033 609 2073 ex
621 2016 741 2073 cholera
755 2020 890 2072 exortam
944 2015 1028 2072 ribus
1044 2016 1271 2073 incitamentum
1285 2021 1416 2091 praestat.
1438 2019 1555 2082 Quanto
1570 2017 1651 2075 enim
1665 2019 1778 2091 gradm

59 2123 123 2164 esse
146 2107 247 2164 rubra.
276 2106 356 2164 Sicut
383 2110 484 2163 nutem
506 2105 537 2161 in
563 2105 750 2162 Passionario
772 2104 889 2175 legitur,
945 2104 1040 2173 altior,
1056 2110 1138 2163 tanto
1153 2123 1240 2163 casus
1255 2106 1383 2177 gravior.
1410 2107 1493 2163 Unde
1508 2122 1561 2180 per
1578 2109 1685 2165 isaiam
1706 2108 1777 2166 dici·

59 2201 185 2270 oportet,
201 2201 233 2253 ut
256 2195 466 2268 myrobalano,
483 2195 514 2252 id
535 2200 579 2252 est
594 2195 793 2265 unguentaria
808 2194 891 2264 glun·
946 2200 1010 2251 tur:
1036 2196 1195 2269 Erubesce,
1217 2196 1320 2265 Sidou,
1334 2197 1384 2268 ait,
1398 2212 1482 2255 more
1498 2198 1568 2269 (lea.
1584 2199 1677 2271 ιιιιιιι).
1695 2198 1778 2256 unde

60 2287 107 2353 de,
123 2284 213 2353 viola,
239 2283 400 2353 absinthio,
418 2288 446 2341 et
470 2283 518 2340 his
542 2283 692 2340 similibus
716 2283 889 2340 medicetur.
945 2284 1125 2355 Gregorius:
1150 2285 1362 2359 «Plerumque,
1378 2285 1484 2359 inquit,
1500 2272 1668 2345 exactione
1683 2304 1778 2345 seecu-

60 2374 287 2448 Myrobalanum
313 2373 469 2431 oculorum
491 2373 614 2446 prodest
634 2373 720 2430 visui.
741 2372 823 2430 Viola
847 2375 891 2428 est
944 2373 1053 2429 larium
1074 2374 1267 2430 contunditur
1295 2375 1372 2431 actio
1398 2375 1618 2447 religiosorum,
1640 2377 1715 2434 dum
1737 2376 1779 2434 illi

60 2462 183 2519 humilis
208 2463 312 2520 herba.
329 2462 519 2519 absinthium
545 2467 589 2519 est
612 2463 804 2520 amarissum.
825 2464 891 2518 liae
946 2460 1024 2517 ultra
1037 2460 1174 2517 habitum
1196 2468 1356 2519 assumunt
1379 2479 1481 2536 opera,
1496 2468 1525 2519 ct
1537 2464 1584 2521 isti
1596 2465 1683 2536 juxta
1697 2464 1779 2521 ordi·

62 2553 143 2609 euim
158 2553 296 2609 triacum
311 2551 372 2608 suis
387 2551 533 2608 similibus
548 2551 767 2624 providentiam
784 2550 892 2607 mentis
945 2566 1016 2607 nem
1041 2551 1197 2624 proprium
1223 2567 1285 2607 non
1309 2552 1439 2608 excitant
1462 2553 1587 2610 corda.»
1610 2557 1644 2610 ln
1666 2553 1776 2612 Sidone

60 2642 178 2713 jrrvant,
206 2646 238 2698 ut
266 2640 375 2714 capilli,
404 2641 435 2696 id
464 2645 509 2697 est
535 2641 729 2711 cogitationes
757 2639 891 2696 discretae
946 2639 1058 2712 quippe
1082 2639 1230 2708 figuratur
1253 2640 1398 2697 stabilitas
1418 2641 1638 2712 religiosorum,
1653 2643 1687 2699 in
1701 2642 1780 2699 mari

64 2735 209 2803 crescant,
233 2747 288 2788 uec
316 2731 458 2787 defluant.
486 2733 606 2804 Oportet
628 2731 719 2800 euim,
742 2734 775 2786 ut
799 2727 892 2786 oculis
946 2744 1018 2783 vero
1033 2727 1092 2783 vita
1106 2727 1305 2785 secularium.
1319 2729 1409 2795 Quasi
1419 2744 1552 2803 argoper
1564 2746 1671 2787 vocem
1685 2730 1780 2788 maris

64 2822 163 2879 cordis
204 2821 318 2894 peccati
357 2820 500 2877 morbum
538 2821 696 2891 diligenter
732 2819 891 2892 inspicias;
947 2816 987 2873 ad
1011 2817 1225 2873 verecundiam
1254 2817 1346 2875 Sidon
1376 2817 1545 2889 adducitur,
1575 2818 1701 2892 quando
1726 2835 1780 2894 per

64 2912 214 2970 humiliter
228 2910 408 2979 confitearis,
424 2927 526 2967 amare
541 2910 696 2984 poeniteas.
718 2912 777 2966 Hoc
793 2915 894 2965 autem
948 2906 1206 2978 comparationem
1233 2907 1301 2962 vitre
1330 2907 1530 2978 saecularium,
1559 2907 1778 2982 religiosorum,

64 3002 263 3060 medicamine
277 3000 379 3068 iacies,
398 3005 429 3058 ut
451 3001 618 3072 inhaereant
631 2999 718 3072 capiti
739 2998 848 3072 capilli,
863 2998 894 3055 id
914 3031 934 3086 C
949 2996 1002 3070 qui
1016 2995 1132 3063 muniti,
1144 3000 1173 3053 et
1186 2997 1273 3069 quasi
1288 2997 1409 3053 stabiles
1422 3002 1593 3066 cernuntur,
1605 2998 1666 3055 vita
1678 3014 1781 3072 repro-

66 3098 109 3150 est
132 3092 266 3166 provida
286 3091 489 3162 cogitationes.
514 3093 554 3147 De
569 3089 664 3163 capite
684 3088 834 3162 siquidem
848 3105 895 3145 ca·
949 3085 1047 3141 batur.
1058 3086 1201 3155 Noluisti,
1216 3085 1323 3158 inquit,
1339 3087 1517 3144 madescere.
1532 3088 1713 3144 Erubescera
1725 3103 1781 3144 uo·

66 3182 128 3255 pilli
154 3182 338 3256 quandoque
361 3181 508 3248 defluunt,
531 3186 561 3236 ct
582 3179 613 3235 in
639 3184 749 3236 terram
773 3179 894 3246 cadunt,
949 3174 1012 3243 luit,
1036 3175 1089 3248 qui
1110 3176 1254 3247 poenitere
1276 3176 1436 3233 recusavit.
1453 3177 1554 3234 Rubor
1573 3177 1662 3247 ig'itur
1676 3178 1781 3235 frontis

67 3277 96 3330 et
109 3273 167 3328 hoc
181 3271 215 3328 fit
237 3270 353 3345 quoties
374 3269 567 3342 cogitationes
593 3269 701 3325 mentis
716 3267 839 3326 terrenis
854 3267 897 3324 iu·
950 3268 993 3320 est
1008 3264 1106 3337 pudor
1119 3264 1298 3336 poenitentis.
1327 3265 1356 3323 Si
1378 3265 1445 3338 quis
1469 3265 1559 3336 igitur
1572 3267 1611 3324 ab
1625 3266 1684 3323 hac
1697 3266 1781 3324 infir·

67 3363 161 3427 hiant,
189 3366 217 3417 et
252 3365 369 3416 terrena
400 3357 626 3432 concupiscunt.
652 3357 799 3413 inhaerent
824 3372 896 3412 vero
950 3353 1051 3410 mitate
1066 3353 1163 3410 curari
1177 3353 1335 3423 desiderat,
1347 3371 1471 3413 necesse
1483 3360 1527 3413 est
1539 3362 1572 3413 ut
1584 3356 1782 3431 emplastrum

69 3450 167 3524 capiti,
179 3449 296 3523 quoties
307 3448 453 3505 inhaerent
466 3447 573 3503 divinae
590 3446 754 3518 majestatis
766 3449 897 3502 contem·
950 3443 1138 3500 verecundiae
1152 3442 1243 3500 fronti
1258 3449 1452 3518 superponat.

70 3603 153 3659 Finis
167 3601 264 3658 libelli
276 3601 319 3658 De
329 3599 478 3656 uindiciae
490 3599 597 3655 anima
612 3604 759 3670 quotenus
769 3604 888 3655 castore
899 3601 1066 3666 compertus
1081 3600 1123 3652 est
1137 3612 1144 3650 ι
1158 3610 1229 3652 nain
1239 3595 1275 3652 de
1287 3596 1422 3664 plurium
1437 3594 1608 3652 morborum
1619 3601 1648 3652 et
1662 3595 1784 3667 ωριιιιι-

365 3670 639 3727 circamanentium
654 3670 819 3740 spirituali,
834 3674 867 3723 nt
881 3683 919 3725 en
930 3669 1056 3738 prologo
1069 3671 1165 3737 potet,
1182 3681 1270 3736 cgere
1283 3668 1489 3723 constituerat.

483 4036 578 4155 [ili
627 4032 922 4155 NUPTIIS
973 4030 1169 4154 LIBRl
1226 4032 1373 4156 buo

95 4279 254 4363 Quorum
272 4278 370 4374 prior
384 4282 439 4350 est
457 4278 501 4353 de
521 4276 655 4375 nuptiis
678 4272 880 4350 carnalibus
900 4273 1072 4362 vitandis;
1097 4275 1286 4370 posterior,
1305 4274 1349 4348 de
1365 4273 1498 4370 nuptiis
1512 4272 1760 4371 spiritualibus

795 4390 1056 4489 amplexandis.

783 4640 1075 4788 enonoeus

112 4885 188 4939 lium
203 4886 240 4951 te,
256 4881 441 4951 charissime,
457 4879 563 4937 mundi
583 4879 676 4950 hujus
691 4877 797 4948 agitari
811 4876 952 4933 fluctibus
966 4876 1129 4950 conspicio,
1144 4877 1235 4932 timeo
1250 4893 1287 4933 ne
1302 4882 1355 4934 aut
1367 4878 1501 4951 pondere
1512 4878 1684 4940 divitiarum
1698 4898 1784 4957 pres-

75 4988 138 5043 sus,
153 4975 205 5028 aut
215 4971 379 5042 juventutis
394 4971 509 5043 impetu
523 4968 709 5041 compulsus,
724 4966 892 5042 periculum
916 4967 1021 5039 Scyllae
1035 4965 1187 5035 voraginis
1202 4965 1346 5023 incurras.
1363 4972 1455 5024 Amor
1469 4968 1578 5026 etenim
1593 4972 1726 5029 mulieris
1738 4975 1785 5029 est

74 5061 163 5135 quasi
172 5061 314 5134 quaedam
328 5075 441 5130 vorago
456 5058 570 5127 mortis,
586 5057 668 5114 velut
681 5057 764 5114 unda
779 5056 987 5128 submergens.
1011 5056 1094 5126 bigat
1107 5071 1195 5113 amor
1208 5056 1353 5128 mulieris,
1370 5058 1423 5115 sed
1438 5063 1508 5117 tunc
1519 5063 1640 5133 gravius
1654 5076 1723 5118 cum
1737 5060 1784 5116 in-

74 5148 265 5207 dissolubiliti
278 5148 360 5205 nodo
375 5147 507 5220 conjugii
521 5147 684 5219 stringitur.
700 5145 839 5204 Mittimus
853 5161 925 5217 ergo
940 5144 1142 5202 summitatem
1157 5145 1281 5202 funiculi
1296 5146 1455 5219 spiritualis
1465 5153 1498 5206 ut
1512 5149 1648 5216 haberis,
1664 5163 1702 5204 ne
1717 5147 1784 5204 vin-

75 5239 143 5295 culo
158 5237 289 5308 conjugii
304 5237 442 5293 tenearis
460 5237 622 5294 summitas
635 5234 759 5292 funiculi
774 5235 913 5310 spiritalis
929 5240 973 5291 est
989 5250 1088 5290 sermo
1111 5240 1221 5291 sancta
1240 5237 1462 5294 exhortationis.
1478 5239 1539 5293 lloc
1560 5235 1693 5293 funiculo
1705 5239 1784 5295 lere-

75 5328 152 5384 mias
166 5327 277 5383 intixus
292 5325 323 5381 in
334 5325 406 5382 limo
421 5327 555 5383 cistemre
567 5325 674 5383 veteris
688 5329 836 5381 extractus
849 5323 1005 5396 respiravit
1019 5323 1137 5395 (ierem.
1153 5323 1282 5395 xxxviii).
1300 5323 1438 5381 Trahitur
1450 5323 1592 5380 ieremias
1607 5327 1636 5379 et
1649 5323 1786 5383 educitur

76 5417 114 5472 da
128 5417 255 5474 cisterna
269 5420 297 5472 et
310 5416 475 5473 mundatur
489 5433 508 5472 a
523 5415 701 5484 contagione
724 5413 788 5478 luti,
805 5429 875 5469 cum
898 5413 991 5470 modo
1010 5416 1151 5486 peccator
1165 5412 1266 5469 emens
1290 5427 1344 5485 per
1357 5410 1562 5485 poenitentiam
1585 5409 1753 5468 absolvitur
1767 5429 1786 5471 a

77 5504 145 5560 labe
160 5505 283 5576 peccati.
296 5505 439 5561 ieremias
456 5503 580 5561 trahitur
594 5502 727 5559 funiculo
739 5501 873 5559 involuto
886 5501 1035 5559 veteribus
1048 5501 1233 5575 pannis,nos
1247 5507 1347 5558 autem
1361 5505 1492 5556 veterum
1508 5501 1628 5555 Petrum
1639 5500 1786 5557 trahimur

78 5592 232 5664 exemplis.
248 5594 323 5651 audi
337 5594 436 5664 igitur,
450 5593 555 5649 dilecte
578 5592 631 5660 mi,
647 5608 715 5665 quae
739 5594 808 5648 sunt
831 5589 1025 5648 incommoda
1044 5589 1228 5663 nuptiarum,
1242 5605 1297 5646 nec
1319 5585 1569 5660 philosophorum
1588 5591 1717 5661 tanturn,
1732 5588 1786 5646 sed

79 5680 169 5738 etiam
182 5679 353 5740 divinorum
366 5683 488 5743 monitis
503 5681 678 5756 nequissem
699 5684 896 5754 utrorumque
909 5679 990 5740 enim
1005 5678 1143 5754 exempla
1156 5677 1282 5753 posituri
1296 5690 1410 5740 simus.
1680 5692 1683 5697 ·
