3742 6082
96 197 151 257 187
398 195 576 255 nescius
594 194 649 254 DE
668 196 699 253 S.
718 191 898 252 VICTORE.
918 189 1003 247 OPP.
1023 190 1124 249 PARS
1141 192 1181 250 ΙΙ.
1200 222 1237 235 -
1267 187 1511 249 noemenias.
1752 185 1813 244 188

98 338 152 395 ges
163 321 341 395 desponsari
356 322 534 380 instituunt.
550 322 630 378 Nam
645 320 729 393 quod
752 321 858 392 postea
872 315 923 372 ad·
938 313 966 371 A
978 319 1144 390 accipimus
1153 320 1186 376 in
1201 335 1235 376 eo
1251 319 1375 392 quando
1388 329 1537 373 consensu
1551 309 1689 368 maritali
1700 308 1811 380 conju·

95 411 210 484 jungit,
225 409 314 467 aliter
327 416 515 483 praesumpta
537 409 710 464 adulterina
724 405 926 462 contubernia
979 407 1064 478 3111111
1075 409 1308 476 33331131,13313
1320 410 1394 462 tunc
1404 406 1506 477 ipsum
1518 400 1695 472 conjugium
1704 397 1812 454 133113

97 499 211 573 potius,
226 499 275 555 vel
291 503 398 571 stupra
414 514 488 567 esse,
504 513 598 568 quam
619 496 757 566 legitima
772 494 924 566 conjugia,
979 495 1025 551 ari
1040 501 1070 551 et
1083 512 1194 552 nomen
1209 496 1348 568 conjugis
1373 492 1489 548 assumi
1513 491 1634 546 dicitur.
1653 487 1685 543 Si
1701 492 1811 543 autem

98 588 258 643 confestim
270 587 469 658 subsequenti
485 600 623 640 sermone
633 586 792 655 temperat,
800 583 903 639 diceus
916 600 922 637 :
978 583 1245 656 desponsationem
1260 583 1462 654 intelligimus
1482 581 1514 635 13
1529 595 1563 635 33
1586 576 1668 650 quod
1680 577 1811 631 1111111113

100 676 169 733 Nisi
182 676 260 731 forte
281 673 425 729 voluntas
448 674 573 745 propria
596 674 764 744 suffragata
778 673 880 741 fuerit,
895 674 926 726 et
980 671 1018 728 ad
1040 674 1216 744 conJ‘ugium
1229 672 1402 728 iaciendum
1421 683 1588 726 consensus
1604 665 1809 738 promittitur,

98 768 172 821 vota
187 761 390 817 succurrerint
403 762 550 832 legitima.
558 762 624 818 Illic
631 762 774 832 erg0,ubi
782 761 925 816 voluntas
980 764 1053 817 tunc
1065 762 1188 832 quidem
1202 762 1378 833 eonjugium
1389 760 1422 814 13
1435 759 1474 813 113
1488 772 1555 829 quae
1568 754 1744 826 conjugium
1757 770 1811 808 an-

98 850 221 925 propria
234 855 264 904 et
278 853 384 905 votum
394 850 566 920 legitimum
581 851 744 918 succurrit,
756 850 925 905 3113133133
978 850 1121 905 tecedunt
1134 850 1273 905 inchoari
1297 849 1423 915 dicitur,
1438 850 1467 902 et
1480 846 1518 900 ab
1540 844 1610 900 inde
1629 843 1721 898 etiam
1736 859 1808 914 quae

97 938 148 996 his
159 938 303 994 omnibus
315 938 488 1010 legitimum
504 939 681 1011 conjugium
692 953 758 994 esse
772 941 881 1010 potest.
893 937 925 993 Si
979 936 1084 993 futura
1098 943 1145 993 est
1164 938 1287 1009 conjux,
1303 939 1427 1014 propter
1439 951 1474 989 33
1496 933 1609 1005 quibus
1620 932 1684 1002 jam
1699 931 1808 1003 conju·

98 1026 180 1082 enim
191 1026 368 1097 conjugium
376 1043 442 1082 3333
452 1043 514 1082 333
525 1031 627 1098 potest
637 1027 690 1082 ubi
700 1026 761 1082 ista
770 1040 832 1081 non
841 1028 923 1095 sunt,
979 1027 1063 1096 gium
1079 1027 1236 1082 initiatum
1249 1029 1295 1082 331
1306 1024 1429 1080 3331133
1438 1021 1578 1094 conJugis
1588 1022 1736 1075 censetur.
1747 1017 1809 1074 Sed

98 1129 154 1170 nec
166 1114 340 1187 baptismus
355 1130 420 1171 esse
434 1118 545 1186 potest,
559 1115 613 1170 ubi
629 1131 691 1170 non
705 1114 848 1186 praecedit
862 1114 926 1169 ion·
979 1115 1104 1171 utlibet
1120 1114 1156 1170 de
1171 1114 1220 1171 his
1235 1119 1264 1170 et
1275 1115 1311 1170 de
1322 1111 1499 1185 hujusmodi
1512 1110 1673 1177 sentiatur,
1682 1110 1808 1162 tantum

98 1203 140 1259 tis
155 1203 352 1272 consecratio,
364 1203 542 1274 baptizandi
555 1205 746 1272 exorcizatio,
759 1208 788 1258 et
798 1202 852 1258 ubi
863 1217 925 1258 333
979 1206 1015 1259 111
1027 1203 1203 1274 conjugium
1219 1217 1272 1258 nec
1287 1206 1357 1257 ante
1366 1200 1495 1271 legitimi
1505 1212 1672 1254 consensus
1683 1199 1810 1252 attesta-

99 1290 239 1362 sequitur
253 1289 311 1347 3131
322 1295 352 1346 31
367 1291 542 1347 chrismatis
554 1293 670 1348 unctio.
686 1292 744 1348 Sed
758 1292 837 1347 sicut
850 1291 924 1363 bap·
980 1290 1104 1359 tionem,
1120 1291 1153 1346 in
1168 1306 1228 1362 quo
1243 1293 1372 1362 uterque
1387 1288 1474 1343 alteri
1487 1287 1525 1342 ad
1538 1283 1707 1357 conjugalis
1717 1283 1810 1339 133113-

98 1378 210 1434 11311133
223 1393 287 1433 3333
300 1383 400 1450 potest
408 1381 474 1434 sine
483 1380 562 1449 istis,
574 1381 786 1452 quamvisista
794 1380 926 1436 debeant
979 1379 1022 1434 ris
1037 1379 1211 1434 societatem
1227 1395 1258 1435 se
1269 1378 1373 1446 tradit,
1386 1392 1492 1431 verum
1505 1390 1571 1430 esse
1585 1373 1737 1440 credatur,
1749 1387 1808 1427 nec

98 1481 165 1522 esse
176 1481 245 1521 cum
251 1466 416 1536 baptismo,
429 1468 474 1522 ita
483 1472 513 1523 31
523 1469 588 1524 3133
598 1468 660 1524 illis
670 1469 846 1539 conjugium
860 1484 925 1524 esse
979 1471 1083 1539 postea
1099 1468 1321 1538 imperfectum.
1334 1466 1388 1521 Vis
1402 1465 1478 1520 scire
1488 1463 1563 1536 quid
1574 1458 1656 1517 dico?
1666 1461 1744 1515 Cum
1754 1460 1809 1514 ille

98 1557 210 1626 potest,
226 1554 319 1608 etiarn
331 1554 376 1609 ibi
387 1556 442 1611 ubi
457 1555 510 1611 illa
523 1557 557 1612 in
570 1558 712 1629 conjugio
727 1561 839 1612 etcum
855 1572 924 1612 con·
979 1556 1053 1611 dicit
1069 1572 1074 1609 :
1091 1556 1155 1626 Ego
1169 1559 1199 1610 13
1215 1556 1329 1627 accipio
1344 1554 1376 1608 13
1391 1568 1501 1621 meam,
1517 1556 1552 1606 ut
1564 1550 1704 1621 deinceps
1722 1551 1753 1603 et
1769 1551 1805 1602 tu

95 1642 182 1715 jugia
204 1657 270 1697 esse
292 1641 414 1698 debent.
430 1644 510 1699 Nam
530 1644 613 1715 quod
623 1645 800 1716 conjugium
816 1661 878 1700 non
893 1646 925 1700 in
940 1653 966 1710 Β
979 1659 1057 1699 uxor
1069 1659 1138 1698 mea
1148 1643 1200 1712 sis,
1212 1648 1242 1698 et
1257 1659 1311 1713 ego
1319 1643 1450 1698 maritus
1462 1642 1577 1709 tuus,et
1588 1638 1643 1693 illa
1656 1637 1800 1693 similiter

99 1730 181 1785 coitu
197 1732 325 1799 3333131,
340 1730 393 1787 sed
411 1732 444 1787 in
469 1748 631 1802 consensu,
648 1750 703 1790 nec
722 1735 755 1789 in
775 1750 925 1790 consensu
979 1733 1051 1788 dicit
1068 1750 1073 1787 :
1090 1734 1154 1805 Ego
1169 1737 1198 1788 te
1212 1732 1326 1803 accipio
1339 1731 1375 1786 in
1386 1745 1498 1798 meum,
1514 1731 1549 1783 ut
1563 1726 1688 1797 dinceps
1700 1730 1730 1780 et
1745 1740 1803 1794 ego

98 1818 212 1887 coitus,
226 1819 300 1890 quia
314 1819 394 1875 sicut
407 1820 473 1875 sine
486 1821 569 1876 coitu
581 1838 759 1892 consensus,
774 1823 818 1878 ita
832 1824 926 1878 etiam
979 1837 1057 1876 uxor
1070 1825 1124 1877 tua
1137 1823 1194 1877 sim
1210 1824 1240 1876 et
1253 1824 1287 1876 tu
1302 1820 1433 1874 maritus
1442 1832 1539 1885 meus,
1550 1818 1605 1870 aut
1618 1813 1732 1913 scilicet
1746 1813 1806 1869 boc

99 1907 166 1962 3133
178 1921 328 1963 33333333
342 1909 441 1965 331133
455 1925 521 1965 3333
534 1915 645 1983 potest,
657 1913 683 1968 si
693 1913 771 1968 13113
781 1913 926 1985 utrinque
979 1909 1095 1978 dicunt,
1111 1913 1165 1964 aut
1179 1908 1263 1964 abud
1277 1906 1481 1980 quodcunque
1504 1903 1602 1959 simile
1620 1901 1677 1971 illi,
1692 1917 1723 1956 13
1741 1916 1805 1973 quo

99 1994 251 2050 castitatis
279 1999 309 2050 et
338 1997 534 2055 continentiae
560 2000 751 2071 propositum
778 2000 926 2072 placitum
979 1998 1126 2053 3131333
1141 1996 1326 2065 hoodicunt,
1341 1996 1398 2050 hoc
1418 1997 1519 2048 tamen
1534 1990 1720 2062 intelligunt.
1739 1989 1803 2045 Aut

99 2082 202 2153 inerit,
217 2083 326 2140 beatus
346 2085 529 2141 Ambrosius
550 2091 690 2157 testatur,
713 2088 817 2145 dicens
833 2106 838 2143 :
856 2090 926 2146 Non
979 2086 1006 2140 31
1021 2101 1083 2141 333
1095 2086 1153 2142 hoc
1168 2086 1274 2141 dicunt
1284 2085 1358 2156 quia
1367 2080 1628 2139 fortassisalicubi
1636 2079 1731 2178 verba
1740 2094 1804 2134 333

99 2170 257 2227 defloratio
271 2172 444 2243 virginatis,
460 2175 512 2229 sed
521 2178 622 2246 pactio
637 2177 807 2248 conjugalis
822 2179 924 2250 conJu·
979 2174 1180 2243 celebrantur,
1197 2173 1250 2229 sed
1275 2189 1322 2228 res
1346 2173 1457 2243 agitur,
1473 2175 1575 2226 tamen
1597 2167 1654 2223 hoc
1673 2167 1804 2223 13311131.

99 2259 186 2330 gium
199 2259 282 2314 13311.
293 2261 368 2315 Item
383 2261 584 2333 :Conjugium
596 2279 657 2318 non
670 2265 745 2319 iacit
758 2266 926 2335 coitus,sed
978 2263 1071 2318 Ducit
1085 2262 1181 2330 illam,
1191 2262 1301 2333 accipit
1314 2260 1411 2331 illam,
1420 2260 1500 2315 sicut
1511 2272 1578 2313 mos
1592 2260 1638 2311 est
1647 2255 1807 2325 legitimus

100 2361 277 2415 consensus,
294 2349 347 2418 qui
362 2348 388 2403 si
403 2348 533 2404 defuerit
547 2352 651 2406 omnia
667 2353 759 2407 etiam
774 2369 843 2408 cum
858 2355 925 2426 ipso
979 2349 1109 2405 ducendi
1124 2364 1244 2405 uxores.
1260 2348 1337 2403 Cum
1352 2348 1447 2418 igitur
1460 2346 1518 2401 boc
1531 2345 1609 2399 sicut
1622 2358 1688 2398 mos
1703 2345 1751 2398 est
1765 2342 1808 2397 di·

100 2434 184 2490 coitu
200 2434 400 2490 frustrantur.
411 2435 547 2492 Isidorus
558 2439 650 2494 etiam
665 2439 748 2510 dicit,
759 2442 842 2512 quod
856 2458 925 2499 con·
979 2441 1054 2493 cunt
1073 2437 1122 2493 vel
1142 2438 1260 2492 iaciunt
1276 2441 1304 2492 et
1326 2437 1358 2491 in
1379 2435 1436 2491 boc
1458 2433 1517 2489 sibi
1531 2431 1736 2500 consentiunt,
1749 2430 1809 2487 boc

96 2521 186 2594 juges
199 2520 303 2576 verius
327 2522 511 2594 appelantur
530 2541 548 2578 a
566 2527 666 2598 prima
679 2527 925 2599 desponsationis
979 2531 1026 2584 331
1041 2521 1805 2599 quoddicerevolo,quoddeincepsconjugessunt,

99 2591 158 2665 ilde
173 2609 315 2680 quamvis
328 2610 428 2667 adhuc
437 2611 518 2667 inter
528 2628 578 2669 eos
588 2614 746 2685 ignoretur
756 2618 925 2690 conjugalis
979 2617 1043 2672 sive
1057 2614 1115 2671 boc
1126 2614 1261 2670 dixerint
1266 2630 1274 2683 3
1291 2618 1320 2669 et
1335 2614 1367 2668 13
1387 2613 1445 2668 hoc
1460 2610 1519 2667 sibi
1533 2608 1742 2666 consenserint
1756 2624 1804 2664 co·

100 2697 290 2753 concubitus.
304 2696 362 2754 Sed
374 2699 452 2756 13113
464 2701 586 2757 videtur
598 2703 655 2759 hoc
665 2707 851 2761 contrarium
860 2723 925 2763 esse
979 2720 1045 2760 ram
1060 2703 1204 2775 legitimis
1216 2703 1346 2758 testibus
1362 2702 1441 2757 sicut
1450 2700 1572 2769 debent,
1581 2698 1646 2753 sive
1658 2696 1736 2754 forte
1744 2697 1804 2753 ¹soli

98 2784 145 2841 1111
155 2785 237 2857 quod
247 2786 387 2857 superius
397 2788 533 2845 diximus
542 2793 719 2863 conjugium
731 2793 763 2849 13
775 2810 925 2852 33333333
979 2808 1115 2850 seorsum
1126 2792 1196 2847 etin
1205 2794 1319 2847 secreto
1327 2791 1447 2846 3331133
1458 2785 1676 2845 attestanteval
1682 2790 1804 2841 astante

100 2872 236 2928 maritali
264 2875 386 2930 sanciri.
416 2875 448 2932 Si
475 2877 556 2932 enim
584 2895 603 2933 a
629 2881 730 2952 prima
762 2882 925 2955 desponsa·
979 2881 1111 2955 qualiter
1136 2896 1198 2935 non
1225 2879 1350 2948 debent;
1377 2882 1480 2934 tamen
1509 2875 1634 2934 omnino
1660 2875 1804 2946 conjuges

99 2961 192 3017 tionis
206 2961 265 3018 fide
279 2964 456 3035 conjugium
478 2966 596 3041 incipit,
619 2985 688 3024 cum
703 2970 777 3026 fides
795 2972 923 3045 despon-
942 2989 965 3044 ρ
978 2975 1061 3040 3331,
1077 2984 1131 3025 nec
1145 2969 1286 3040 deinceps
1301 2967 1360 3022 nisi
1375 2967 1436 3022 alia
1450 2968 1589 3036 emergat
1603 2979 1696 3021 causa
1710 2963 1799 3018 dissi·

101 3049 925 3132 sationisinpromissioneiuturiconsensuspraeceders
977 3059 1020 3115 dii
1035 3060 1074 3114 ab
1088 3058 1219 3113 invicem
1231 3052 1800 3128 33331311131133333331,311111ῡεὶ110·
1855 3059 1857 3064 ’

98 3136 251 3206 videatur,
267 3139 391 3209 quando
412 3142 588 3213 conjugium
604 3146 643 3201 ab
666 3134 925 3208 113311113111111311
978 3152 1045 3222 pter
1066 3147 1411 3202 13111131333333331131
1435 3144 1462 3198 31
1484 3143 1600 3198 iactum
1622 3140 1803 3212 negaverint

100 3223 221 3292 dicitur,
243 3226 349 3295 procul
375 3227 468 3283 dubio
496 3231 588 3285 etiam
612 3233 714 3304 ipsum
735 3238 925 3295 matrimonii
979 3237 1119 3293 convinci
1134 3250 1195 3289 non
1210 3234 1339 3304 possint.

100 3326 283 3367 consensum
304 3314 419 3369 anteire
435 3317 592 3386 probatur.
609 3320 666 3375 Sed
681 3323 707 3376 31
721 3323 925 3396 desponsatio
979 3325 1053 3381 Cas.
1070 3325 1121 3380 VI.
1139 3327 1182 3378 De
1206 3325 1249 3377 113
1273 3323 1331 3392 qai
1352 3323 1473 3376 occulte
1497 3320 1636 3387 331331,
1653 3319 1702 3371 331
1719 3321 1804 3386 post·

100 3414 170 3454 nem
185 3400 284 3471 ipsam
299 3401 398 3457 futuri
416 3405 605 3462 matrimonii
628 3411 799 3480 pactionem
814 3418 924 3486 311113-
1015 3428 1115 3484 quam
1136 3413 1310 3480 crepserint
1333 3414 1447 3465 contra
1471 3409 1660 3477 eonjugium
1686 3407 1804 3496 atiquo

99 3486 276 3543 missionem
289 3489 457 3561 intelligere
472 3491 627 3565 debemus,
642 3500 715 3553 tunc
729 3500 874 3559 nimirum
890 3506 923 3559 fi·
1016 3503 1158 3556 verenda
1172 3499 1315 3569 faciunt.
1679 3567 1682 3576 Ι

99 3572 167 3629 dem
179 3574 424 3648 desponsationis
438 3581 646 3652 impletionem
667 3588 879 3658 promissionis
894 3597 925 3648 et
1015 3589 1074 3645 Sed
1088 3589 1179 3644 dicis:
1193 3587 1272 3652 Quid
1284 3602 1356 3657 61110
1365 3585 1537 3641 faciendum
1548 3585 1594 3638 eflt
1603 3581 1639 3636 (¹⁰
1648 3579 1806 3650 hujusmff

98 3663 249 3744 pactio-uis
259 3666 478 3724 exhibitionem
489 3673 704 3730 convenienter
713 3678 924 3749 accipimusA
980 3679 1012 3735 di
1027 3679 1081 3751 qui
1096 3676 1233 3733 clanculo
1255 3679 1472 3744 convenerunt,
1487 3673 1512 3728 31
1532 3672 1638 3745 postea
1658 3672 1713 3722 aut
1725 3668 1806 3723 aller

100 3766 162 3824 qua
173 3753 319 3810 nimirum
332 3757 406 3827 quia
419 3757 452 3812 in
467 3759 612 3831 praedicto
627 3778 777 3821 consensu
792 3772 922 3839 constat,
979 3773 1034 3824 aut
1048 3771 1176 3839 uterque
1188 3766 1304 3820 13311131
1319 3763 1457 3835 negando
1476 3760 1514 3816 ad
1528 3759 1659 3815 alienam
1674 3756 1804 3811 societa-

99 3841 208 3896 merito
216 3844 391 3913 conjugium
403 3846 560 3903 exordium
569 3852 791 3925 sumit,quiain
799 3872 834 3911 3ο
842 3857 924 3928 quod
979 3860 1040 3913 tem
1065 3852 1240 3911 transierit?
1262 3852 1392 3918 Quidam
1415 3866 1539 3907 uxorem
1558 3846 1647 3903 duxit
1664 3845 1804 3902 clanculo

99 3926 175 3982 tides
189 3930 339 4000 pactionis
348 3936 378 3986 et
392 3935 567 4004 sponsionis
578 3953 646 4008 quae
658 3940 694 3995 de
709 3942 814 3998 11111113
822 3947 925 4017 conju·
979 3947 1045 4001 3133
1065 3944 1229 4017 praesentia
1243 3943 1368 3998 testium
1389 3941 1453 3996 solo
1476 3937 1644 3994 adinvicem
1667 3933 1804 3989 maritali

100 4014 303 4087 gioutrinque
314 4017 395 4073 13313
409 4020 509 4076 1113131
522 4022 716 4097 adimpletur,
726 4029 759 4083 in
774 4046 923 4088 consensu
978 4049 1128 4090 consensu
1142 4033 1274 4101 firmato,
1288 4031 1428 4086 devitans
1442 4033 1476 4084 ut
1489 4039 1713 4096 nonnunquam
1736 4023 1802 4077 fieri

100 4102 234 4157 maritali
246 4105 380 4177 conjugii
391 4114 617 4165 sacramentum
630 4115 794 4184 perficitur.
805 4118 923 4176 Nomen
979 4123 1056 4179 solet
1066 4122 1170 4193 aliqua
1179 4120 1215 4175 de
1223 4136 1316 4176 causa
1326 4117 1542 4174 conscientiam
1552 4113 1805 4183 alienam,postea

100 4194 202 4247 autem
215 4191 460 4266 desponsationis
473 4212 534 4253 non
543 4199 646 4270 ipsum
658 4204 793 4275 conjugii
804 4222 925 4264 consen·
977 4210 1062 4266 brevi
1076 4213 1210 4281 tempore
1233 4208 1402 4278 interjecto,
1417 4205 1599 4277 priusquam
1619 4212 1802 4256 consensum

99 4295 168 4336 sum
183 4295 244 4352 quo
268 4284 499 4340 matrimonium
522 4287 672 4359 firmatur,
686 4291 738 4346 sed
752 4296 923 4365 pactionem
935 4285 968 4384 D*
978 4299 1129 4356 occultum
1144 4299 1225 4353 facto
1239 4297 1403 4352 manifesto
1417 4294 1578 4367 probasset
1595 4290 1631 4345 de
1647 4289 1802 4357 133131133-

98 4372 128 4425 et
142 4370 376 4440 promissionem
400 4373 499 4428 futuri
522 4391 688 4433 consensus
704 4380 874 4451 significare
888 4387 922 4442 13
976 4389 1080 4456 nituit,
1097 4403 1163 4442 eam
1177 4402 1270 4459 quam
1284 4385 1316 4440 in
1331 4384 1413 4440 11333
1426 4382 1553 4438 modum
1568 4391 1695 4434 uxorem
1712 4375 1802 4429 duxe-

97 4456 163 4527 ipsa
178 4458 261 4512 vocis
283 4461 476 4529 expressione
497 4464 686 4536 conjicimus,
702 4469 775 4539 quia
787 4476 817 4526 et
831 4489 921 4545 spon·
975 4483 1024 4534 rat
1039 4476 1156 4532 dimisit
1170 4480 1181 4530 :'
1193 4475 1285 4529 aliam
1310 4474 1399 4529 duait
1412 4471 1520 4528 celebri
1536 4469 1686 4541 apparatu
1702 4464 1800 4519 mani-

96 4543 166 4599 dere
179 4559 242 4599 non
254 4545 325 4599 dare
336 4551 381 4601 est
387 4553 441 4602 aut
452 4549 560 4620 133313,
573 4553 624 4607 sed
637 4557 822 4625 promittere.
835 4562 921 4619 Unde
975 4567 1051 4621 13313
1063 4580 1164 4620 331331
1177 4562 1312 4619 Ecclesia
1326 4561 1467 4618 fortassis
1479 4574 1548 4615 cum
1563 4558 1726 4629 parentum
1741 4557 1802 4607 tra-

97 4636 127 4687 31
140 4632 306 4703 Apostolus
320 4633 393 4690 dicit
408 4652 414 4689 :
434 4637 591 4706 Despondi
605 4645 693 4698 311131
708 4662 760 4702 333
777 4652 919 4708 univiro
974 4654 1099 4722 ditione,
1109 4668 1177 4708 cum
1189 4644 1706 4716 sacerdotisbenedictioneuuptias
1719 4642 1801 4710 13311,

97 4722 259 4789 virginem
276 4728 401 4778 castam
426 4727 574 4783 exhibere
599 4731 723 4788 Christo
739 4737 769 4806 (I
780 4740 846 4793 Gor.
861 4740 916 4808 xr).
973 4742 1052 4797 filios
1066 4741 1181 4812 genuit.
1198 4740 1288 4795 Venit
1304 4741 1388 4811 prior
1400 4738 1454 4794 illa
1475 4736 1513 4792 ad
1528 4735 1705 4802 Ecclesiam,
1718 4729 1803 4806 judi·

96 4808 182 4874 Quod
198 4809 223 4863 si
238 4809 483 4882 desponsationis
502 4831 613 4872 nomen
628 4820 660 4874 in
679 4822 746 4890 ipso
761 4830 919 4883 contractu
973 4831 1053 4886 cium
1068 4828 1252 4901 interpellat,
1263 4827 1417 4899 justitiam
1427 4824 1726 4901 postulet.Injuriam
1740 4822 1802 4885 sibi

95 4898 284 4953 matrimonii
298 4899 465 4972 intelligere
478 4903 633 4976 debemus,
658 4913 731 4966 tunc
754 4913 845 4970 fidem
869 4916 918 4971 de·
972 4917 1091 4973 illatam
1106 4917 1208 4989 palam
1222 4931 1386 4988 exponens.
1401 4916 1501 4986 Negat
1515 4917 1576 4986 ille,
1588 4933 1642 4973 nec
1654 4923 1729 4974 31131
1744 4925 1802 4976 tes·

96 4986 303 5058 sponsationis
325 5005 506 5048 consensum
531 5000 646 5052 mutuae
670 5001 834 5071 societatis,
850 5020 919 5074 quae
974 5009 1019 5061 tes
1043 5006 1096 5077 qui
1112 5008 1243 5076 possunt
1257 5003 1387 5076 probare
1402 5003 1485 5076 quod
1505 5005 1657 5060 occuitum
1671 5011 1727 5062 331.
1745 5008 1805 5064 Η13

95 5075 272 5147 conjugium
287 5077 408 5149 dicitur,
418 5083 632 5140 convenienter
642 5088 817 5160 accipimus.
833 5091 919 5148 Unde
974 5094 1087 5165 quaeris
1102 5093 1177 5164 quid
1191 5093 1290 5148 iacere
1305 5091 1394 5148 debet
1409 5092 1554 5163 Ecclesia,
1570 5095 1644 5165 quia
1656 5097 1804 5170 utrinque

94 5168 124 5219 et
138 5164 174 5220 de
189 5168 286 5221 matre
300 5167 424 5223 Domini
438 5170 631 5241 Augustinus
641 5174 724 5244 dicit,
734 5176 816 5247 quod
830 5180 918 5250 apri·
971 5181 1190 5236 inconveniens
1212 5180 1329 5252 aliquid
1350 5181 1504 5237 incurrere
1518 5182 1649 5238 videtur.
1666 5183 1697 5238 Si
1720 5186 1803 5242 enim

94 5267 144 5308 ma
159 5253 404 5326 desponsationis
419 5257 477 5312 lide
492 5261 603 5332 conjux
617 5265 725 5317 vocata
739 5268 784 5319 331
793 5265 917 5337 Joscph,
971 5267 1017 5324 illi
1032 5269 1153 5324 mulieri
1177 5285 1246 5341 quae
1265 5269 1389 5341 quidem
1407 5286 1514 5325 verum
1529 5271 1613 5340 dicit,
1630 5272 1682 5327 sed
1696 5276 1802 5330 131333

93 5357 186 5413 quam
198 5344 361 5399 concubitu
371 5360 433 5401 non
445 5353 637 5418 cognoverat,
649 5365 703 5404 nec
711 5351 809 5407 133131
821 5356 920 5425 cogni·
972 5356 1124 5412 occultum
1135 5361 1191 5427 331,
1203 5373 1257 5413 333
1269 5358 1435 5430 probatum
1450 5360 1532 5431 quod
1547 5360 1668 5430 dicitur,
1686 5362 1752 5419 sine
1765 5364 1803 5420 le

93 5432 190 5485 turus.
208 5431 247 5485 Et
261 5432 443 5488 Ambrosius
459 5434 613 5501 similiter;
636 5437 828 5509 Desponsata
851 5442 917 5499 viro
971 5444 1079 5514 gitimo
1095 5447 1271 5502 testimonio
1285 5451 1410 5519 propter
1420 5448 1519 5504 solum
1532 5449 1647 5504 dictum
1661 5451 1727 5521 ejus
1738 5467 1800 5508 ere·

92 5518 231 5588 conjugis
246 5535 357 5575 nomen
371 5522 495 5592 accepit.
509 5523 585 5577 Cum
601 5524 682 5578 enim
696 5525 838 5583 initiatur
852 5546 918 5586 con·
971 5532 1064 5602 ditur,
1080 5537 1111 5589 et
1123 5551 1179 5606 pro
1194 5551 1228 5590 eo
1244 5536 1326 5607 quod
1338 5537 1488 5592 incertum
1500 5541 1546 5594 est
1559 5542 1589 5593 et
1601 5538 1801 5609 occultum,id

88 5604 210 5674 jugium
220 5610 292 5662 tunc
305 5609 441 5679 conjugii
455 5625 565 5664 nomen
575 5612 753 5683 assumitur,
762 5615 794 5670 13
803 5619 916 5689 quibus
971 5621 1052 5692 quod
1067 5626 1182 5677 certum
1199 5627 1228 5678 31
1241 5624 1441 5679 manifestum
1452 5629 1498 5681 est
1513 5626 1704 5696 dissolvitur,
1714 5632 1797 5699 pote·

90 5691 202 5762 verbis,
216 5693 296 5749 sicut
309 5710 403 5766 supra
417 5696 532 5753 dictum
547 5702 593 5755 est
607 5700 633 5754 31
649 5699 914 5774 desponsationem
969 5709 1040 5765 terit
1053 5710 1194 5783 deinceps
1207 5711 1338 5782 quilibet
1350 5713 1414 5768 sive
1429 5713 1575 5786 quaelibet
1588 5716 1621 5771 in
1636 5715 1733 5773 alium
1748 5717 1798 5773 vel
