3742 6082
52 228 108 288 725
532 220 586 279 Du
604 217 807 279 VANITA'I'E
827 214 961 277 MUNDI
983 215 1103 280 LIBER
1120 219 1302 282 TERTIUS.
1709 236 1764 296 m

52 347 286 421 dispositionem
300 346 438 403 divinam
449 346 483 402 in
495 347 587 404 rebus
599 347 762 404 transactis
786 346 881 402 consi·
894 339 922 396 A
935 347 1152 404 exterminium
1175 353 1314 406 servatus
1329 354 1376 408 est
1388 351 1423 407 in
1436 353 1552 410 mundo
1575 354 1640 410 sine
1654 356 1763 413 mortis

53 438 123 495 ders
137 436 284 511 quoniam
308 451 346 492 ss
369 435 437 508 ipsa
449 450 551 492 rerum
573 435 823 509 praetereuntium
837 450 885 491 or·
939 435 1083 506 periculo,
1099 437 1152 509 qui
1167 437 1287 494 vixerat
1297 439 1331 495 in
1345 441 1460 498 mundo
1481 442 1547 499 sins
1559 442 1639 501 dolo.
1654 445 1763 504 iustus

52 526 124 583 dine
138 525 239 581 nescio
254 539 316 598 quo
330 527 419 596 pacto
433 522 527 580 fixam
542 523 709 597 quamdam
719 522 882 596 providen-
940 524 1052 596 quippe
1074 529 1140 581 erat
1163 541 1219 582 nec
1235 527 1300 582 sine
1314 532 1437 600 peccato
1460 534 1535 602 erat,
1551 531 1604 588 sed
1625 532 1683 588 sub
1696 548 1763 606 pec·

55 615 131 671 tiam
146 611 282 670 attendo.
940 617 1008 671 cato
1022 630 1085 670 non
1099 618 1175 684 erat,
1191 617 1264 688 quia
1274 618 1406 689 gratiam
1417 619 1588 678 invenerat.
1601 621 1766 697 Propterea

90 702 128 759 R·
154 700 235 767 Ouid
252 697 388 756 mirum?
410 698 488 765 Ouia
513 699 594 755 enim
616 698 700 754 Deus
721 698 811 755 nobis
832 713 886 771 per
939 707 1146 760 monstratum
1160 708 1206 760 est
1220 706 1247 762 ei
1261 707 1294 762 in
1316 721 1377 779 quo
1393 708 1497 764 salvus
1518 725 1584 767 esse
1603 712 1764 784 potuisset,

56 806 149 865 opera
164 806 221 847 sua
233 788 382 861 loquitur,
398 787 473 860 quid
489 787 574 844 aliud
595 803 689 860 quam
713 802 819 844 vocem
841 786 884 863 lo·
939 790 1069 861 lignum,
1084 796 1114 848 et
1128 793 1323 850 venientibus
1345 795 1434 869 aquis
1457 796 1573 854 illaesus
1587 814 1766 871 permanere

56 880 181 954 quentis
194 878 233 935 ad
246 894 302 934 nos
313 877 508 950 percipimus,
516 892 586 933 cum
596 876 701 933 oculos
711 876 824 933 mentis
832 891 885 932 uo·
941 879 999 934 sub
1013 894 1090 935 arcae
1104 879 1247 949 culmine,
1263 897 1357 952 quam
1375 883 1441 956 ipse
1454 884 1618 942 fabricavit
1637 887 1764 959 jubente

57 974 130 1027 strae
144 965 416 1024 adconsideranda
428 965 583 1022 mirabilia
593 966 660 1038 ejus
674 964 851 1039 aperimus?
940 966 1015 1034 Deo,
1031 972 1067 1023 ut
1079 967 1113 1024 in
1125 969 1230 1026 futuro
1242 969 1354 1027 saeculo
1368 986 1471 1028 semen
1486 978 1667 1032 servaretur.
1785 1012 1788 1018 ,

92 1059 130 1114 A.
144 1056 238 1128 Perge
248 1056 353 1127 igitur,
362 1058 624 1127 etprosequamur
634 1070 747 1127 eaquae
757 1057 886 1124 restant,
976 1057 1054 1113 Amo
1067 1057 1163 1128 igitur
1177 1058 1396 1114 sexcentesimo
1408 1060 1480 1115 vites
1494 1060 1560 1118 Noe
1583 1064 1765 1121 inundave-

57 1148 141 1204 utin
151 1145 283 1219 hisquae
298 1144 379 1200 iacta
400 1147 473 1199 sunt
489 1143 627 1199 invenire
640 1143 795 1216 possimus
816 1158 886 1198 eum
941 1148 1023 1199 runt
1037 1159 1133 1215 aquea
1145 1147 1268 1201 diluvii
1281 1161 1380 1216 super
1396 1152 1521 1203 terram
1546 1149 1636 1220 (Gen.
1653 1151 1720 1221 vn),
1736 1155 1766 1209 et

57 1237 113 1308 qui
133 1234 215 1291 iecit.
241 1232 277 1289 R.
299 1233 437 1288 Breviter
456 1231 496 1286 ad
516 1231 695 1287 memoriam
717 1230 887 1287 revocanda
941 1230 1040 1287 deleta
1054 1233 1291 1290 estomniscaro
1303 1233 1638 1293 desubcoelointerra.
1652 1238 1767 1296 litarat

57 1329 133 1380 sunt
144 1339 214 1395 quae
228 1322 372 1378 diximus.
388 1321 416 1378 A
429 1320 529 1393 primo
543 1335 678 1391 namque
691 1324 818 1393 parente
840 1320 886 1375 in·
941 1321 1008 1376 Noe
1021 1320 1054 1375 in
1069 1336 1140 1376 arca
1152 1322 1229 1394 ipse,
1243 1328 1275 1377 et
1289 1337 1374 1378 anor
1386 1326 1468 1394 ejas,
1484 1327 1547 1380 tres
1560 1326 1627 1397 filii
1640 1328 1722 1397 ejas,
1736 1333 1768 1384 et

57 1412 206 1485 cipientes
219 1411 297 1467 duas
311 1408 522 1481 generationes
537 1423 674 1464 seorsum
682 1408 887 1477 extendimus,
942 1423 1061 1465 osores
1077 1410 1225 1481 filiorum
1241 1412 1312 1478 ejas
1328 1411 1443 1482 (ibid),
1458 1415 1526 1470 octo
1540 1414 1652 1471 animae
1672 1418 1709 1471 ut
1721 1416 1765 1472 vi·

58 1499 188 1558 alteram
202 1514 256 1572 per
269 1497 353 1565 Seth,
369 1513 438 1570 quas
453 1496 572 1553 numeri
588 1496 681 1553 simul
695 1500 725 1553 et
749 1511 887 1569 progres-
942 1500 1048 1553 vorent
1062 1500 1093 1552 et
1106 1513 1167 1553 non
1178 1500 1312 1570 perirent
1323 1514 1393 1556 cum
1406 1501 1522 1558 mundo
1535 1502 1568 1558 in
1582 1503 1705 1574 signum
1720 1503 1767 1561 fu·

59 1589 158 1645 sionis
170 1602 233 1644 sua
247 1590 361 1642 metam
375 1586 408 1642 in
423 1585 549 1641 denano
572 1584 743 1655 collocavit,
759 1585 887 1642 alteram
942 1587 1019 1640 turae
1033 1586 1235 1658 posteritatis,
1244 1589 1275 1642 et
1286 1592 1511 1646 sacramentum
1524 1593 1766 1664 resurrectionis,

59 1691 134 1734 vero
157 1691 211 1749 per
234 1674 322 1743 Cain,
336 1674 369 1729 id
383 1677 430 1730 est
444 1673 606 1741 malorum,
622 1673 710 1745 cujus
723 1673 886 1746 porrectio·
904 1682 930 1740 Β
942 1673 996 1744 qui
1007 1673 1142 1745 primum
1154 1672 1306 1745 iudicium
1320 1675 1353 1731 in
1367 1691 1448 1748 aqua
1458 1676 1536 1734 salvi
1548 1679 1721 1749 evaderent,
1732 1685 1768 1739 ut

61 1764 330 1836 nemseptenarius
337 1762 501 1832 continuit,
508 1761 675 1818 multitudo
683 1765 785 1817 autem
792 1776 891 1833 usque
942 1762 1217 1819 consummationis
1228 1763 1261 1820 in
1274 1764 1346 1834 igne
1360 1764 1491 1822 formam
1513 1766 1767 1828 demonstrarent.

61 1854 104 1910 ad
113 1852 316 1910 undenarium
326 1849 789 1922 seedudii.Praeceperatautem
795 1849 889 1918 Deus,
943 1849 980 1905 Α.
994 1849 1108 1921 Magna
1121 1849 1211 1906 valde
1225 1854 1255 1907 et
1269 1852 1421 1924 stupenda
1434 1859 1508 1912 sunt
1520 1857 1672 1915 universis
1679 1874 1771 1932 opera

62 1958 103 1998 ne
117 1941 272 2013 generatio
290 1940 445 2012 justorum
459 1937 621 2011 propagini
644 1937 806 2011 implorem
818 1938 890 1994 mis·
945 1938 1012 2008 Dei,
1028 1938 1142 2010 quibus
1167 1954 1229 1995 non
1251 1939 1351 1996 solum
1374 1943 1598 2012 praeteritorum
1623 1946 1769 2004 scelerum

63 2033 192 2098 caretur,
208 2045 246 2085 ne
260 2028 338 2085 iorte
361 2043 487 2084 succum
512 2025 727 2083 amaritudinis
746 2026 891 2094 traheret,
945 2031 1064 2084 exercet
1074 2025 1236 2099 judicium,
1247 2026 1300 2083 sed
1312 2030 1343 2084 et
1356 2028 1532 2087 futurorum
1541 2031 1655 2089 format
1669 2050 1768 2092 exem·

64 2119 220 2176 sivitiatae
232 2116 327 2174 radici
341 2117 457 2173 inserta
471 2117 590 2172 luisset.
600 2115 703 2172 Primo
711 2115 893 2173 servabatur
946 2116 1042 2189 plum.
1059 2114 1133 2181 Quae
1152 2130 1240 2171 mens
1261 2115 1295 2171 in
1317 2114 1428 2172 horum
1452 2110 1693 2179 consideratione
1708 2138 1770 2181 non

63 2207 245 2265 mandatum
270 2206 338 2276 Dei,
362 2206 591 2278 permansitque
615 2204 668 2260 diu
693 2208 893 2277 utrorumque
947 2208 1079 2272 corruat,
1094 2206 1129 2260 ut
1143 2202 1317 2260 nondioam
1331 2203 1492 2273 subsistat,
1506 2222 1561 2263 nec
1575 2211 1640 2266 tota
1663 2210 1778 2269 dissei.

65 2297 198 2353 discreta
221 2294 338 2366 religio.
354 2294 554 2351 Procurrsnte
575 2293 650 2349 anni
664 2297 799 2366 tempore
819 2292 893 2348 dum
916 2315 918 2319 ¹
947 2296 1039 2349 vatur
1061 2308 1080 2346 a
1105 2290 1269 2363 semetipsa
1291 2291 1325 2347 in
1347 2294 1608 2363 perscrutatione?
1621 2295 1681 2355 Sed
1697 2300 1772 2372 qais

64 2401 153 2442 mora
163 2383 381 2456 negligentiam
390 2382 495 2452 aleret,
507 2382 660 2455 simulque
669 2381 821 2455 cupiditas
831 2396 895 2454 per·
947 2379 1025 2453 ipsa,
1041 2394 1110 2452 quae
1125 2393 1181 2451 pro
1203 2377 1352 2434 miraculo
1366 2381 1397 2435 et
1410 2378 1601 2439 districtione
1615 2386 1773 2456 pertimes-

66 2474 209 2531 suaderet
234 2472 526 2546 presumptionem,
554 2471 629 2527 vicit
658 2471 781 2527 tandem
809 2485 895 2526 amor
948 2469 1120 2540 cimus,pro
1133 2465 1262 2523 veritate
1274 2465 1406 2524 libenter
1420 2469 1775 2544 amplectidebemus,ut

66 2562 168 2620 carnis
176 2560 377 2618 reverentiam
387 2559 549 2617 creatoris.
559 2559 598 2615 Et
608 2561 755 2616 uidentes
763 2560 831 2632 fllia·
840 2559 895 2615 Dei
949 2554 1775 2633 canonsentiamusaddamnationem‚semperaudire

66 2652 159 2724 silias
172 2651 354 2719 neminum,
367 2649 425 2705 hoc
440 2651 486 2704 est
506 2647 610 2705 fideles
623 2649 788 2722 impiorum
804 2647 895 2718 illias,
949 2644 988 2700 ad
1002 2643 1205 2701 eruditionem
1219 2643 1407 2701 studeamus.
1420 2645 1456 2702 R.
1470 2647 1536 2704 Noe
1548 2649 1630 2706 intra
1640 2650 1775 2711 claustra

67 2741 153 2810 quod
168 2743 276 2795 essent
287 2737 444 2808 pulchrae,
460 2736 616 2808 elegerunt
629 2735 689 2793 sibi
701 2752 739 2794 ex
752 2737 896 2793 omnibus
949 2747 1027 2788 arcae
1041 2732 1196 2788 sevientis
1208 2730 1317 2789 diluvii
1331 2731 1465 2805 periculo
1478 2737 1565 2792 tutus
1576 2736 1719 2795 columba
1731 2741 1776 2797 in·

68 2841 270 2901 quascunque
281 2825 456 2895 voluerunt,
465 2827 645 2895 elingressi
655 2828 698 2881 ad
709 2840 765 2881 aas
778 2839 895 2897 penue-
950 2820 1016 2877 dice
1028 2820 1062 2876 in
1076 2835 1162 2877 ramo
1176 2820 1265 2877 olivae
1278 2820 1408 2877 virentis
1426 2836 1495 2878 cum
1510 2821 1676 2894 didicisset,
1691 2829 1774 2900 qued

69 2922 152 2973 runt
163 2916 303 2973 homines
315 2917 498 2988 peccatores,
513 2929 617 2971 semen
627 2929 770 2987 nequam,
780 2914 835 2986 qui
844 2928 898 2987 per
950 2911 1122 2966 cessassent
1133 2923 1221 2980 aquas
1235 2921 1328 2980 super
1341 2911 1464 2978 terram,
1469 2911 1566 2967 exivit
1576 2912 1614 2969 de
1626 2929 1697 2972 area
1708 2915 1774 2974 Deo

69 3005 198 3078 impiam
212 3003 388 3075 superbiam
402 3002 501 3059 Deum
516 3004 755 3070 contemnerent,
764 3005 794 3059 et
807 3001 898 3058 malis
915 3025 939 3084 ρ
952 2999 1101 3055 referente
1113 2996 1257 3064 claustra,
1272 3012 1307 3052 ac
1328 2996 1530 3069 patefaciente
1542 3001 1577 3056 in
1588 3002 1774 3076 principium

71 3093 209 3167 quotidie
230 3092 375 3165 operibus
397 3091 476 3147 iram
496 3095 589 3164 atque
612 3091 746 3148 furorem
769 3090 898 3148 ultionis
953 3085 1056 3144 saculi
1079 3085 1211 3142 venturi.
1234 3085 1274 3141 Et
1296 3084 1406 3143 eduam
1431 3091 1504 3143 sunt
1529 3089 1645 3161 pariter
1671 3094 1778 3151 omnia

71 3182 185 3240 dimna
197 3181 231 3238 in
244 3196 276 3237 se
285 3195 450 3253 provocare
464 3195 526 3236 non
539 3179 691 3236 timerent.
698 3179 737 3235 Et
739 3181 900 3249 penituit
952 3175 1134 3244 animantia,
1146 3190 1215 3247 quse
1226 3173 1304 3231 inibi
1326 3175 1529 3234 servabantur
1541 3177 1574 3233 in
1586 3180 1776 3251 posteritatis

72 3270 172 3327 Deum
185 3272 269 3340 qaod
280 3270 442 3324 bominem
452 3267 583 3337 fecisset
593 3267 628 3322 in
640 3272 731 3323 terra
742 3268 832 3340 (Gen.
841 3266 896 3338 vr).
951 3264 1151 3337 propaginem
1165 3266 1392 3335 superterram.
1405 3261 1465 3321 Sed
1478 3268 1509 3321 et
1521 3263 1602 3334 Sem,
1617 3271 1648 3325 et
1667 3268 1777 3343 cham,

72 3359 221 3417 Paenituit
234 3359 343 3424 Deum,
358 3372 421 3413 uon
444 3357 493 3413 sui
516 3357 686 3413 mutatione
709 3355 762 3414 sed
788 3355 896 3412 nostri.
951 3353 1075 3427 Japbet,
1089 3352 1145 3410 tilii
1168 3353 1245 3425 ejus,
1260 3354 1291 3408 et
1310 3367 1422 3409 uxores
1443 3368 1549 3411 eorum
1573 3371 1644 3415 cum
1662 3373 1721 3417 eo:
1746 3363 1778 3418 et

72 3447 231 3514 Poenituit,
252 3461 313 3503 non
339 3446 413 3519 quia
432 3446 499 3518 ipse
519 3443 599 3502 male
613 3445 736 3514 iecerat,
750 3443 803 3501 sed
824 3444 900 3517 quia
952 3443 1044 3517 coepit
1056 3443 1168 3500 iterum
1183 3441 1318 3499 mundus
1333 3441 1393 3498 alio
1405 3446 1512 3499 exortu
1525 3445 1647 3516 prodire
1664 3448 1777 3520 prioris

72 3536 153 3610 quod
176 3536 253 3594 bene
276 3534 389 3591 iecerat
408 3534 517 3606 ipsas
538 3533 621 3589 bono
645 3532 804 3590 deiecerat.
827 3532 899 3589 ideo
952 3532 1158 3606 generationis
1171 3529 1285 3587 damna
1301 3545 1503 3603 compensans
1518 3532 1607 3604 (eea
1624 3538 1721 3604 vna).
1737 3536 1779 3594 iit

72 3625 217 3699 poenituit
230 3623 330 3680 Deum
342 3637 403 3679 non
413 3621 592 3693 corrigendo
602 3620 685 3693 quod
692 3621 816 3690 iecerat,
826 3620 899 3693 quia
952 3625 1018 3678 erat
1036 3635 1133 3692 genus
1147 3619 1330 3687 humanum,
1343 3619 1437 3690 stirpe
1457 3619 1522 3690 Jam
1537 3620 1661 3692 triplici,
1676 3626 1776 3681 totum

71 3715 149 3771 bene
173 3713 297 3780 iecerat,
313 3711 366 3768 sed
391 3713 569 3783 corruptum
593 3725 720 3766 cerneus
736 3708 820 3782 quod
833 3708 899 3781 ipse
952 3715 988 3767 ut
1002 3711 1157 3777 cresceret,
1172 3723 1233 3779 quo
1256 3721 1296 3762 ex
1317 3722 1380 3763 uua
1398 3706 1499 3764 radice
1521 3709 1686 3780 prodierat.
1706 3711 1776 3770 Sem

72 3804 154 3867 sine,
165 3801 358 3874 corruptione
382 3798 422 3855 ad
444 3798 704 3871 incorruptionem
732 3802 897 3854 creaverat.
953 3813 1024 3870 ergo
1038 3801 1069 3853 et
1081 3796 1099 3852 J
1102 3795 1195 3868 aphet
1207 3796 1354 3852 bonorem
1366 3795 1476 3852 dantes
1490 3797 1640 3870 principio
1654 3814 1710 3858 suo
1723 3800 1775 3858 be·

71 3891 143 3949 Non
158 3905 229 3962 ergo
251 3888 397 3963 paenituit
419 3901 489 3942 eum
512 3886 549 3942 de
572 3901 640 3955 suo,
656 3884 709 3943 sed
732 3885 770 3941 de
793 3888 900 3942 nostro
953 3886 1156 3944 nedictionem
1169 3886 1776 3963 merueruntsuperterrametmultipll·

71 3978 218 4052 poenituit
232 3993 301 4035 eum
320 3992 375 4050 pro
395 3990 461 4042 suo,
477 3974 552 4047 quia
565 3973 647 4048 quod
663 3989 753 4030 suum
766 3977 831 4031 erat
845 3974 898 4031 ho·
952 3977 1013 4033 cati
1034 3977 1108 4031 suut
1131 3973 1165 4030 in
1177 3971 1355 4030 herodiare
1371 3972 1594 4045 promissionis.
1608 3974 1706 4034 (ibam
1718 3992 1780 4035 ma·

71 4083 148 4125 num
171 4071 246 4135 erat,
262 4065 346 4140 quod
360 4067 499 4141 nostrum
514 4067 579 4120 erat
602 4063 719 4120 malum
733 4066 807 4132 erat,
825 4062 900 4119 etin
951 4063 1124 4121 ledictionis
1144 4062 1243 4118 hares
1261 4061 1293 4116 in
1318 4059 1383 4117 filio
1406 4076 1462 4118 suo
1482 4061 1618 4121 dolorem
1642 4065 1778 4138 possidet

72 4172 129 4213 suo
144 4160 218 4213 erat.
233 4156 303 4211 Non
328 4154 409 4210 enim
433 4152 507 4208 alibi
521 4152 672 4226 potuisset
686 4166 752 4208 esse
771 4150 899 4219 malum,
954 4148 1526 4226 quemipseprierintulitpaternitati.
1536 4150 1778 4211 Disseminatum

72 4244 156 4317 quod
169 4248 309 4301 nostrum
323 4247 399 4312 erat,
417 4242 476 4298 nisi
501 4241 535 4296 in
550 4256 605 4297 suo
618 4240 701 4314 quod
722 4256 813 4298 suum
837 4257 900 4299 non
954 4243 1000 4296 est
1014 4239 1122 4297 deiude
1136 4253 1233 4310 genus
1247 4237 1429 4306 humanum,
1444 4240 1475 4294 et
1487 4236 1693 4310 multiplicata
1705 4244 1779 4298 suut

72 4336 148 4401 erat,
164 4335 194 4388 et
207 4332 275 4388 ideo
289 4333 374 4387 mota
388 4334 435 4387 est
449 4330 557 4402 pietas,
572 4344 609 4384 ne
623 4328 737 4402 periret
750 4327 866 4385 bonum
881 4344 900 4384 a
913 4364 943 4425 D
955 4325 1783 4399 iterummala,etsuperveneruntpariterexcogitantes

72 4420 165 4491 malo,
178 4419 261 4493 quod
275 4419 391 4475 iactum
406 4433 469 4474 non
483 4420 548 4473 erat
562 4415 601 4471 ad
612 4417 739 4473 malum.
751 4416 901 4475 Paenituit
956 4417 1158 4489 cogitationes
1171 4413 1334 4485 malignas,
1349 4416 1385 4470 ut
1397 4429 1429 4470 se
1443 4416 1550 4470 contra
1560 4413 1660 4471 Βοιιιιι
1683 4416 1776 4489 erige-

73 4510 251 4582 ergoDeum
265 4506 512 4586 quodohominem
526 4505 648 4561 iecisset
659 4504 694 4561 in
709 4508 839 4573 terrast
852 4520 901 4561 vo
955 4508 1033 4573 rent,
1049 4506 1080 4560 et
1101 4502 1287 4560 aedificarent
1311 4501 1542 4559 edificationem
1567 4503 1601 4559 in
1624 4503 1710 4574 coelo,
1724 4505 1793 4578 qui*

74 4597 134 4654 luit
149 4595 248 4653 delere
260 4594 297 4650 de
312 4598 392 4650 terra
407 4591 489 4666 quod
503 4591 619 4648 malum
641 4596 707 4648 erat
719 4593 754 4650 in
765 4597 856 4660 terra,
871 4595 902 4649 et
955 4594 1044 4652 eorde
1057 4595 1145 4649 erant
1156 4593 1191 4649 in
1203 4595 1294 4649 terra.
1310 4591 1377 4648 Hoc
1390 4592 1528 4648 fecerunt
1540 4591 1597 4649 illii
1617 4592 1779 4652 bominum

74 4685 137 4742 nisi
148 4685 254 4756 justus
267 4683 402 4739 stetisset
416 4696 519 4737 coram
540 4696 586 4750 eo,
600 4680 741 4753 periisset
755 4681 843 4738 radix
857 4696 902 4753 gc·
955 4684 1156 4756 provocantes
1170 4681 1248 4737 iram
1258 4679 1296 4737 de
1310 4679 1438 4747 excelso,
1454 4694 1510 4737 nec
1526 4681 1719 4740 recordantes
1729 4683 1779 4756 jn·

73 4774 156 4831 neris
170 4772 300 4829 humani
311 4786 381 4828 cum
395 4771 470 4827 vitio
486 4784 542 4825 suo
555 4772 586 4825 et
600 4771 699 4825 totum
722 4773 901 4843 corruptum
955 4770 1035 4827 dicia
1047 4759 1227 4838 muludrda,
1242 4770 1273 4824 et
1289 4769 1478 4840 putaverunt
1500 4768 1691 4828 ascendendo
1712 4772 1780 4830 sine

73 4878 144 4920 cum
159 4860 355 4933 corruptione
368 4857 514 4915 subiisset
525 4856 687 4931 judicium,
701 4856 762 4913 nisi
783 4856 900 4913 miseri·
955 4873 1048 4931 prena
1060 4871 1193 4930 peccare,
1209 4857 1245 4911 ut
1258 4869 1372 4927 aquam
1385 4845 1549 4913 evaderent
1568 4857 1602 4914 in
1615 4858 1687 4931 igne
1697 4859 1779 4932 judi-

74 4950 178 5007 cordia
190 4948 412 5006 interveniente
427 4949 456 5003 et
480 4944 580 5018 gratia
605 4945 720 5000 veritas
741 4943 903 5003 liberasset
956 4942 1334 5017 candltden.xr)1ltecce
1347 4942 1491 5000 machina
1504 4943 1783 5006 illacoutradictio-
1825 4976 1831 4981 ·

72 5039 203 5111 justum.
219 5040 285 5094 Noe
309 5036 392 5092 enim
412 5035 540 5092 invenit
552 5035 700 5105 gratiam
722 5047 831 5098 coram
844 5035 902 5089 Do-
957 5035 1006 5092 nie
1019 5035 1053 5090 in
1067 5031 1197 5090 sublime
1211 5046 1357 5088 cacumen
1368 5031 1529 5104 extulerat,
1545 5037 1576 5092 et
1594 5034 1782 5095 latabantur

75 5129 177 5197 mireo,
193 5131 224 5182 et
245 5130 318 5181 erat
337 5127 404 5181 Noe
417 5125 470 5178 vir
489 5125 603 5192 justas
627 5126 726 5192 atque
735 5121 903 5192 perfectus
957 5123 1044 5196 impii
1057 5124 1130 5178 vota
1142 5135 1199 5177 sua
1212 5120 1397 5193 completum
1410 5121 1448 5177 iri
1460 5121 1494 5179 in
1508 5123 1635 5194 malum,
1650 5139 1721 5182 cum
1735 5141 1783 5181 su·

75 5218 111 5271 in
124 5215 338 5286 generatione
350 5227 413 5269 sua
430 5211 547 5282 (ibid),
560 5212 591 5266 et
604 5208 672 5265 ideo
694 5209 814 5265 invenit
835 5224 903 5282 gra·
957 5207 1783 5282 bitorespectusdesuperlinguasomuiumeoniundens

74 5305 162 5374 tiam,
178 5303 336 5376 quoniam,
353 5302 410 5358 etsi
425 5303 491 5356 erat
511 5297 739 5372 comparatione
757 5298 903 5371 pessimo·
957 5297 1126 5370 malignam
1140 5296 1397 5369 conspirationem
1418 5296 1581 5370 dissipavit
1601 5300 1631 5354 et
1653 5296 1783 5370 dispersi

74 5409 144 5450 rum
155 5392 271 5466 justus,
286 5393 322 5447 ut
335 5389 453 5463 placere
465 5387 621 5444 debuisset
642 5402 680 5443 ne
699 5386 823 5460 periret,
839 5390 905 5444 erat
959 5393 1032 5445 sunt
1044 5402 1081 5444 er
1091 5401 1126 5443 eo
1137 5385 1204 5443 loco
1217 5385 1250 5442 in
1265 5401 1387 5442 omnem
1401 5389 1513 5442 terram
1529 5386 1648 5443 malitia
1661 5400 1724 5443 non
1736 5404 1782 5446 re·

75 5485 179 5538 tamen
189 5495 244 5536 cur
256 5483 286 5536 et
295 5476 521 5552 ipsejudicium
531 5475 658 5531 evadere
669 5491 731 5532 non
742 5476 904 5548 potuisset,
959 5476 1099 5533 cedentes
1122 5475 1162 5531 ab
1184 5474 1326 5531 invicem.
1349 5473 1385 5530 In
1409 5472 1467 5530 hoo
1490 5476 1625 5546 tempore
1651 5478 1785 5536 surrexit

75 5570 137 5627 nisi
149 5567 281 5640 gratiam
298 5566 461 5624 inveniret.
478 5563 600 5622 Invenit
614 5578 685 5635 ergo
697 5563 829 5635 gratiam
839 5563 905 5635 jus·
959 5563 1061 5621 Heber
1075 5562 1250 5636 patriarcba
1263 5577 1405 5633 magnus,
1421 5565 1457 5617 ut
1471 5575 1533 5617 non
1552 5562 1713 5621 delicerent
1725 5566 1787 5625 viri

73 5663 127 5715 tus
148 5672 188 5714 ne
210 5656 334 5729 periret,
348 5655 422 5728 quia
445 5653 537 5711 etiam
562 5650 621 5709 hoc
643 5651 730 5725 prius
748 5666 785 5708 ex
806 5651 907 5723 gratia
960 5653 1123 5722 virtutum,
1147 5651 1202 5725 qui
1225 5664 1337 5708 nomeu
1360 5649 1478 5707 bonum
1500 5651 1530 5706 et
1552 5649 1698 5712 dilectum
1721 5654 1788 5714 Deo

74 5747 244 5847 ⁸coeperat,
266 5747 303 5803 ut
322 5743 427 5818 justus
453 5743 587 5813 esset,at
611 5736 764 5799 subeume
787 5737 905 5799 mundo
960 5739 1134 5816 posteritati
1148 5738 1284 5813 reliquit,
1300 5740 1337 5797 ut
1350 5736 1809 5815 remismundum..
