3742 6082
75 181 129 240 299

378 171 556 244 HUGONIS
574 187 628 244 DE
647 186 677 245 S.
698 184 868 244 VICTORE
886 180 971 241 OPP.
992 180 1091 238 PARS
1110 180 1149 238 11.
1162 209 1199 223 -
1216 178 1458 238 DOGMATICA.

1725 175 1782 232 300

75 320 143 375 ma,
166 306 251 362 carni
277 323 349 363 vero
373 311 650 383 concupiscentiam
675 311 714 366 ad
735 304 1333 381 corruptio-Amaterialiterdemateria
1346 301 1567 359 descenderunt
1580 300 1617 356 de
1630 304 1714 357 terra
1727 316 1782 373 per

78 395 353 473 nemmiuistrans.

77 483 150 540 Cur.
177 483 317 541 XXVIII.
345 486 432 552 Quid
460 490 504 542 sit
530 489 693 556 ortptuale
716 492 899 556 peecatum.

113 571 145 628 Si
160 588 230 644 ergo
246 575 394 646 quaeritur
416 575 490 646 quid
509 575 550 630 sit
573 574 721 646 originale
743 578 901 648 peccatum

78 661 111 716 in
126 661 215 716 nobis
231 661 412 731 intelligitur
426 663 579 735 corruptio
599 664 663 718 sive
683 663 793 720 vitium
821 663 902 735 quod

80 749 231 805 nascendo
251 751 402 805 trahimus
428 767 482 823 per
505 753 711 823 ignorantiam
736 754 768 808 in
790 758 901 823 mente,

79 852 134 908 per
146 838 424 908 concupiscentiam
438 841 471 895 in
487 856 586 897 carne.

80 923 152 980 Car.
179 924 290 980 XXIX.
315 930 475 988 Quomodo
499 932 663 999 originale
680 937 851 1000 peccatum
881 947 902 986 a

242 1014 396 1082 patribus
413 1019 448 1070 iu
467 1018 553 1090 filios
569 1024 727 1075 trauseat.

112 1101 279 1173 Postquam
293 1104 389 1174 igitur
401 1105 643 1162 demonstratum
653 1112 699 1164 θεῖ
711 1108 786 1180 quid
798 1109 839 1164 sit
848 1109 903 1164 ori·

76 1188 178 1260 ginale
193 1195 361 1262 peccatum,
377 1207 567 1266 consequens
582 1199 675 1252 estut
690 1198 783 1253 etiam
802 1197 902 1252 inves-

77 1278 210 1349 tigemus
222 1281 355 1352 qualiter
370 1298 388 1336 a
409 1285 550 1355 patribus
563 1286 742 1342 traducatur
760 1286 798 1342 ad
813 1286 901 1357 filios,

78 1366 170 1422 idest
182 1372 286 1424 ulrum
300 1372 467 1428 secuudum
478 1373 574 1430 solam
587 1376 733 1445 animam,
744 1392 784 1431 an
798 1391 902 1432 secun-

78 1454 151 1510 dum
167 1456 263 1512 solam
279 1475 454 1529 carnem‚an
471 1463 637 1519 secundum
653 1464 901 1537 utrumqueOui·

79 1542 149 1598 dam
168 1545 315 1615 originale
339 1552 496 1620 peccatum
519 1567 580 1606 non
596 1552 695 1607 solum
710 1567 763 1624 per
782 1568 903 1609 carnem

955 395 1115 450 materiam
1131 397 1288 466 sumptum
1304 391 1449 457 estosed
1462 391 1533 445 licet
1547 390 1606 445 sub
1621 389 1726 445 eodem
1737 390 1781 444 in·

955 482 1077 538 tellectu
1092 482 1128 537 de
1143 481 1303 554 spiritibus
1320 495 1442 552 quoque
1456 478 1570 533 nostris
1585 478 1678 533 etiam
1702 479 1729 533 si
1745 493 1783 533 ex

955 572 1079 628 traduce
1092 586 1156 628 esse
1170 571 1362 627 crederentur
1376 570 1478 641 posset
1500 567 1571 630 dici,
1587 565 1670 638 quod
1685 582 1703 621 a
1716 565 1783 622 Deo

956 661 1020 717 dati
1032 662 1146 716 suntin
1160 675 1194 716 eo
1207 659 1289 732 quod
1305 674 1322 713 a
1336 657 1468 713 Domino
1490 655 1581 710 datus
1594 657 1640 710 est
1661 655 1783 726 primus

955 749 1006 806 ille
1022 751 1148 822 spiritus
1175 764 1192 802 a
1213 765 1275 820 quo
1298 763 1352 819 per
1370 746 1531 800 materiam
1549 743 1781 799 descenderunt.

957 839 1072 894 Tamen
1084 839 1116 893 in
1132 838 1188 892 hoc
1200 835 1391 910 probabilius
1406 836 1526 890 constat
1541 833 1661 888 animas
1676 848 1714 888 ex
1726 835 1785 886 tra-

956 928 1032 983 duce
1047 943 1108 982 non
1123 942 1198 994 esse,
1212 925 1294 998 quod
1307 926 1385 980 sicut
1403 925 1434 978 iu
1455 922 1554 995 primo
1579 921 1703 978 homine
1723 935 1784 975 ccr-

956 1033 1015 1090 pus
1030 1016 1067 1071 de
1081 1019 1162 1071 terra
1172 1017 1329 1087 sumptum
1342 1030 1350 1082 3
1367 1012 1494 1084 spiritus
1507 1026 1579 1066 vero
1590 1025 1608 1063 a
1618 1009 1783 1065 Deodatus

956 1104 1078 1177 legitur,
1094 1105 1182 1160 itaet
1198 1104 1276 1159 ratio
1291 1100 1466 1174 expostulat
1480 1103 1515 1154 ut
1528 1099 1561 1155 in
1582 1098 1784 1171 sequentibus

957 1208 1080 1266 quoque
1091 1193 1269 1249 bominibus
1283 1206 1353 1247 caro
1368 1190 1491 1262 quidem
1504 1188 1643 1244 decarne
1658 1186 1783 1242 descen-

957 1283 1036 1353 dere,
1054 1283 1181 1355 spiritus
1195 1285 1297 1337 autem
1322 1297 1340 1335 a
1356 1280 1488 1336 Domino
1505 1278 1609 1333 venire
1626 1276 1782 1332 credatur.

956 1373 1173 1439 Verumtamen
1184 1386 1253 1425 cum
1268 1369 1409 1441 spiritum
1418 1365 1604 1423 rationalem
1618 1381 1637 1425 a
1650 1364 1784 1421 Domino

957 1460 1064 1516 datum
1079 1460 1143 1515 sive
1156 1460 1341 1530 inspiratum
1351 1457 1491 1527 legimus,
1504 1469 1698 1527 nequaquam
1712 1468 1783 1509 eum

958 1550 1046 1622 quasi
1061 1547 1260 1604 materialiter
1274 1546 1311 1601 de
1325 1545 1430 1601 divina
1451 1543 1584 1601 essentia
1606 1543 1671 1598 sive
1695 1543 1783 1598 subs-

79 1631 130 1686 sed
144 1633 235 1688 etiam
251 1651 305 1706 per
320 1638 484 1694 animama
499 1640 640 1710 patribus
652 1641 684 1696 in
695 1641 775 1696 filios
787 1642 905 1699 descen·
917 1650 943 1707 Β
957 1638 1057 1693 tantis
1072 1640 1229 1710 sumptum
1243 1635 1362 1690 credere
1378 1634 1533 1689 debemus.
1545 1632 1603 1688 Sed
1618 1631 1701 1703 quod
1724 1648 1785 1687 cor-

76 1720 146 1775 dere
161 1726 358 1794 putaverunt,
366 1727 512 1797 quoniam
525 1745 586 1784 non
601 1729 700 1785 solum
715 1746 836 1786 carnem
850 1731 903 1786 sed

80 1809 214 1865 animam
229 1828 351 1885 quoque
366 1817 536 1872 extraduce
549 1819 684 1877 materiae
699 1834 764 1874 esse
776 1819 904 1875 credide·

77 1901 159 1953 runt.
186 1899 364 1957 sicutenim
388 1905 420 1959 in
435 1907 630 1974 generatione
649 1907 743 1979 prolis
758 1908 794 1962 de
813 1923 903 1965 carne

77 1989 207 2058 paterna
222 1989 467 2047 substantialiter
489 1995 715 2063 damnabitur,
731 1996 775 2050 ita
798 1996 834 2051 de
858 1997 902 2068 gi-

78 2075 200 2145 gnentis
213 2077 327 2148 anima,
344 2080 448 2135 anima
462 2082 557 2152 geniti
573 2083 778 2139 essentialiter
795 2084 903 2141 deduci

80 2162 199 2218 abistis
209 2165 414 2238 existimatur,
436 2159 658 2242 propterquod
682 2172 762 2227 sicut
785 2172 821 2228 de
843 2188 903 2230 cor·-

76 2256 168 2324 rupta
180 2269 270 2310 carne
299 2272 368 2312 earo
392 2262 536 2331 corrupta
551 2260 735 2330 seminatur,
749 2261 796 2316 ita
812 2265 843 2317 et
866 2262 902 2318 de

78 2341 182 2397 anima
191 2345 356 2418 peccatrice
366 2346 470 2402 anima
482 2349 635 2420 peccatrix
645 2351 840 2421 corruptione
848 2351 903 2406 cri-

78 2429 173 2501 ginali
185 2431 309 2502 infecta,
325 2434 470 2491 trahitur.

94 2517 167 2575 Gna.
184 2519 280 2575 XXX.
296 2523 383 2582 Quod
398 2525 515 2580 anima
531 2541 596 2580 uon
617 2527 662 2581 rit
681 2531 881 2584 extraduce.

113 2607 171 2664 Hic
184 2613 286 2665 autern
302 2611 427 2682 quidam
442 2613 600 2669 doctorum
616 2615 730 2671 multas
745 2616 901 2672 hincinde

80 2696 214 2753 rationes
227 2701 256 2753 et
271 2701 468 2756 auctoritates
491 2703 669 2774 opposuisse
691 2704 901 2774 inveniuntur,

79 2785 192 2857 quibus
206 2801 268 2842 non
284 2787 419 2843 animam
433 2789 486 2845 sed
500 2790 597 2845 solam
616 2807 737 2848 carnem
752 2808 788 2847 ex
803 2794 903 2849 tradu-

78 2888 111 2930 ce
124 2889 189 2930 esse
201 2879 336 2932 astruere
351 2879 453 2935 conati
469 2880 594 2934 suntilt
608 2880 672 2937 haee
687 2881 810 2952 quidem
823 2883 902 2938 ratio

957 1742 1016 1799 pus
1030 1742 1084 1799 per
1095 1725 1256 1781 materiam
1267 1723 1303 1778 de
1316 1726 1396 1778 terra
1408 1723 1512 1789 venit;
1536 1721 1663 1792 spiritus
1678 1723 1782 1775 autem

957 1816 1023 1870 sine
1037 1815 1218 1887 praejacente
1233 1811 1361 1866 materia
1377 1826 1430 1882 per
1442 1809 1539 1864 solam
1561 1807 1714 1864 Creatoris
1728 1822 1780 1879 po-

957 1904 1086 1959 tentiam
1099 1917 1163 1957 esse
1174 1901 1298 1973 accepit.
1314 1899 1398 1956 Sicut
1413 1913 1523 1970 corpus
1538 1898 1576 1952 ab
1600 1897 1652 1952 illo
1675 1900 1721 1952 θεῖ
1746 1912 1784 1952 ex

957 2010 1018 2066 quo
1033 1993 1193 2049 materiam
1206 1991 1315 2059 traxit,
1341 1990 1384 2044 sic
1404 1989 1530 2061 spiritus
1544 1985 1649 2041 abillo
1672 1990 1719 2042 est
1731 2001 1784 2057 per

958 2099 1046 2155 quem
1062 2086 1091 2138 et
1106 2098 1123 2136 a
1138 2097 1198 2154 quo
1222 2095 1287 2135 esse
1300 2078 1434 2151 incoepit.
1461 2075 1620 2133 Perillam
1643 2074 1785 2130 videlicet

957 2188 1026 2229 cum
1041 2172 1122 2242 iecit,
1135 2171 1175 2226 ab
1188 2170 1241 2226 illo
1257 2172 1359 2224 autem
1375 2183 1444 2224 cum
1467 2166 1559 2221 dedit.
1583 2165 1665 2221 Dicit
1679 2167 1782 2219 autem

956 2277 1079 2317 rursum
1102 2259 1282 2316 Psalmista:
1300 2259 1361 2319 Oui
1375 2257 1476 2328 fiuxit
1490 2255 1668 2325 sigillatim
1684 2255 1783 2308 corda

956 2365 1069 2407 eoram
1086 2350 1185 2421 (Peal.
1202 2347 1314 2418 xxxu).
1329 2344 1428 2401 Corda
1443 2344 1567 2416 quippe,
1582 2341 1614 2396 id
1628 2343 1674 2396 θεῖ
1689 2340 1782 2395 ratio·

957 2439 1042 2495 nales
1056 2437 1183 2510 spiritus
1196 2436 1261 2491 sive
1271 2435 1392 2490 animus
1407 2434 1490 2489 Deus
1501 2430 1658 2502 sigillatim
1670 2421 1786 2499 fingere

957 2528 1087 2596 dicitur;
1101 2526 1174 2598 quia
1188 2540 1224 2580 ea
1233 2525 1305 2595 (non
1317 2522 1378 2578 alia
1392 2538 1429 2577 ex
1440 2520 1508 2575 aliis
1520 2518 1779 2591 quemadmodum

957 2618 990 2672 in
1005 2615 1154 2688 corporali
1169 2618 1280 2669 natura
1296 2609 1489 2684 apparet,sed
1497 2607 1619 2679 singula
1632 2623 1687 2680 per
1699 2606 1742 2678 se)
1750 2606 1786 2662 de

956 2705 1053 2762 nihilo
1066 2718 1165 2760 creare
1180 2701 1366 2774 perhibetur.
1389 2701 1552 2770 Propterea
1576 2711 1646 2753 cum
1668 2697 1701 2751 in
1715 2696 1783 2765 lege

957 2796 1103 2866 scriptum
1117 2792 1157 2847 sit
1169 2808 1175 2846 :
1187 2793 1222 2846 Si
1232 2790 1508 2860 quispercurserit
1516 2789 1691 2842 mutierem
1698 2799 1783 2854 proe·

956 2889 1113 2955 quantem
1128 2887 1160 2937 et
1173 2883 1234 2936 illa
1248 2881 1432 2935 abortiuum
1444 2878 1569 2947 fecerit,
1584 2877 1615 2930 ri
1630 2890 1695 2930 nou
1711 2873 1780 2943 fue.

77 2963 178 3034 prima
192 2967 239 3019 est
253 2966 335 3037 quod
357 2967 510 3039 spirituali
525 2972 643 3024 naturae
663 2985 724 3024 uon
750 2972 901 3041 convenit,
922 2976 1007 3051 crit
1033 2972 1227 3042 formatum,
1259 2971 1376 3025 reddat
1400 2969 1551 3021 animam
1578 2979 1641 3033 pro
1665 2965 1783 3018 aalma

79 3066 178 3122 neque
193 3067 229 3107 ex
240 3055 368 3109 arateria
383 3057 608 3128 esse‚quoniam
621 3058 823 3114 essentialiter
836 3059 904 3115 sim·
957 3058 1180 3136 (Euod.xx1.);
1196 3059 1298 3129 aperte
1317 3055 1488 3111 declaratur
1509 3052 1592 3126 quod
1617 3066 1687 3106 cum
1710 3065 1781 3106 caro

80 3137 150 3207 plex
165 3142 212 3193 est
234 3139 286 3194 sed
301 3156 399 3213 neque
414 3145 575 3200 materiam
590 3161 676 3215 esse,
701 3148 847 3218 quoniam
870 3147 903 3202 in
957 3168 994 3208 ex
1006 3165 1095 3207 carne
1112 3142 1547 3218 seminatur,animasimiliter
1560 3156 1597 3196 ex
1608 3140 1783 3195 animanon

77 3225 275 3282 unitatissuae
288 3229 482 3300 simplicitate
492 3232 649 3289 individue
660 3249 778 3306 semper
786 3236 899 3291 consis-
955 3239 1100 3295 trahitur.
1122 3236 1153 3292 Si
1175 3235 1256 3290 enim
1279 3248 1348 3289 cum
1371 3246 1461 3287 carne
1481 3230 1584 3285 anima
1601 3229 1782 3296 seminatur,

78 3315 147 3368 tens
166 3314 273 3385 augeri
286 3315 335 3370 vel
349 3316 546 3390 multiplicari
562 3321 687 3376 omnino
709 3337 771 3376 non
790 3325 899 3394 potest.
956 3341 1050 3400 quare
1064 3326 1097 3380 in
1112 3324 1151 3378 ab
1167 3323 1266 3378 ortivo
1280 3326 1311 3377 et
1322 3337 1383 3377 non
1400 3319 1642 3375 formatoanima
1652 3333 1709 3389 pro
1723 3317 1784 3372 ani-

79 3400 213 3474 Simplex
225 3404 306 3458 enim
327 3408 438 3460 natura
451 3408 702 3478 propagationem
727 3423 790 3465 non
816 3411 901 3481 iacit,
955 3432 1006 3471 ma
1022 3429 1082 3469 non
1097 3408 1297 3467 redderetur?
1311 3409 1388 3464 Cum
1409 3423 1479 3479 ergo
1502 3408 1534 3463 in
1550 3405 1690 3462 abortivo
1716 3408 1781 3461 tan·

78 3489 133 3546 ubi
147 3490 185 3546 ad
199 3490 276 3547 illud
295 3493 376 3564 quod
393 3494 626 3567 propagandum
642 3500 736 3552 estex
750 3513 785 3554 θο
807 3514 901 3572 aquo
956 3508 1022 3560 tum
1035 3503 1166 3556 formato
1178 3500 1344 3571 animapro
1354 3498 1457 3552 anima
1472 3494 1556 3551 reddi
1569 3493 1784 3566 jubetur,quid

76 3581 308 3652 propagandum
324 3588 453 3656 estpars
477 3585 558 3640 sumi
572 3601 634 3641 non
646 3589 746 3659 potest
770 3588 830 3644 nisi
857 3593 900 3645 to·
955 3592 1015 3648 nisi
1030 3591 1062 3646 in
1082 3605 1117 3644 eo
1136 3587 1219 3661 quod
1244 3586 1373 3643 necdum
1389 3585 1556 3640 ionnatnm
1582 3586 1629 3638 est
1646 3582 1783 3637 animam

77 3673 143 3724 tum
158 3672 323 3728 transierit.
341 3673 428 3739 Quod
440 3689 511 3746 ergo
526 3692 621 3731 uuum
637 3680 683 3732 est
697 3677 850 3734 interduo
875 3679 901 3734 si
955 3681 1054 3737 adhuc
1066 3695 1128 3735 non
1143 3693 1209 3733 θεεθ
1217 3675 1389 3732 ostenditur
1402 3671 1416 3728 l
1430 3673 1471 3730 Ut
1481 3671 1622 3728 videlicet
1636 3668 1781 3742 quemad·

77 3760 176 3814 totum
191 3761 357 3832 transierit,
374 3763 452 3820 nihil
467 3780 504 3820 ex
519 3781 553 3821 eo
572 3771 708 3823 remanet
733 3767 778 3823 illi
799 3786 816 3822 a
840 3784 901 3841 quo
954 3768 1080 3826 modum
1097 3768 1129 3823 in
1141 3766 1240 3839 primo
1253 3764 1376 3820 homine
1391 3762 1476 3834 prius
1491 3774 1599 3832 corpus
1614 3758 1783 3813 formatum

75 3849 129 3901 est.
141 3847 172 3901 Si
188 3852 290 3904 autem
304 3854 403 3906 totum
418 3857 577 3924 permanet
589 3855 667 3911 nihil
682 3857 838 3913 confertur
850 3857 899 3912 illi
955 3857 1063 3914 deinde
1076 3840 1211 3911 animam
1234 3853 1370 3908 infusam
1394 3850 1546 3920 legimus,
1571 3848 1616 3902 ita
1636 3846 1730 3901 etiam
1750 3846 1784 3900 in

75 3932 113 3987 ad
128 3935 209 4006 quod
224 3940 278 3991 est.
295 3936 326 3991 Si
340 3939 436 4008 igitur
450 3942 553 4010 anima
575 3957 613 3997 ex
635 3944 738 3998 anima
761 3946 900 4016 gignitur
955 3945 1214 4017 subsequentibus
1230 3941 1374 3997 omnibus
1389 3940 1474 4012 prius
1500 3939 1531 3992 in
1553 3936 1647 3992 vulva
1672 3950 1783 4007 corpus

76 4021 155 4077 sicut
170 4036 239 4077 caro
249 4039 287 4078 ex
301 4039 401 4095 carne,
414 4026 518 4083 dicant
532 4029 684 4100 quomodo
700 4031 830 4103 simplex
842 4033 897 4088 illa
956 4036 1125 4091 humanum
1145 4030 1281 4099 formari,
1305 4027 1412 4084 deinde
1428 4027 1563 4082 animam
1583 4023 1708 4081 infundi
1721 4039 1781 4078 cre-

76 4109 251 4167 substantia
266 4116 320 4167 aut
335 4117 399 4169 tcta
414 4115 445 4169 in
465 4117 610 4186 gignente
632 4123 789 4174 remaneat
816 4121 842 4175 si
865 4122 897 4177 in
955 4123 1073 4179 damus.
1086 4119 1173 4186 Quod
1187 4119 1214 4173 si
1226 4118 1275 4174 cui
1288 4117 1366 4173 forte
1376 4117 1488 4172 mirum
1498 4114 1641 4169 videatur
1653 4127 1781 4185 quomo-

73 4200 211 4271 genitum
227 4203 394 4273 transierit,
409 4208 463 4259 aut
478 4208 542 4262 tcta
556 4206 588 4263 in
604 4208 743 4277 genitum
759 4211 897 4265 transeat
955 4211 993 4266 do
1005 4214 1166 4282 paternum
1180 4221 1282 4262 semen
1305 4207 1337 4261 in
1358 4205 1452 4261 vulva
1466 4207 1537 4258 ante
1562 4202 1783 4257 animationem

76 4288 102 4343 si
134 4289 168 4344 in
201 4291 345 4362 gignente
376 4295 566 4350 remanserit.
597 4295 665 4351 Nisi
689 4297 767 4352 torte
795 4314 901 4354 omnes
916 4297 1004 4394 Dvel
1018 4310 1148 4352 crescere
1160 4295 1256 4366 possit
1268 4293 1316 4349 vel
1326 4294 1461 4363 vegetari
1472 4292 1521 4347 vel
1532 4291 1624 4346 etiam
1636 4288 1785 4362 usquead

75 4377 194 4433 animas
214 4380 492 4438 consubstantiales
514 4382 612 4439 dicere
635 4383 741 4454 velint,
759 4388 788 4440 et
815 4385 899 4443 illam
955 4388 1054 4459 ipsam
1069 4384 1196 4439 humani
1213 4383 1348 4454 corporis
1364 4381 1491 4452 effigiem
1516 4379 1711 4452 promoveri,
1740 4378 1782 4432 vi·

74 4467 218 4520 naturam
234 4468 402 4540 simplicem
417 4471 449 4525 in
463 4472 682 4543 propagatione
697 4472 902 4546 filiorumper-
955 4474 1024 4530 deal
1037 4472 1190 4545 quomodo
1206 4473 1332 4527 arbusta
1347 4474 1377 4526 et
1392 4470 1505 4543 plantae
1519 4471 1548 4523 θῖ
1561 4467 1702 4538 germina
1714 4466 1782 4521 uni·

75 4553 221 4608 sonaliter
239 4556 362 4627 quidem
383 4558 595 4630 multiplicari,
621 4560 673 4615 sed
698 4562 901 4618 essentialiter
954 4579 1042 4619 versa
1055 4561 1203 4634 ejusmodi
1219 4561 1354 4616 animam
1370 4574 1431 4615 non
1453 4557 1601 4614 habentia
1630 4555 1696 4611 sola
1712 4555 1783 4610 viri·

74 4655 136 4697 non
148 4641 326 4701 dividi.Non
335 4646 900 4720 attendentesquantainconveuientia

73 4730 153 4786 hanc
165 4732 360 4791 insertionem
377 4741 547 4809 sequantur
566 4738 592 4794 si
609 4725 673 4794 una
687 4743 716 4794 et
736 4740 839 4796 eadem
855 4756 898 4796 es·

74 4820 173 4875 sentia
189 4822 281 4878 simul
296 4825 480 4882 beatitudini
495 4830 525 4883 el
536 4828 737 4898 damnationi,
751 4829 855 4899 gloriae
870 4833 900 4884 et

73 4923 171 4979 pcenae
186 4909 307 4967 addicta
317 4915 466 4971 credatur.
477 4917 635 4974 Postremo
651 4918 725 4974 dum
739 4919 820 4974 dicat
835 4934 901 4974 auc

74 4997 200 5053 toritas:
218 5001 412 5058 Revertatur
426 5007 539 5073 puluis
564 5009 601 5061 iu
627 5013 750 5062 terram
774 5011 813 5064 dc
834 5023 900 5078 qua

73 5093 224 5157 sumptus
238 5094 286 5144 est
295 5107 307 5157 ;
322 5096 352 5145 et
371 5094 511 5160 spiritur
525 5097 638 5149 redeat
660 5099 704 5150 ad
723 5099 899 5152 Dominum

74 5177 133 5245 qui
146 5176 225 5246 fecit
240 5179 337 5233 illum
360 5181 452 5248 (lieet.
470 5181 569 5250 xx11);
585 5182 747 5238 manifeste
767 5185 898 5240 ostendi·

72 5267 124 5320 tur
137 5265 219 5337 quod
231 5281 293 5321 non
307 5267 434 5338 spiritus
442 5267 478 5324 de
492 5269 669 5341 spiritu,sed
679 5287 749 5326 caro
761 5273 797 5327 de
809 5289 899 5328 earne

75 5354 274 5410 materialiter
311 5355 498 5412 traducatur.
535 5357 683 5423 Quamvis
718 5361 799 5415 enim
831 5378 898 5417 nos-

78 5445 125 5497 tra
148 5459 275 5516 corpora
314 5445 413 5518 primo
440 5446 507 5502 loco
530 5447 729 5503 materialiter
756 5449 792 5504 de
820 5454 900 5506 terra

78 5537 201 5604 sumpta
232 5549 293 5589 non
331 5534 394 5591 sint
423 5552 430 5603 3
473 5535 584 5591 idcirco
619 5539 722 5591 tamen
755 5552 815 5591 non
854 5541 898 5594 in-

78 5622 293 5678 convenienter
317 5623 354 5680 de
382 5627 461 5680 terra
495 5628 619 5697 sumpta
645 5640 711 5681 esse
737 5625 898 5698 dicuntur,

78 5705 151 5777 quia
164 5709 256 5779 primi
268 5712 391 5770 homnis
405 5729 515 5788 eorpus
536 5731 554 5770 a
568 5729 630 5788 quo
648 5717 755 5770 nostra
773 5730 900 5789 corpora

955 4653 1049 4708 ditate
1065 4655 1247 4723 vegetantur
1259 4654 1287 4706 et
1303 4652 1453 4718 crescunt,
1470 4651 1499 4702 et
1515 4650 1599 4701 motu
1611 4659 1667 4699 suo
1680 4645 1714 4700 in
1730 4645 1786 4699 for·

955 4757 1036 4797 mam
1052 4741 1174 4814 proprio
1189 4739 1292 4811 generi
1311 4738 1541 4794 convenientem
1561 4732 1781 4806 producantur.

954 4831 1010 4885 His
1025 4830 1120 4900 igitur
1139 4832 1169 4884 et
1184 4826 1395 4900 hujuscemodi
1417 4824 1590 4881 rationibus
1621 4819 1782 4894 probabile

953 4919 1138 4986 factumest,
1154 4918 1273 4971 animas
1286 4932 1324 4970 ex
1339 4914 1538 4970 traducenda
1551 4898 1636 4978 esse}
1664 4909 1718 4965 sed
1734 4924 1784 4964 no

953 5022 1009 5062 vas
1023 5006 1059 5061 de
1075 5005 1171 5060 nihilo
1191 5008 1307 5059 creatas
1330 5003 1418 5058 novis
1440 5000 1577 5075 quotidie
1602 4998 1784 5070 corporibus

954 5095 991 5151 de
1005 5099 1132 5168 paterno
1146 5093 1261 5148 semine
1275 5095 1359 5161 sunt,
1375 5097 1405 5146 el
1419 5106 1542 5146 rursum
1556 5089 1590 5143 in
1613 5086 1709 5143 vulva
1722 5087 1781 5141 for-

953 5183 1046 5238 matis
1057 5183 1095 5237 ad
1105 5181 1341 5238 vivificationem
1356 5178 1490 5234 infundi.
1501 5178 1535 5234 In
1552 5176 1667 5249 quibus
1679 5180 1783 5230 tamen

954 5272 1098 5328 omnibus
1115 5270 1200 5326 nulla
1215 5285 1352 5343 unquam
1372 5269 1451 5324 ratio
1473 5268 1537 5323 sive
1562 5265 1731 5320 auctoritas
1751 5263 1783 5317 in

953 5365 1075 5415 tantum
1090 5359 1253 5432 praevalere
1265 5359 1367 5432 potuit
1388 5361 1424 5413 ut
1447 5357 1636 5412 dubietatem
1663 5353 1783 5409 tolleret

954 5449 1144 5522 quaestionis,
1160 5452 1285 5521 excepto
1309 5463 1343 5503 eo
1357 5446 1421 5502 solo
1436 5445 1519 5517 quod
1540 5444 1616 5500 fides
1631 5441 1784 5498 catholica

955 5540 1051 5609 magis
1067 5538 1248 5594 credendum
1264 5537 1354 5607 elegit
1370 5536 1489 5590 animas
1498 5532 1636 5607 quotidie
1651 5530 1782 5603 corpori·

953 5628 1012 5683 bus
1027 5626 1217 5682 vivificandis
1243 5624 1403 5680 sociandas
1426 5624 1463 5678 de
1483 5621 1581 5678 nihilo
1605 5621 1671 5676 tisri
1687 5633 1781 5692 quam

954 5715 1120 5772 secundum
1139 5714 1273 5785 corporis
1296 5716 1439 5769 naturam
1461 5716 1492 5769 et
1515 5711 1616 5769 earnis
1637 5710 1783 5766 humanat
