3742 6082
60 236 113 294 ns
537 240 591 296 oe
609 239 949 300 cassinensis·
973 242 1082 305 mem
1101 248 1131 306 11
1149 252 1249 311 raas
1267 254 1291 312 1.
1375 189 1377 192 Α
1484 232 1488 241 ’
1714 262 1768 320 414

61 364 139 432 titia,
156 366 262 436 postea
277 363 312 429 in,
324 363 429 433 gloria.
447 364 488 420 Ut
503 367 584 420 enirn
599 368 631 422 in
651 369 773 440 justitia
788 385 885 424 unum
899 359 926 414 Α
942 373 1001 443 111.)
1019 374 1106 431 Unde
1120 381 1301 435 econtrario
1316 378 1352 434 de
1367 379 1552 450 quibusdam
1566 380 1639 437 dicit
1664 382 1744 439 idem
1759 401 1765 438 ε

62 454 133 521 sint,
160 458 331 522 repensent
354 457 499 508 inundes
520 458 600 524 quio
619 462 654 511 tu
689 473 739 512 ine
767 460 891 513 misisti
946 464 1098 532 Quisquis
1125 473 1236 522 autern
1259 470 1420 536 Spiritum
1444 469 1565 524 Christi
1584 485 1649 526 non
1665 473 1767 540 habet,

62 540 167 611 (ibid.)
184 545 244 608 ;ut
258 544 361 596 autem
381 543 413 597 in
437 541 534 612 gloria
548 554 645 600 unum
662 546 724 601 sint
738 538 756 600 τ’
772 550 840 601 eolo
854 552 891 601 ut
945 551 998 604 hie
1010 567 1074 607 non
1091 558 1225 623 esicius
1242 556 1343 625 (Rom.
1361 557 1441 627 ειη).
1458 555 1533 622 Quis
1554 573 1644 629 porro
1660 559 1771 615 audeat

61 633 117 686 ubi
133 645 190 700 ego
205 646 279 685 sain
293 637 324 685 et
340 634 394 686 iiii
408 634 622 700 sintezeeurn,
639 636 819 689 strideant
830 638 891 690 ela·
945 639 1065 709 opinari
1083 643 1154 712 (nisi
1168 645 1310 715 quisquis
1324 646 1619 716 inseparabilitatem
1633 647 1769 703 Trinita-

60 721 196 774 riiatem
212 736 319 775 neema
340 736 437 789 oriam
455 724 684 790 dedistismihi,
708 725 788 792 pisid
810 727 887 778 diie-
945 727 986 782 tis
996 728 1119 798 ignorat
1129 732 1263 802 penitus)
1276 733 1358 803 quod
1368 733 1400 788 in
1414 732 1517 804 aliquo
1526 734 1665 791 habitare
1675 736 1772 808 possit

60 811 145 863 cisti
162 824 213 863 me
227 815 305 863 aitte
320 812 586 866 constitutionem
601 814 719 866 ruendi
734 811 835 883 (ibid).
945 814 1045 884 Pater,
1062 821 1116 872 aut
1138 819 1245 886 Filius,
1263 819 1296 873 in
1320 836 1381 891 quo
1403 836 1464 877 non
1489 821 1610 878 habitet
1635 822 1770 895 Spiritus

61 896 135 952 Cae.
152 897 328 957 xlllouod
344 899 491 953 Christus
503 903 681 954 seecundum
694 901 834 955 humans
843 905 890 954 ta·
946 908 1150 973 sanct11s‚aut
1171 907 1203 961 in
1223 905 1327 977 aliquo
1350 907 1483 979 Spiritus
1504 914 1629 966 sanctus
1651 911 1684 966 in
1709 928 1770 983 quo

63 992 125 1041 tem
141 987 176 1039 in
188 989 265 1040 coeio
280 989 520 1055 misecordias
536 989 748 1043 diuinitatem
760 989 887 1056 ubique.
945 1006 1005 1045 non
1015 996 1044 1047 et
1054 992 1145 1048 Pater
1157 996 1187 1048 et
1197 992 1310 1048 Filius?
1324 995 1411 1050 Unde
1426 996 1584 1052 fatendum
1598 1001 1645 1053 θεῖ
1655 999 1770 1071 ubique

95 1074 217 1138 Quaeris
235 1073 388 1145 quoniodo
413 1077 577 1130 mediator
599 1078 658 1131 Dei
673 1083 703 1131 et
719 1078 889 1131 horridum
945 1095 1010 1135 esse
1024 1080 1123 1136 Deum
1146 1097 1199 1153 per
1217 1082 1390 1138 divinitatis
1413 1086 1607 1155 praesentiam
1630 1087 1683 1142 sed
1706 1103 1768 1145 nen

64 1165 156 1218 homo
172 1164 320 1218 Christus
336 1164 430 1218 Iesus
448 1163 480 1234 (l
497 1167 576 1220 Tim.
594 1165 640 1235 11),
657 1181 739 1219 nunc
754 1181 818 1220 esse
834 1180 892 1220 ere·
944 1169 1059 1240 ubique
1074 1185 1127 1241 per
1140 1169 1311 1227 divinitatis
1326 1175 1356 1226 et
1370 1171 1605 1228 inhabitationis
1625 1175 1767 1244 gratiam.

62 1250 154 1306 datur
162 1251 195 1305 in
207 1249 348 1319 ceresia
362 1252 435 1322 quia
447 1251 530 1307 Deus
543 1252 657 1324 ubique
669 1252 718 1320 sit,
735 1252 889 1307 hominem
944 1257 1071 1329 Propter
1082 1259 1161 1314 hanc
1169 1260 1251 1314 enim
1262 1258 1485 1315 habitationem
1497 1260 1550 1315 ubi
1559 1262 1666 1332 procul
1676 1263 1769 1320 dubio

62 1355 186 1412 quoque
200 1339 287 1394 illum
301 1340 354 1411 qui
370 1340 402 1395 in
418 1339 480 1395 Deo
495 1341 533 1396 sil
551 1341 664 1411 ubique
680 1340 837 1410 diffusum,
852 1357 890 1396 ex
944 1346 1044 1416 gratia
1064 1346 1235 1403 dilectionis
1258 1348 1324 1419 ejus
1347 1348 1533 1418 agnoscitur,
1551 1365 1612 1404 non
1637 1350 1768 1409 dicimus

62 1428 118 1483 hoe
131 1428 280 1483 nimirum
306 1428 437 1498 intelligi
461 1428 566 1483 volens
588 1429 680 1484 etiam
700 1429 732 1483 in
747 1428 890 1500 paradiso
943 1433 1035 1490 Pater
1046 1438 1149 1490 noster
1163 1436 1217 1507 qui
1232 1451 1264 1491 es
1276 1437 1474 1508 ubique,oum
1487 1440 1517 1493 et
1530 1437 1589 1493 hoc
1600 1453 1707 1495 verum
1717 1440 1768 1510 sit,

63 1533 126 1572 esse
141 1518 280 1588 potuisse
293 1517 345 1588 qui
361 1517 476 1588 ubique
491 1517 614 1572 sit.Noli
629 1519 735 1588 itaque
749 1517 889 1573 dubitare
945 1522 997 1577 sed
1010 1524 1110 1578 Pater
1125 1530 1236 1579 noster
1250 1527 1309 1594 qui
1324 1530 1371 1580 est
1387 1527 1423 1578 in
1438 1528 1528 1581 coeiis
1545 1526 1771 1597 (Matthvrhut

63 1605 103 1659 ibi
129 1620 214 1660 nunc
239 1620 304 1659 esse
323 1604 478 1658 hominem
502 1604 607 1659 lesum
630 1604 786 1659 Christum
809 1604 890 1659 unde
945 1609 1093 1682 templum
1109 1612 1175 1684 eJus
1188 1613 1220 1666 in
1235 1613 1374 1668 oratione
1386 1614 1489 1684 potius
1500 1629 1771 1671 commemoremus

63 1698 213 1748 venturus
225 1698 281 1748 θεῖ.
298 1693 473 1748 blemoriter
483 1709 605 1765 quoqne
616 1693 712 1749 recole
722 1697 752 1749 et
762 1692 890 1748 fideliter
903 1702 929 1759 Β
944 1698 1026 1768 quod
1042 1702 1072 1753 θῖ
1093 1714 1150 1754 nos
1170 1700 1230 1771 ipsi
1255 1715 1320 1755 esse
1342 1700 1498 1769 debemus3
1513 1703 1543 1756 et
1572 1702 1604 1756 in
1620 1707 1770 1774 quantum

63 1787 130 1838 tene
143 1782 352 1837 Christianam
368 1782 750 1852 consessioirern‚q110niam
768 1798 888 1837 ‹resur-
944 1802 1052 1842 sumus
1065 1788 1097 1841 in
1114 1792 1235 1843 tantum
1245 1789 1282 1843 ad
1293 1790 1359 1860 ejtis
1370 1790 1544 1845 societatem
1557 1795 1587 1845 et
1598 1790 1771 1863 adoptionis

62 1872 140 1926 rexit
165 1887 183 1923 a
207 1871 348 1939 mortuis,
374 1870 511 1924 aseendit
533 1870 572 1924 ad
596 1870 716 1939 eoelum,
745 1871 827 1926 sedet
852 1870 890 1925 ad
944 1874 1094 1929 familiam
1106 1877 1304 1947 pertinemus.
1319 1877 1396 1932 Cum
1421 1878 1517 1947 igitur
1529 1878 1583 1949 qui
1595 1879 1710 1951 ubique
1725 1884 1771 1937 θεῖ

64 1960 220 2016 dexteram
236 1959 364 2014 Patris.»
382 1960 444 2013 Nec
460 1958 583 2013 aliunde
599 1975 691 2030 quam
706 1959 776 2014 inde
787 1963 891 2014 ventu·
944 1978 1006 2017 non
1020 1963 1053 2017 in
1069 1964 1213 2018 omnibus
1226 1964 1357 2032 habitat3
1373 1964 1465 2019 etiam
1481 1965 1639 2036 inquibus
1650 1967 1771 2024 habitat

63 2064 115 2104 rus
137 2052 194 2117 est,
212 2047 250 2102 ad
275 2047 363 2103 vivos
378 2050 408 2102 et
430 2052 568 2102 mortuos
591 2048 784 2119 judicandos
801 2052 830 2102 θῖ
846 2049 888 2103 sic
944 2067 1006 2105 non
1018 2051 1178 2122 {equaliter
1191 2051 1322 2106 habitat.
1337 2052 1415 2107 Nam
1430 2051 1510 2106 unde
1530 2056 1577 2108 est
1596 2053 1672 2109 illud
1687 2055 1770 2127 quod

63 2141 213 2192 venturus
226 2141 272 2191 θεῖ
285 2136 338 2191 illa
352 2136 489 2206 angelica
498 2152 571 2191 voce
582 2140 730 2192 testante:
745 2137 891 2201 Quemad·
943 2140 1063 2194 Eliseus
1087 2141 1225 2211 poposcit
1248 2143 1283 2194 ut
1306 2138 1467 2211 dupliciter
1476 2139 1507 2194 in
1519 2155 1554 2195 eo
1568 2140 1701 2213 Spiritus
1713 2144 1769 2200 Dei

63 2226 189 2282 modum
204 2225 291 2281 visus
303 2229 349 2279 est
363 2225 407 2279 ire
422 2226 454 2278 in
471 2225 580 2280 coelum
597 2227 675 2295 (Aet.
693 2226 727 2295 Ι),
744 2225 775 2281 id
790 2229 845 2294 est,
857 2226 889 2280 in
943 2229 1028 2283 fieret
1043 2228 1096 2299 qui
1112 2232 1176 2283 erat
1190 2229 1223 2282 in
1238 2226 1334 2283 Elia?
1360 2230 1406 2297 (II
1432 2231 1506 2298 Reg.
1528 2229 1572 2298 Π.)
1586 2231 1625 2285 Et
1637 2232 1718 2288 unde
1736 2233 1769 2289 in

63 2315 168 2370 eadem
178 2315 277 2369 forma
287 2313 388 2367 earnis
399 2317 491 2385 atque
500 2313 744 2369 substantiaCui
756 2315 890 2386 proiecto
944 2317 1088 2372 omnibus
1099 2316 1214 2371 sanctis
1224 2319 1295 2370 sunt
1306 2315 1358 2370 ulii
1366 2317 1533 2371 sanctiores
1545 2317 1605 2372 nisi
1615 2319 1771 2376 abundau-

63 2402 327 2459 immortalitatem
344 2401 438 2471 dedit,
459 2406 601 2457 naturam
617 2419 678 2458 non
694 2403 832 2458 abstulit.
844 2403 892 2458 Se·
944 2407 1006 2462 tius
1021 2405 1162 2461 habendo
1176 2406 1382 2461 habitatorem
1398 2402 1514 2460 Deum?
1525 2404 1683 2471 Quomodo
1699 2423 1771 2480 ergo

62 2493 198 2548 cundum
213 2492 293 2547 hane
310 2491 440 2546 sormam
462 2507 523 2545 non
546 2495 591 2545 θεῖ
605 2491 761 2563 putandus
776 2491 891 2563 ubique
945 2510 1051 2550 verum
1077 2498 1123 2550 est
1151 2494 1233 2566 quod
1259 2494 1400 2566 superius
1416 2492 1561 2563 diximus,
1578 2494 1661 2567 quod
1686 2496 1771 2555 Deus

62 2582 204 2637 diffusus.
221 2579 398 2637 Cavendum
414 2582 461 2634 est
475 2580 557 2634 enim
572 2595 609 2634 ne
631 2580 676 2634 ita
697 2580 889 2667 divinitatem
943 2584 1058 2656 ubique
1071 2583 1112 2638 sit
1126 2585 1220 2651 totus,
1237 2581 1360 2654 quando
1373 2582 1405 2636 in
1429 2581 1498 2637 aliis
1513 2587 1558 2638 θεῖ
1580 2583 1723 2656 amplius,
1737 2586 1771 2642 in

60 2675 239 2727 astruamus
250 2669 434 2738 hominis,ut
449 2669 611 2723 veritatem
625 2669 759 2740 corporis
775 2669 891 2723 aufera-
944 2671 1013 2726 aliis
1027 2672 1132 2726 minus
1148 2668 1162 2724 i
1176 2670 1234 2726 Sed
1249 2686 1311 2725 non
1326 2672 1373 2724 est
1385 2668 1575 2739 negligenter
1588 2671 1771 2729 intuendum

60 2776 138 2816 mus.
154 2760 225 2815 Non
247 2759 329 2813 enim
354 2760 400 2813 est
426 2772 615 2828 consequens
630 2759 665 2811 ut
680 2756 764 2828 quod
777 2757 810 2811 in
824 2757 889 2812 Deo
944 2759 1026 2832 quod
1041 2759 1196 2815 diximus:
1226 2758 1263 2814 In
1278 2758 1379 2830 seipse
1393 2761 1440 2813 θεῖ
1456 2757 1571 2829 ubique
1584 2761 1668 2815 totus
1684 2775 1691 2827 ;
1707 2777 1769 2818 non

61 2849 166 2918 est,ita
178 2848 220 2903 sit
234 2847 349 2918 ubique
363 2847 442 2902 sicut
456 2846 548 2901 Deus.
559 2845 638 2900 Nam
653 2845 689 2901 de
701 2846 790 2900 nobis
804 2860 888 2900 vers·
943 2863 1014 2919 ergo
1028 2848 1061 2902 in
1073 2847 1203 2919 eis,quia
1219 2846 1272 2902 alii
1284 2845 1353 2917 plus
1364 2860 1435 2900 eum
1448 2845 1639 2917 capiunt,alii
1653 2849 1768 2906 minus.

62 2938 186 2993 sissima
200 2935 358 3008 Scriptura
373 2934 456 3003 dicit,
473 2934 556 3005 qnod
571 2936 607 2988 in
630 2935 688 2989 iilo
703 2935 890 2989 vivirnuset
943 2936 1109 2991 ldeoenim
1134 2935 1249 3006 ubique
1272 2949 1336 2989 esse
1355 2933 1477 3000 dieitur,
1493 2934 1567 3004 quia
1588 2934 1665 2991 nulli
1688 2939 1768 3009 parti

63 3042 234 3082 movemur
248 3029 280 3080 et
294 3040 410 3078 sanius
426 3020 505 3094 (Aet.
523 3023 613 3092 xviri:
629 3038 684 3077 nee
698 3025 800 3077 tamen
812 3023 890 3077 sicut
908 3040 1044 3102 Crerum
1058 3023 1169 3078 absens
1181 3025 1236 3076 θεῖ.
1252 3020 1322 3076 ldso
1336 3023 1430 3088 totus,
1444 3020 1517 3091 quia
1532 3036 1594 3076 non
1609 3023 1665 3078 uni
1687 3026 1768 3096 parti

63 3115 123 3184 ifle,
140 3115 258 3186 ubique
273 3127 390 3180 sumus,
408 3111 460 3166 sed
482 3110 569 3166 aliter
589 3110 680 3165 homo
703 3110 754 3165 ille
768 3110 800 3165 in
814 3110 889 3179 Deo,
944 3128 1046 3169 rerum
1060 3115 1178 3184 partem
1190 3126 1278 3166 suam
1292 3114 1473 3182 praesentem
1488 3110 1619 3181 prebes
1635 3114 1665 3168 et
1679 3111 1768 3181 alteri

64 3204 212 3276 quoniam
239 3201 328 3256 aliter
342 3205 371 3255 θῖ
392 3200 475 3255 Deus
497 3200 548 3254 ille
568 3200 600 3254 in
622 3199 745 3254 homine
768 3199 890 3271 proprio
945 3204 1026 3276 perti
1039 3202 1166 3257 alteram
1178 3202 1315 3273 partem3
1331 3198 1465 3270 aequales
1484 3213 1557 3254 vero
1570 3200 1743 3272 aequalibus
1760 3220 1767 3259 :

63 3292 199 3365 quodam
211 3295 241 3346 et
249 3288 399 3361 singulari
414 3288 513 3344 modo.
529 3288 597 3344 Una
612 3289 692 3343 enim
704 3303 836 3360 persona
845 3291 892 3343 θεῖ
945 3291 1056 3347 minori
1074 3305 1146 3345 vero
1160 3289 1310 3345 minorem
1330 3287 1502 3358 majorique
1525 3287 1683 3358 majorem.
1699 3290 1769 3347 Non

62 3379 489 3448 Deusethomoetutrumque
501 3376 890 3445 unusestresuscnristus
946 3380 1045 3436 solum
1061 3376 1228 3434 universali
1243 3379 1401 3445 creature,
1417 3377 1630 3433 verumetiam
1646 3377 1773 3436 cuilibet

63 3470 181 3541 ubique
193 3467 290 3539 perid
304 3466 384 3537 quod
400 3466 483 3521 Dens
506 3467 561 3534 est,
578 3465 609 3519 in
626 3465 700 3519 coelo
721 3468 823 3521 autem
839 3480 893 3537 per
945 3469 1026 3542 parti
1039 3468 1105 3540 ejus
1120 3471 1203 3522 totus
1215 3465 1330 3539 pariter
1354 3463 1449 3519 adest.
1467 3464 1561 3520 Porro
1585 3467 1676 3521 etiam
1689 3467 1773 3540 qrrod

63 3558 95 3613 id
108 3556 194 3630 quod
208 3556 369 3611 homones
381 3569 451 3624 ergo
467 3553 550 3609 Dens
562 3568 616 3624 per
625 3556 734 3609 cuncta
749 3553 889 3609 diffusus.
944 3573 1055 3629 parum
1069 3555 1213 3611 distincte
1235 3553 1413 3625 putavimus
1436 3566 1525 3624 posse
1548 3552 1690 3624 intelligi,
1702 3568 1771 3610 cum

64 3646 132 3719 Ipse
144 3645 260 3717 quippe
271 3644 381 3715 ait‚per
391 3642 711 3714 Prophetam.Coeium
723 3648 754 3697 ei
766 3647 890 3698 terrem
946 3647 1114 3702 diceremus
1127 3643 1225 3697 Deum
1241 3655 1307 3694 esse
1321 3638 1436 3708 ubique
1453 3641 1562 3706 totum,
1579 3640 1638 3694 nisi
1652 3640 1773 3697 addere·

65 3751 118 3805 ego
136 3736 255 3803 impleo
272 3733 399 3803 (Jerein.
415 3732 520 3802 xxnr).
538 3731 596 3786 Sed
611 3730 693 3802 quod
715 3730 806 3802 paulo
821 3733 891 3785 ante
946 3748 1015 3788 mus
1027 3733 1060 3786 in
1073 3731 1173 3801 seipso
1187 3728 1256 3783 ideo
1272 3725 1450 3795 diligentius
1464 3726 1769 3796 exponendquuo·

64 3824 153 3899 posui
165 3822 203 3877 de
218 3821 370 3892 sapientia
384 3820 608 3891 ejusnrttnpit
618 3833 638 3873 o
652 3819 718 3890 fine
731 3834 833 3887 usque
847 3821 891 3873 od
946 3820 1036 3876 modo
1057 3817 1138 3873 enim
1161 3815 1276 3887 ubique
1300 3814 1334 3868 in
1347 3810 1477 3885 seipso?
1501 3813 1622 3886 Ubique
1645 3815 1769 3888 scilicet,

64 3914 161 3983 finem
195 3909 338 3979 fortiter,
366 3913 397 3963 et
427 3910 572 3978 disponit
601 3909 715 3963 oracio
743 3909 892 3962 suaviter
946 3908 1020 3980 quia
1034 3918 1188 3976 nusquam
1207 3906 1253 3958 est
1274 3901 1396 3970 absens,
1409 3901 1443 3956 in
1457 3901 1557 3974 seipso
1572 3907 1676 3960 autem
1696 3905 1771 3976 quia

65 3997 375 4072 (Sapvnrlltsmquo
387 3997 534 4068 scriptum
545 3998 748 4065 est.Spiriius
760 3996 892 4050 Domini
946 4012 1008 4052 non
1017 3990 1237 4050 contineturab
1246 3988 1412 4062 eisquibus
1421 3993 1467 4045 est
1474 3995 1771 4064 praesens,tauquam

65 4089 203 4158 replevit
217 4088 323 4140 orbem
340 4089 509 4140 terrarum
525 4085 608 4156 (Sap.
625 4086 660 4155 1);
676 4085 765 4155 eique
779 4081 892 4138 dicitur
947 4086 1012 4141 sine
1027 4083 1077 4138 his
1091 4096 1156 4136 θεεθ
1172 4095 1234 4135 non
1247 4078 1354 4151 possit.
1372 4076 1457 4133 Sicut
1472 4081 1575 4133 autem
1597 4094 1652 4135 nec
1665 4080 1705 4136 ab
1718 4081 1771 4138 illo

65 4176 94 4240 'm
109 4173 248 4247 quodam
259 4172 387 4245 psalmo.
403 4175 468 4232 Quo
484 4175 532 4226 ibo
547 4188 568 4226 o
581 4174 703 4240 spiritu
720 4176 819 4237 iudet
830 4185 892 4240 quo
947 4174 1033 4228 abest
1046 4173 1079 4227 in
1094 4185 1155 4242 quo
1170 4184 1231 4224 non
1247 4166 1411 4235 habitat‚et
1426 4169 1509 4221 totus
1524 4165 1771 4238 adest,quamvis

66 4278 84 4318 o
99 4263 190 4332 facie
205 4267 264 4316 tua
279 4258 427 4329 fugienti
437 4262 471 4314 si
482 4263 657 4315 ascendero
673 4261 708 4313 in
722 4261 839 4314 coetum
856 4264 892 4313 tu
946 4261 1076 4317 illesum
1090 4274 1152 4314 non
1168 4256 1289 4324 habeat,
1305 4256 1350 4310 ita
1365 4257 1394 4309 θῖ
1408 4253 1441 4308 in
1460 4253 1513 4308 illo
1526 4253 1560 4308 in
1575 4268 1636 4325 quo
1649 4255 1771 4313 habitat

66 4354 138 4406 iilic
152 4365 198 4416 es,
208 4352 238 4404 si
253 4351 445 4404 descendero
457 4352 500 4403 od
512 4349 683 4418 infernum
699 4351 777 4404 odes
789 4347 889 4419 (Psoi.
905 4383 934 4441 D
947 4353 1031 4406 totns
1045 4350 1091 4403 est
1105 4360 1249 4419 praesens,
1265 4342 1407 4416 quamvis
1431 4355 1494 4396 non
1508 4356 1546 4396 ex
1558 4344 1622 4397 toto
1637 4357 1707 4399 eum
1722 4359 1770 4401 ca·

67 4440 232 4508 cxxxvnrt.
246 4437 304 4493 Sed
326 4437 368 4492 sic
392 4441 438 4492 est
462 4437 545 4492 Deus
569 4437 684 4509 ubique
705 4452 759 4508 per
781 4439 892 4491 cuncta
948 4439 1022 4512 piat.
1036 4437 1142 4508 Neque
1156 4434 1237 4490 enim
1257 4431 1297 4487 ad
1319 4429 1522 4486 habitandum
1546 4428 1657 4486 dividit
1674 4446 1773 4505 seper

68 4528 212 4595 diffusus,
228 4531 338 4581 utnon
355 4526 395 4580 sit
408 4525 542 4597 qualitas
552 4526 670 4595 mundi,
687 4525 739 4581 sed
755 4524 895 4580 substan·
948 4526 1110 4583 hominum
1123 4522 1213 4579 corda
1230 4537 1284 4577 seu
1302 4534 1428 4592 corpora
1443 4534 1452 4587 3
1480 4517 1573 4574 aliam
1593 4519 1641 4575 sui
1654 4525 1773 4592 partem

66 4618 109 4673 tia
136 4615 269 4672 creatrix
291 4616 409 4684 mundi,
427 4616 492 4671 sine
517 4615 622 4671 labore
648 4629 755 4684 regens
780 4617 809 4669 θῖ
828 4613 894 4668 sine
948 4616 1020 4672 huic
1039 4614 1195 4678 tribuens;
1211 4610 1256 4665 illi
1271 4608 1383 4677 aliam;
1406 4607 1486 4663 sicut
1498 4607 1555 4662 lux
1568 4606 1629 4662 ista
1642 4623 1696 4680 per
1710 4610 1773 4667 adi·

67 4721 158 4762 onere
173 4703 335 4760 continens
349 4703 510 4759 mundum.
527 4705 596 4760 Non
611 4708 715 4759 tamen
728 4718 781 4774 per
795 4701 895 4774 spatia
948 4707 999 4759 tus
1014 4708 1044 4759 θῖ
1055 4702 1207 4758 fenestras
1217 4698 1376 4754 domorum
1388 4696 1441 4751 sed
1456 4696 1559 4767 potius
1570 4696 1596 4751 si
1607 4698 1776 4768 quemlibet

65 4794 205 4851 locorum
223 4793 314 4865 quasi
341 4793 419 4848 mole
441 4793 563 4862 diffusa,
593 4794 637 4848 ite
658 4795 693 4847 ut
714 4791 746 4846 in
768 4790 894 4846 dimidio
949 4807 1058 4848 sonum
1071 4791 1151 4862 (cum
1162 4802 1211 4843 res
1221 4800 1364 4857 corporea
1374 4783 1591 4840 ettransitoria
1602 4785 1653 4858 sit)
1663 4785 1775 4845 surdus

65 4881 176 4939 mundi
191 4895 315 4953 corpore
331 4881 371 4936 sit
386 4880 543 4949 dimidius,
556 4885 586 4936 et
598 4882 630 4935 in
646 4880 705 4934 alio
719 4877 899 4934 dimidiodi·
949 4897 1011 4937 nen
1024 4876 1275 4951 capit‚surdaster
1289 4889 1350 4928 non
1365 4875 1465 4929 totum
1481 4872 1669 4945 capitatque
1681 4875 1714 4931 in
1725 4874 1775 4932 his

64 4971 182 5027 midius
198 4973 291 5041 atque
313 4970 357 5024 ita
371 4984 425 5042 per
437 4972 536 5024 tetum
556 4972 639 5024 totus
654 4972 684 5023 θῖ
696 4969 729 5023 in
744 4965 818 5022 coelo
832 4966 896 5021 solo
949 4969 1003 5041 qni
1027 4965 1158 5021 audiunt
1182 4978 1251 5019 cum
1273 4962 1388 5034 pariter
1402 4961 1429 5016 ei
1452 4961 1672 5033 propinquant,
1689 4967 1776 5020 tanto

66 5064 162 5129 totus,
177 5061 209 5114 θῖ
221 5058 254 5114 in
269 5057 335 5113 sola
349 5060 431 5113 terra
441 5062 535 5126 totus,
551 5060 581 5112 et
594 5057 627 5111 in
642 5054 800 5112 coelestin
816 5057 897 5109 terra
949 5055 1048 5125 magis
1062 5052 1142 5108 alius
1155 5051 1215 5107 alio
1235 5051 1447 5124 capit‚quanto
1463 5051 1508 5105 est
1523 5049 1680 5120 acutioris,
1688 5055 1776 5108 tauto

65 5153 170 5216 totus3
186 5149 217 5202 θῖ
230 5145 317 5202 nullo
331 5145 397 5202 loeo
410 5149 584 5213 contentus,
600 5143 699 5200 sedin
715 5143 814 5215 seipso
829 5141 895 5196 ubi·
951 5147 1053 5199 autem
1066 5142 1170 5197 minus
1183 5142 1299 5211 quanto
1315 5142 1360 5194 est
1373 5137 1540 5193 obtusioris
1555 5137 1689 5207 auditus,
1706 5153 1776 5194 cum

65 5253 123 5311 que
132 5235 286 5293 tetus.1ta
298 5235 444 5304 Pater,ita
453 5235 607 5304 l'ilius‚ita
617 5233 749 5304 Spiritus
760 5235 895 5299 sanctus,
950 5231 1001 5288 ille
1014 5246 1075 5287 non
1091 5229 1175 5285 varie
1184 5228 1284 5298 magis
1298 5227 1439 5282 minusve
1452 5225 1604 5294 sonet,sed
1615 5225 1649 5280 in
1663 5239 1698 5280 co
1711 5224 1777 5280 loeo

65 5327 109 5381 ita
121 5323 265 5382 Trinitas
283 5338 366 5378 unus
385 5323 478 5388 Deus.
495 5323 606 5377 Verum
630 5320 706 5376 illud
730 5324 776 5376 est
800 5318 897 5375 multo
951 5322 983 5377 in
999 5335 1060 5393 quo
1077 5321 1150 5375 sunt
1168 5332 1275 5374 omnes
1289 5315 1448 5388 aequaliter
1462 5317 1574 5386 praesto
1588 5313 1639 5367 sit.
1655 5310 1776 5377 Quanto

65 5412 242 5470 mirabilius
261 5411 344 5483 quod
359 5427 428 5466 eum
444 5411 527 5467 Deus
542 5411 657 5482 ubique
670 5409 710 5464 sit
725 5411 817 5476 totus,
836 5422 897 5462 non
953 5408 1152 5464 excellentius
1167 5405 1251 5461 Deus
1265 5408 1379 5459 natura
1392 5402 1569 5473 incorporea
1589 5404 1619 5455 et
1632 5399 1777 5455 immuta·

67 5506 174 5558 tamen
198 5502 231 5557 in
247 5500 393 5556 omnibus
408 5500 540 5556 habitat.
557 5499 626 5555 Non
651 5498 733 5553 enim
755 5496 899 5552 omnibus
952 5497 1024 5553 bilis
1038 5500 1067 5552 et
1081 5497 1163 5563 viva,
1175 5495 1230 5566 qui
1245 5507 1306 5549 non
1322 5493 1402 5548 sicut
1414 5503 1508 5545 sonus
1521 5501 1574 5558 per
1589 5500 1691 5542 moras
1705 5489 1778 5544 tem·

68 5591 128 5647 dici
142 5593 247 5662 petest
257 5588 340 5661 quod
354 5586 635 5660 aitApostolus,vel
649 5585 732 5658 quod
743 5585 808 5656 jam
823 5584 898 5654 dixi,
953 5601 1062 5659 pamm
1077 5583 1161 5639 tendi
1183 5587 1213 5638 et
1231 5580 1327 5638 dividi
1347 5580 1469 5652 potest3
1498 5589 1552 5629 nec
1574 5574 1674 5646 spatio
1690 5592 1779 5635 aereo

69 5679 118 5736 vel
148 5678 242 5734 etiam
271 5677 358 5733 illud.
380 5679 521 5734 Nescitis
550 5678 631 5747 quia
658 5677 814 5744 templum
842 5674 900 5728 Dei
954 5668 1372 5745 tanqusmleeosuoindiget
1387 5664 1442 5720 ubi
1455 5662 1792 5734 presentibussmsc

69 5767 164 5839 mu,
180 5769 213 5828 et
226 5767 373 5839 Spiritus
386 5769 444 5822 Dei
464 5767 592 5823 habitui
606 5767 643 5821 ia
658 5760 760 5821 uobis?
775 5760 806 5836 (I
807 5805 814 5819 .
831 5764 898 5819 Cor.
956 5762 1008 5833 sit,
1022 5760 1075 5819 sed
1088 5763 1207 5818 aeterna
1216 5749 1820 5824 stmmtsselpsemsemsnsnsmms
