3742 6082
60 216 114 272 845

640 212 685 267 DE
705 210 1022 271 sententiantium
1041 216 1187 276 CHRISTI.
1215 248 1222 260 =
1278 244 1283 249 ·

1717 232 1773 290 ele

60 356 142 405 nem,
158 343 279 410 propter
292 336 527 393 misericordiam
542 337 674 394 animam
690 353 776 401 snam
791 335 889 392 turha·
908 339 932 393 t
947 342 1088 413 suscepit,
1106 344 1186 401 Sicut
1196 346 1317 404 tradidit
1327 316 1531 423 semetipsum,
1543 354 1667 425 qnando
1680 356 1773 415 tudae

59 430 102 485 vit
131 429 170 484 ad
197 427 449 500 compassionem.
477 431 507 483 ln
532 442 621 483 carne
647 444 701 482 sua
723 426 818 482 doluit
836 442 890 499 pro

59 519 150 574 nuliis
175 517 327 589 patiend0,
353 517 383 572 in
406 521 505 571 mente
535 532 589 571 sua
616 515 770 571 condoluit
804 515 891 570 nobis

59 606 283 680 compatiendo
300 611 327 661 et
344 604 604 678 queamdmodum
620 604 718 660 carnis
732 603 890 659 infirmitas

58 699 89 754 in
103 698 169 771 ipso
179 696 346 752 secundani
368 697 508 751 affectum
523 700 637 749 naturus
659 694 754 749 noluit
768 709 890 766 poenrrm

59 803 161 855 suam,
174 785 217 841 sic
229 784 337 840 mentis
353 784 447 856 pietas
464 782 631 838 secundum
648 782 788 838 aflectum
803 782 891 850 inise-

58 875 194 933 ricordiae
209 874 305 931 noluit
320 873 471 929 miseriam
486 872 625 928 alienam.
644 872 724 929 Sicut
738 871 819 927 enim
842 887 889 927 ca-

58 967 146 1022 licem
159 964 309 1038 passionis
324 962 491 1018 secuudum
507 961 604 1017 curuis
619 961 805 1017 voluntatem
826 977 844 1017 a
859 976 889 1015 sc

58 1054 211 1111 transferri
234 1053 414 1126 postulabat,
442 1068 533 1124 quem
561 1068 621 1107 non
645 1050 886 1107 transferendum

58 1145 245 1219 praesciebat,
262 1144 302 1199 sic
314 1143 491 1199 sententiam
506 1141 767 1199 condemnationis
779 1156 886 1196 secun-

58 1236 133 1291 dum
146 1235 285 1308 pictatem
301 1232 366 1289 aliis
381 1232 510 1302 mitigari
536 1233 651 1297 orabat,
665 1248 760 1304 qnam
778 1231 887 1286 immu-

58 1325 186 1382 tabiliter
198 1323 389 1397 presidebat.
406 1322 499 1378 Pietas
514 1322 595 1377 enim
610 1321 694 1394 quod
708 1337 798 1376 strum
824 1324 887 1376 erat

56 1415 241 1487 operabatur
256 1413 438 1475 miserando,
468 1417 496 1468 et
510 1412 584 1467 ratio
599 1410 681 1483 qnod
709 1427 798 1466 suum
824 1414 888 1465 erat

57 1504 240 1577 sequebatur
254 1503 363 1559 divinae
390 1501 576 1575 dispositioni
590 1501 770 1557 obediendo.
798 1503 886 1572 Prop-

57 1599 139 1650 terea
160 1592 233 1649 nihil
252 1592 466 1648 contrarietatis
487 1595 558 1647 erat.
585 1591 614 1648 Si
638 1590 770 1647 Christus
793 1590 885 1645 homo

945 428 1067 487 tradidit
1093 449 1162 490 eum
1190 453 1196 490 :
1220 436 1262 492 sic
1280 436 1408 495 turbavit
1429 440 1624 514 semetipsum
1648 446 1772 516 quando

944 519 1095 578 miseratio
1122 525 1253 582 turbavit
1275 541 1355 584 eum.
1381 532 1487 585 Notum
1516 535 1563 587 est
1588 532 1646 590 hoc
1668 537 1698 591 et
1718 534 1774 591 fre·

944 612 1045 679 quenti
1074 629 1131 667 usn
1166 615 1337 687 probatum.
1366 618 1474 674 Dicitur
1495 618 1610 677 homini
1647 621 1774 697 quando

944 698 1057 770 aliquid
1085 703 1196 774 patitur
1221 722 1227 759 ε
1256 708 1297 760 Tu
1326 707 1455 779 teipsum
1482 709 1635 778 turbasti;
1661 716 1694 769 tu
1718 711 1773 770 tihi

944 786 1038 844 fecisti
1067 791 1182 847 malum
1210 793 1276 849 boc.
1305 796 1351 852 Sic
1376 800 1459 852 lesus
1493 799 1688 873 semetipsum
1709 805 1771 858 tur-

943 876 1033 938 bavit.
1045 881 1168 951 quando
1181 882 1332 940 miseratio
1343 886 1473 942 turbavit
1483 903 1552 943 eum
1561 904 1655 962 qnam
1665 894 1772 963 sponte

944 974 1134 1040 susceperat:
1160 978 1188 1028 ct
1213 968 1405 1046 ‘semetipsum
1428 976 1557 1041 tradidit,
1581 978 1705 1050 quando
1722 978 1770 1036 ille

941 1057 1061 1113 tradidit
1088 1059 1134 1115 cui
1164 1061 1203 1116 ad
1232 1063 1413 1119 tradendum
1440 1070 1618 1138 potestatem
1648 1083 1771 1125 conces·

941 1150 1027 1200 serat.
1058 1147 1104 1202 Sic
1127 1148 1228 1221 itaque
1247 1153 1332 1206 lesus
1351 1152 1384 1206 in
1404 1153 1590 1210 humanitate
1614 1161 1771 1230 assumpta

941 1233 1077 1303 quaiuliu
1105 1251 1172 1292 eam
1203 1239 1375 1309 passibilem
1395 1246 1513 1313 portare
1541 1240 1635 1299 voluit
1663 1258 1771 1299 secun-

940 1321 1013 1377 dum
1051 1326 1262 1396 proprietatem
1298 1329 1493 1387 hnmanitatis
1533 1334 1561 1386 et
1597 1332 1771 1404 passionem

940 1410 970 1466 in
995 1429 1084 1468 earne
1109 1420 1137 1470 et
1164 1419 1407 1491 compassionem
1435 1420 1465 1475 in
1494 1425 1593 1478 mente
1629 1421 1768 1494 portavit.

941 1506 972 1557 ln
1000 1519 1061 1575 qua
1086 1511 1186 1561 arinen
1207 1509 1298 1564 modo
1319 1510 1358 1565 ad
1383 1510 1657 1567 immutabilitatem
1675 1515 1771 1568 trans-

940 1590 1000 1648 lata
1021 1608 1075 1649 nec
1091 1595 1152 1666 pati
1177 1601 1273 1668 potest
1296 1597 1335 1653 ad
1360 1600 1593 1672 corruptionem,
1615 1615 1671 1657 nec
1690 1616 1771 1658 eom·

57 1682 225 1738 secandum
237 1679 378 1736 aflectum
394 1680 509 1752 pietatis
535 1696 629 1752 quam
643 1679 674 1734 in
701 1677 885 1735 humanitate
905 1693 925 1746 Β
940 1682 1000 1753 pali
1011 1683 1049 1738 ad
1061 1683 1271 1743 turbationem.
1282 1689 1428 1753 Quoniam
1443 1689 1591 1746 Christum
1602 1689 1770 1746 secundum

57 1788 114 1827 sua
144 1774 359 1844 assumpserat,
385 1768 498 1842 aliquid
524 1768 643 1825 volebat
676 1767 759 1840 quod
786 1772 886 1822 tamen

57 1861 225 1917 secundum
262 1859 447 1915 voluntatem
481 1858 616 1914 divinam
650 1857 681 1913 in
715 1872 776 1929 qua
816 1872 886 1911 cnm

57 1955 142 2008 Patro
163 1948 266 2006 omnia
288 1948 469 2021 disponebat
488 1948 621 2004 futurum
635 1963 697 2003 non
713 1962 776 2003 esse
797 1961 887 2018 prees·

57 2041 173 2106 ciebat3
204 2038 275 2111 quia
305 2042 334 2093 et
369 2037 427 2093 boo
457 2036 496 2092 ad
533 2052 635 2092 veram
668 2035 885 2091 humanitatem

57 2128 233 2203 pertinebat,
276 2133 309 2184 ut
333 2127 442 2196 pietate
480 2130 660 2192 moveretur,
688 2129 717 2181 et
751 2125 808 2180 hoc
846 2123 885 2179 ad

57 2236 161 2276 veram
187 2219 372 2275 divinitatem
398 2216 576 2290 pertinebat,
603 2222 635 2271 ut
662 2231 758 2272 asna
784 2214 884 2287 dispo-

56 2310 162 2365 sitione
181 2324 243 2365 non
260 2313 439 2364 moveretur.
459 2312 560 2380 ltaque
584 2305 751 2362 secundum
775 2309 887 2361 utrum·

55 2417 116 2473 quc
144 2399 211 2455 fecit
239 2399 322 2472 quod
350 2398 463 2453 debuit.
501 2400 601 2470 Neque
623 2396 690 2452 ideo
731 2395 787 2451 sibi
816 2410 885 2449 con-

56 2488 164 2544 trarius
193 2488 248 2544 fuit
273 2488 297 2543 si
329 2486 496 2542 secundum
531 2485 672 2559 pietatem
708 2482 886 2540 humanitati

54 2594 222 2649 congruam
248 2577 351 2641 voluit,
374 2576 456 2649 quod
480 2576 646 2631 secundum
669 2574 814 2645 justitiam
843 2573 887 2628 di-

52 2669 169 2725 vinitati
193 2668 326 2725 ‹lebitnm
354 2666 448 2722 noluit
476 2683 483 2722 ε
509 2666 580 2739 quia
603 2669 632 2720 et
662 2666 718 2721 hoc
747 2664 831 2731 selle,
857 2667 885 2718 ct

52 2758 128 2814 illud
163 2756 241 2813 nolle
278 2761 439 2828 utrumque
472 2755 575 2811 voluit.
615 2754 763 2827 Scriptum
797 2755 841 2808 cst
876 2769 883 2807 ε

52 2851 139 2904 desae·
166 2852 265 2904 autem
292 2847 449 2916 infremuit
483 2847 592 2915 spirita
625 2849 653 2899 ct
687 2844 819 2898 turbavit
845 2857 886 2896 se

53 2940 210 3007 inetipsara
242 2937 331 3008 (foca
359 2937 408 3007 xi).
449 2935 499 2991 llic
526 2933 670 2991 intendite
700 2949 707 2987 ε
740 2932 884 2987 Turbuoit

940 1769 1094 1829 bominem
1109 1775 1249 1831 novirnus
1264 1782 1293 1832 et
1307 1777 1469 1849 patientem
1484 1782 1513 1834 et
1537 1778 1770 1851 compatientem

940 1861 1080 1917 novicius
1105 1866 1151 1933 (ff
1175 1864 1242 1921 Cor.
1269 1867 1308 1937 vt.
1337 1868 1528 1937 Defecerant,
1558 1867 1665 1940 inquit,
1693 1869 1771 1925 sicat

938 1953 1041 2021 siccetur
1075 1954 1137 2009 dies
1160 1957 1227 2020 urei,
1263 1959 1290 2011 et
1310 1968 1377 2011 osso
1416 1972 1482 2012 rura
1515 1957 1591 2012 sicat
1627 1958 1769 2025 cremium

939 2049 1087 2098 aruerant
1107 2045 1200 2113 (Psoi.
1218 2050 1265 2103 cri.
1294 2045 1360 2101 Dies
1381 2045 1553 2101 defecerunt
1567 2049 1690 2119 propter
1702 2061 1771 2118 pas·

940 2131 1074 2197 sionem;
1100 2149 1170 2189 ossa
1199 2130 1342 2191 aruerunt
1363 2140 1486 2208 propter
1513 2134 1767 2208 compassionem,

939 2226 1060 2293 propter
1086 2222 1259 2294 passionem
1298 2229 1417 2279 mortua
1454 2227 1499 2280 est
1530 2239 1611 2290 caro,
1647 2227 1771 2296 propter

939 2311 1181 2381 compassionem
1213 2312 1342 2369 arefecta
1365 2318 1409 2369 est
1432 2316 1543 2370 anima.
1573 2311 1663 2368 Dolor
1688 2327 1770 2369 eom-

940 2400 1090 2471 passionis
1120 2401 1208 2475 quasi
1246 2401 1357 2459 frixura
1389 2403 1531 2474 quiedam
1556 2403 1665 2458 animle
1703 2400 1768 2469 fuit,

939 2506 1001 2561 qua
1021 2491 1162 2547 urebatur
1185 2492 1387 2556 miseratione,
1409 2493 1604 2566 premebatur
1627 2507 1769 2566 compas-

940 2580 1031 2643 sione,
1048 2580 1218 2637 siccabatur
1231 2581 1441 2653 desperatione
1456 2601 1462 2651 ;
1477 2581 1685 2655 desperatione
1700 2580 1769 2638 dico

939 2685 998 2725 non
1023 2678 1144 2742 propter
1167 2686 1209 2739 se,
1237 2670 1289 2725 sed
1322 2676 1444 2742 propter
1468 2671 1544 2740 illos,
1576 2671 1629 2743 qni
1655 2686 1711 2727 nec
1736 2670 1768 2727 in

939 2757 1019 2813 nialo
1034 2759 1211 2825 corrigendi,
1226 2774 1324 2831 neque
1339 2774 1357 2815 a
1371 2758 1452 2814 malo
1465 2762 1548 2815 erant
1563 2756 1720 2814 liberandi.
1736 2762 1768 2813 ln

940 2846 985 2899 his
995 2845 1137 2901 omnihus
1152 2846 1301 2903 Christum
1314 2836 1481 2901 secundnm
1492 2861 1613 2901 caraem
1625 2843 1767 2901 novimus

938 2935 1062 3006 qiiamlo
1073 2950 1174 2990 reram
1186 2935 1405 2990 humanitatem
1419 2940 1446 2990 et
1458 2934 1488 2989 in
1496 2949 1568 2990 vera
1580 2932 1768 2990 humanitate

52 3031 241 3097 semetipsum
260 3028 364 3098 (ibid).
389 3026 547 3093 Quomodo
567 3023 725 3080 turbavit?
746 3024 815 3087 Quia
831 3021 885 3077 fuit
904 3046 924 3101 C
941 3040 1039 3079 seram
1055 3024 1182 3096 portavit
1201 3023 1410 3080 mortalitatem
1427 3025 1471 3093 (II
1483 3024 1552 3080 Gor.
1565 3024 1603 3095 st.
1623 3026 1768 3081 Nuncan·

52 3120 110 3175 ista
139 3118 269 3175 turbatio
296 3134 357 3190 qua
386 3116 580 3189 semetipsum
614 3111 745 3168 turbarit
772 3112 884 3167 lesus?
924 3109 1260 3168 ‘temeamsecnndum
1289 3127 1409 3167 carnem
1434 3127 1495 3168 non
1521 3111 1768 3185 novimus,post-

52 3209 150 3266 Pietas
169 3208 247 3279 ipsa,
272 3206 423 3263 miseratio
455 3207 523 3278 ipsa
557 3204 611 3259 fuit
636 3200 775 3258 turbatio.
803 3203 885 3256 Bona
941 3203 1378 3275 quame·esurpensamortnis
1388 3203 1526 3271 jamnon
1541 3201 1768 3271 moritor‚mors

52 3298 194 3365 turbatio,
208 3297 284 3353 benc
298 3296 475 3352 turbabatur
494 3294 546 3368 qui
562 3295 668 3368 pietate
682 3290 883 3347 movebatur?
942 3294 990 3347 itti
1015 3293 1098 3347 altro
1123 3307 1182 3346 teon
1210 3291 1423 3347 continebitur.
1454 3290 1539 3358 Quod
1561 3296 1661 3347 autem
1683 3288 1766 3359 vicit,

51 3388 195 3446 'l'urbavit
206 3387 348 3460 seipsum.
367 3387 510 3443 lliseratio
526 3383 657 3440 turbavit
668 3398 750 3441 eum.
776 3379 883 3452 etipse
942 3384 1015 3439 civit
1026 3382 1087 3438 Deo
1104 3381 1196 3447 (Rom.
1214 3381 1260 3450 u).

51 3478 249 3551 semetipsum
273 3475 413 3541 turbavit,
451 3474 503 3547 qni
527 3472 750 3529 miserationem
778 3474 882 3543 sponte

59 3668 1768 3713 ww

316 3835 413 3954 DE
451 3828 848 3955 SAPIENT‘A
888 3826 1149 3945 A'i'lblAE
1188 3823 1502 3944 t'Hth'Tl.

605 4094 836 4162 luecurtis
856 4094 928 4150 culi
948 4094 1067 4148 [thlNll
1132 4092 1218 4148 ERIT.

948 4361 1064 4433 unquid
1080 4361 1210 4418 nomina
1231 4360 1425 4417 ostracites?
1450 4361 1523 4414 Ecce
1548 4354 1720 4418 ratiaterim
1733 4351 1772 4409 de

900 4430 923 4486 ⁰
943 4455 1001 4507 lteo
1015 4453 1176 4524 taceamus)
1190 4451 1262 4525 qnid
1274 4455 1319 4508 est
1328 4445 1623 4523 quoddialecticatot
1632 4444 1768 4501 diversas

373 4371 563 4426 PHAEFATlO.

87 4550 274 4607 Prudentiae
284 4549 423 4619 religioso
434 4548 519 4605 nerlii
529 4547 621 4603 divini
635 4547 710 4603 inter
723 4550 845 4601 crateras
856 4548 886 4599 et

48 4656 113 4714 pree
124 4640 238 4696 caeteris
248 4639 403 4696 scrutatori
419 4642 450 4695 G.
466 4642 550 4708 llugo
560 4640 710 4709 peccator,
720 4633 883 4706 aliquoties

52 4730 198 4786 accidisse
213 4729 356 4803 comperi,
371 4734 403 4785 ut
415 4745 514 4784 rerum
528 4725 694 4782 difficilium
709 4724 885 4779 tractatione

52 4817 886 4892 antinsipientiorelatorisrirrditoremcorrumperet,aut

53 4909 204 4966 temeritas
218 4909 363 4964 auditoris
379 4908 538 4964 relatorem
553 4906 721 4962 infamaret.
751 4903 885 4974 Quapro-

52 5005 118 5071 pter
133 5014 218 5072 reque
233 4998 403 5054 cavendum
419 4997 492 5055 milii
505 4997 632 5064 videtur,
644 4998 676 5050 ut
692 4991 885 5067 potissimum

52 5086 109 5143 illic
125 5087 178 5143 uhi
189 5088 252 5143 sine
265 5088 398 5161 periculo
411 5087 493 5143 aliud
508 5085 607 5142 sentiri
623 5099 683 5139 nun
699 5086 806 5156 potest,
831 5094 884 5134 nec

53 5175 138 5233 facile
164 5182 268 5233 nostra
293 5193 516 5250 praesumamus
538 5189 679 5239 asserere,
710 5187 765 5227 nce
788 5169 885 5225 aliena

52 5270 163 5321 temere
169 5266 317 5338 judicare,
331 5266 402 5323 ,tciri
415 5265 494 5321 enim
504 5287 518 5312 «ι
530 5269 654 5337 quanta,
668 5285 681 5311 u
695 5266 727 5317 ut
736 5259 806 5315 dicit
816 5259 885 5314 bea·

52 5360 99 5410 tus
115 5356 310 5426 Augustinus,
327 5379 340 5404 «
354 5355 472 5412 somnia
488 5370 540 5407 cor
554 5353 723 5407 humanum
737 5349 832 5422 pariat
847 5366 853 5415 ;
870 5367 885 5400 ›

52 5448 142 5516 atque
158 5460 194 5499 eo
207 5444 320 5515 judicio
333 5461 395 5518 qno
410 5444 439 5499 in
457 5442 502 5497 sui
514 5440 681 5512 counitione
697 5438 814 5495 fallitur.
832 5454 887 5492 ete-

52 5536 116 5588 tera
131 5548 255 5605 quoque
266 5551 333 5607 quse
345 5533 560 5606 prcete1·ipsum
572 5536 649 5595 sunt,
660 5544 720 5584 non
729 5531 806 5583 recte
817 5540 887 5582 con·

51 5622 192 5696 spicetur.
212 5624 287 5689 Quid
304 5628 384 5680 enim
400 5624 456 5698 hoc
470 5639 535 5678 esse
548 5619 668 5694 putatis,
684 5618 768 5692 quod
781 5617 818 5673 de
842 5632 886 5672 re·

50 5728 121 5769 mm
133 5712 257 5770 scribite
269 5717 331 5771 tam
351 5713 468 5771 <liceras
488 5710 596 5770 sentire
611 5710 708 5768 solent
721 5706 886 5766 homines?

941 4546 969 4597 et
984 4546 1044 4598 tam
1059 4542 1209 4607 adversas,
1226 4557 1263 4596 nc
1273 4540 1373 4596 dicant
1384 4552 1539 4612 perversas
1554 4535 1769 4592 behetseatcn-

941 4631 1019 4687 tias?
1034 4630 1173 4703 Nuuqaid
1189 4646 1294 4686 ornnes
1309 4632 1455 4684 noverunt
1469 4642 1564 4682 unum
1577 4625 1607 4681 id
1620 4622 1703 4698 quod
1713 4626 1767 4687 ast,

942 4722 993 4775 sed
1011 4737 1113 4776 amore
1129 4719 1249 4775 fallendi
1263 4719 1382 4773 diversa
1396 4716 1571 4772 finxerunt?
1586 4717 1650 4770 Non
1660 4714 1701 4769 sic
1711 4727 1768 4783 ego

942 4816 1024 4882 puto.
1050 4809 1106 4865 Sed
1121 4813 1243 4864 narrant
1257 4807 1369 4879 quique
1386 4804 1503 4861 somnia
1518 4820 1583 4874 sua,
1600 4807 1627 4858 el
1651 4818 1687 4860 ea
1707 4817 1769 4876 qua

942 4899 1073 4971 primum
1082 4897 1211 4969 ipsiinse
1222 4895 1363 4967 opinione
1373 4894 1487 4967 decepti
1497 4892 1769 4967 suntposlmodnm

942 4987 1017 5041 alios
1031 4985 1196 5041 nescientes
1211 4983 1367 5039 seducunt.
1385 4985 1418 5039 Et
1432 4982 1509 5039 siout
1522 4979 1771 5039 beatustobami·

942 5077 983 5132 cis
1000 5076 1061 5130 suis
1076 5074 1285 5138 arrogantibus
1300 5077 1328 5128 et
1341 5072 1378 5128 de
1389 5089 1420 5128 se
1435 5071 1598 5146 plusquam
1613 5071 1770 5145 oportebat

942 5162 1193 5238 praesumentibus
1210 5161 1280 5218 dicit
1291 5162 1364 5234 (Job.
1379 5163 1442 5234 xii),
1456 5162 1520 5234 jam
1530 5177 1592 5218 non
1606 5160 1703 5216 solum
1721 5171 1769 5211 se-

943 5255 1076 5311 cundum
1091 5253 1277 5320 morituram,
1293 5252 1347 5309 sed
1363 5257 1498 5309 exortam
1511 5266 1631 5325 quoqne
1646 5265 1664 5305 a
1680 5262 1710 5302 se
1723 5260 1770 5301 sa-

944 5345 1085 5417 pientiam
1104 5348 1217 5417 putant.
1249 5343 1377 5410 ilianum
1394 5358 1465 5407 erno
1479 5347 1523 5398 est
1538 5346 1569 5396 nt
1591 5337 1723 5411 idipsum
1736 5334 1768 5390 in

945 5439 1109 5491 nostranos
1120 5433 1280 5489 assertione
1293 5433 1400 5488 reddat
1408 5431 1538 5499 timidos,
1550 5425 1669 5500 qnodin
1679 5421 1769 5477 nnius

943 5523 1105 5579 assertione
1121 5522 1250 5579 veritatis
1264 5526 1305 5577 tot.
1315 5522 1380 5592 jam
1395 5519 1532 5576 virlcmus
1544 5530 1608 5571 esse
1622 5513 1767 5569 diversos.

944 5615 1017 5681 ouria
1032 5614 1112 5670 enim
1123 5615 1160 5669 dc
1173 5614 1261 5684 longe
1271 5612 1377 5667 veritas
1391 5609 1516 5677 vidotur,
1527 5605 1648 5662 diversa
1654 5602 1770 5676 judicia

942 5704 1029 5778 parit,
1044 5708 1073 5761 et
1087 5706 1204 5762 tantum
1219 5700 1256 5758 do
1270 5701 1339 5773 ipse
1352 5698 1480 5775 quisque
1493 5697 1603 5770 potest,
1617 5698 1782 5770 quantum·
