3742 6082
61 161 115 218 497
552 160 605 216 DE
623 156 911 218 SACRAMENTIS.
933 157 1042 217 LIBRI
1061 161 1091 219 II
1110 163 1211 223 PARS
1223 166 1278 223 XI.
1322 192 1324 197 ·
1711 173 1766 234 teo

61 288 173 344 hahere
186 287 305 355 licebat,
321 303 398 359 quas
414 289 530 344 castius
545 289 679 346 habebat
699 304 792 362 quam
807 301 888 345 nunc
903 278 929 334 Α
943 288 1112 360 conjugalis
1126 291 1267 362 pertinet,
1283 291 1318 345 ut
1332 289 1492 345 individua
1506 292 1545 347 ab
1565 296 1702 366 utrisque
1717 313 1765 353 so·

60 392 156 432 unam
171 376 302 447 quilibet
316 377 445 432 istorum
459 378 491 432 in
505 379 618 449 quibus
633 378 784 446 videmus,
807 375 889 448 quod
942 378 1045 447 cistas,
1062 380 1199 450 quandiu
1224 382 1352 451 uterque
1366 381 1443 435 vivit
1464 387 1673 452 conservetur,
1696 401 1763 457 pro·

61 465 229 521 secundum
244 466 366 521 veniam
382 467 519 522 concedit
533 467 708 538 Apostolus.
724 465 889 521 Habebunt
942 470 1045 536 pterea
1059 469 1234 540 conjugium
1251 484 1312 524 non
1327 469 1423 524 fuisse
1433 469 1515 541 quod
1529 470 1695 542 aliquando
1709 473 1766 528 dis·

60 554 142 609 enim
159 569 210 609 eas
222 554 255 608 in
270 570 359 625 opere
373 555 548 625 generandi,
565 572 625 611 non
642 557 673 610 in
690 555 796 610 morbo
811 553 887 608 desi·
943 554 1019 609 solvi
1032 557 1141 627 potuit.
1159 557 1189 612 Si
1205 558 1285 612 enirn
1309 557 1420 613 idcirco
1441 558 1498 613 hoc
1512 559 1688 630 conjugium
1704 576 1765 618 non

64 643 150 699 derii.
162 643 245 698 Idem
260 643 292 697 iu
307 642 386 699 libro
397 644 441 699 De
456 643 790 716 virginibushntiquis
796 642 890 712 justis
943 658 1008 698 esse
1022 643 1138 714 dicunt,
1154 645 1294 717 quiahoc
1306 661 1341 700 ea
1357 661 1425 717 quae
1440 645 1480 700 ad
1493 648 1669 718 conjugium
1679 649 1768 721 perti·

60 747 122 787 non
135 731 197 787 fuit
210 735 367 803 peccatum
381 732 463 804 quod
479 733 619 804 pluribus
633 730 890 787 feminisutehan·
943 737 1017 787 nent
1031 733 1062 787 in
1079 736 1141 788 toto
1157 749 1217 788 non
1242 734 1345 802 habet,
1361 734 1522 789 intendant
1537 735 1620 806 quod
1638 752 1707 793 eum
1721 737 1765 793 di·

61 824 122 890 tur,
138 835 238 891 neque
254 824 360 874 contra
384 823 528 876 naturam
550 821 607 877 hoc
630 820 795 888 iaciebant,
818 835 887 874 cum
942 824 1025 874 otum
1049 824 1094 875 est
1118 821 1308 877 individuam
1332 823 1506 879 societatem
1530 823 1569 878 ad
1590 826 1766 898 conjugium

60 925 122 965 nou
135 907 317 964 lasciviendi
331 924 423 963 causa
439 909 491 964 sed
506 909 651 981 gignendi
664 910 721 964 hoc
742 909 886 977 iacerent,
942 909 1102 980 pertinere,
1113 925 1181 965 vere
1195 909 1311 964 dictum
1327 913 1373 965 est
1388 928 1393 964 :
1412 912 1485 983 quia
1497 911 1576 967 hane
1590 914 1767 985 conjugium

59 1013 161 1070 neque
174 1002 281 1053 eontra
297 1012 422 1066 morem,
438 999 512 1069 quia
524 1014 559 1054 eo
572 1004 707 1071 tempore
721 1013 757 1054 ea
774 999 888 1055 fiebant
942 998 1054 1053 habere
1067 998 1156 1053 debet
1179 998 1303 1070 quando
1318 998 1431 1054 scilicet
1445 1003 1490 1055 θεῖ
1510 1000 1564 1054 ubi
1586 1016 1651 1057 esse
1663 1001 1762 1060 debet.

59 1102 160 1158 neque
169 1089 276 1141 contra
289 1089 474 1158 praeceptum
484 1088 558 1160 quia
568 1087 653 1143 nulla
665 1087 730 1158 lege
743 1092 809 1142 eret
818 1073 886 1159 pro·
941 1087 1015 1143 Haec
1026 1087 1108 1142 enim
1122 1087 1256 1159 conjugii
1271 1090 1316 1142 est
1331 1089 1360 1141 et
1374 1086 1454 1142 hanc
1468 1089 1644 1159 conjugium
1659 1091 1764 1163 exigit,

59 1178 206 1234 bibitum.
222 1177 442 1232 Verumtamen
458 1177 537 1234 sieut
548 1177 629 1233 idem
649 1178 723 1233 alibi
744 1180 886 1245 testatur,
941 1177 1005 1231 sive
1020 1177 1123 1248 potius
1137 1176 1264 1245 confert,
1280 1177 1471 1248 quantumin
1486 1191 1518 1232 se
1533 1182 1588 1233 est.
1600 1177 1764 1253 Sicutbap·

59 1267 161 1338 magis
175 1265 306 1338 pertinet
321 1266 360 1320 ad
372 1266 488 1322 bonum
507 1267 686 1340 nuptiarum
700 1281 797 1321 unum
818 1280 887 1320 cum
941 1264 1291 1321 tismiestremissionem
1304 1268 1496 1336 peecatorum
1505 1266 1650 1335 conferre,
1658 1271 1686 1323 et
1695 1284 1766 1326 vere

59 1372 133 1425 una,
147 1370 242 1428 quam
252 1371 320 1411 cum
334 1356 440 1411 multis
453 1355 599 1428 copulari,
608 1356 690 1428 quod
705 1355 821 1410 indicat
831 1352 890 1424 pri·
941 1354 1053 1409 dicitur
1066 1370 1135 1410 curn
1150 1355 1262 1410 dicitnr
1276 1355 1358 1426 quod
1368 1355 1541 1427 baptismus
1555 1357 1765 1414 remissionem

59 1445 103 1500 mi
115 1444 257 1515 conjugis
270 1443 378 1515 copula
393 1443 517 1500 divinus
532 1445 624 1512 iacta,
640 1447 675 1500 nt
690 1444 760 1499 iude
773 1456 886 1498 connu·
942 1444 1080 1499 omnium
1095 1448 1287 1516 peccatorum
1303 1444 1429 1512 coniert;
1446 1447 1475 1499 et
1490 1444 1567 1499 sicut
1583 1446 1766 1503 sacramenti

59 1534 113 1589 bia
127 1535 285 1589 sumerent
299 1533 434 1602 initium,
459 1534 512 1589 uhi
534 1535 694 1589 honestius
719 1531 887 1588 attendere·
942 1533 1076 1605 corporis
1089 1532 1203 1589 Christi
1216 1534 1316 1589 virtus
1331 1537 1361 1588 θῖ
1376 1533 1550 1589 societatem
1566 1537 1595 1589 et
1609 1535 1769 1607 participa·

60 1626 112 1678 tur
127 1621 312 1693 exemplum.
326 1622 402 1677 Item
418 1623 497 1678 idem
512 1640 517 1677 z
535 1623 620 1678 Sicut
634 1639 695 1678 non
719 1626 764 1678 est
787 1621 888 1692 impar
901 1623 927 1679 B
941 1622 1055 1677 tionem
1070 1622 1184 1677 Christi
1199 1622 1344 1690 conferre,
1361 1625 1389 1676 et
1404 1637 1473 1677 vere
1485 1621 1596 1677 dicitur
1610 1638 1679 1678 cum
1694 1623 1766 1679 dici·

60 1711 207 1771 meritum
221 1712 379 1784 patientiae
389 1713 421 1767 in
435 1712 524 1767 Petro
539 1713 593 1784 qui
608 1728 718 1785 passus
731 1715 787 1781 est,
801 1715 832 1768 θῖ
855 1713 887 1768 in
942 1715 993 1767 tur
1011 1712 1094 1784 quod
1110 1713 1262 1784 susceptio
1277 1712 1412 1786 corporis
1432 1711 1547 1767 Christi
1563 1712 1666 1768 confer
1678 1712 1765 1784 spiri·

59 1799 245 1872 Joannequi
261 1816 371 1872 passus
386 1816 447 1856 non
462 1805 518 1869 est,
535 1802 577 1857 sic
591 1817 654 1857 non
670 1802 889 1874 estimparme-
941 1801 1055 1856 tualsm
1082 1801 1348 1873 participationem
1372 1799 1500 1869 Christi;
1524 1804 1553 1856 et
1579 1803 1682 1857 tamen
1711 1801 1765 1875 qui

60 1889 156 1945 ritum
172 1890 368 1946 continentiae
382 1891 414 1945 in
429 1875 888 1963 Joanne,quinullasexpert1is
941 1889 1030 1946 fietus
1039 1890 1184 1962 baptismi
1191 1892 1415 1945 sacramentum
1425 1888 1545 1960 accipit,
1556 1889 1767 1946 remissionem

62 1982 108 2033 est
123 1979 262 2050 nuptias,
277 1984 307 2034 et
320 1979 353 2033 in
368 1979 526 2035 Abraham
541 1981 595 2052 qui
616 1980 695 2035 tilios
719 1981 885 2051 generavit.
941 1982 1132 2051 peccatorum
1145 1992 1206 2033 non
1219 1977 1356 2049 percipit,
1366 1976 1457 2049 etqui
1467 1976 1593 2046 indigne
1603 1978 1768 2035 manducat

60 2066 98 2121 Et
114 2065 201 2121 illius
215 2067 297 2122 enim
311 2066 470 2123 caelibatus
484 2072 514 2125 et
526 2069 617 2125 istius
631 2070 887 2141 connubium,pro
942 2084 1051 2140 corpus
1065 2066 1191 2136 Christi,
1204 2080 1399 2137 nequaquam
1422 2064 1520 2136 perid
1534 2067 1668 2120 meretur
1679 2065 1767 2137 spiri·

61 2158 234 2227 temporum
244 2155 461 2213 distributione
471 2158 593 2214 Christo
606 2157 889 2214 militaverunt.Ssd
942 2157 1055 2214 tualem
1070 2155 1335 2229 participationem
1351 2153 1475 2210 Christi.
1492 2153 1523 2208 Si
1537 2168 1607 2224 ergo
1618 2169 1688 2209 vere
1702 2153 1768 2210 haec

60 2244 283 2300 continentiam
298 2245 412 2301 Joanes
426 2247 580 2319 inopere:
598 2247 753 2303 Abraham
768 2249 800 2303 in
824 2246 888 2302 solo
943 2247 981 2302 ad
996 2246 1049 2301 illa
1063 2244 1214 2319 pertinere
1238 2243 1368 2298 dicimus
1392 2247 1422 2298 εῖ
1436 2247 1539 2298 tamen
1551 2241 1605 2297 illa
1619 2243 1684 2298 sine
1698 2243 1767 2298 istis

59 2331 171 2387 hahitu
186 2331 331 2388 hahebat.
346 2334 455 2390 Melior
469 2339 571 2391 autem
597 2340 643 2391 est
666 2337 792 2392 castitas
815 2335 891 2391 caeli·
943 2334 1106 2407 aliquoties
1118 2332 1321 2400 inveniemus,
1331 2346 1385 2387 nec
1396 2330 1464 2387 ideo
1474 2331 1578 2387 minus
1588 2330 1626 2386 ad
1638 2330 1691 2386 illa
1703 2346 1769 2404 per·

59 2420 135 2476 bum
148 2436 243 2492 quarn
258 2422 384 2477 castitas
396 2420 721 2496 nuptiarum'quarum
732 2424 889 2480 Abraham
943 2423 1043 2479 tinent
1056 2420 1180 2494 quando
1190 2420 1256 2476 sine
1266 2420 1334 2474 istis
1349 2423 1422 2474 sunt
1433 2418 1771 2491 illa;quandovidelicet

60 2524 161 2564 unum
176 2509 311 2566 habebat
320 2511 352 2566 in
358 2514 538 2583 usu,ambas
550 2515 582 2569 in
590 2514 889 2571 habitacastaenim
944 2516 1017 2568 sunt
1029 2511 1082 2566 ubi
1095 2524 1162 2565 esse
1176 2524 1239 2565 non
1253 2507 1374 2576 dehent,
1390 2510 1420 2562 et
1434 2506 1515 2579 apud
1530 2521 1607 2579 quos
1628 2522 1693 2562 esse
1707 2521 1770 2563 non

60 2597 298 2670 conjugabiliter
308 2600 406 2670 vixit,
421 2617 485 2657 esse
496 2606 598 2658 autem
613 2607 716 2659 castus
730 2603 796 2660 sine
819 2618 888 2659 con·
943 2601 1055 2657 debent
1071 2616 1077 2654 :
1094 2599 1206 2653 mirum
1222 2600 1268 2652 est
1290 2596 1316 2651 si
1337 2595 1528 2651 individuam
1544 2597 1718 2652 societatem
1731 2594 1771 2652 ad

56 2687 146 2758 Jugio
156 2688 278 2759 potuit,
294 2689 347 2745 sed
358 2693 432 2746 tunc
447 2707 508 2748 non
521 2693 663 2765 oportuit.
676 2693 760 2749 Idem
774 2694 888 2765 justus,
944 2688 1121 2761 conjugium
1144 2686 1295 2760 pertinere
1309 2683 1449 2753 dicimus,
1463 2699 1532 2739 cum
1548 2688 1651 2740 tamen
1665 2685 1769 2756 couju-

62 2775 209 2846 quamvis
233 2777 337 2850 cupiat
370 2782 552 2836 discalciet
578 2798 645 2837 ecce
671 2797 744 2838 cum
765 2783 890 2837 Christo
945 2779 1029 2849 giurn
1042 2776 1108 2833 sine
1119 2775 1173 2831 illa
1182 2774 1387 2842 inveniamus,
1398 2772 1522 2844 quando
1534 2772 1648 2828 scilieet
1659 2775 1705 2829 est
1714 2772 1769 2828 uhi

61 2864 196 2935 (Philip.
213 2865 248 2935 ι),
265 2871 367 2921 tamen
383 2869 479 2924 sumit
491 2868 671 2926 alimentum
685 2885 747 2926 non
773 2869 889 2942 cupidi·
945 2861 1210 2922 essenondebet?
1226 2861 1354 2927 Quodsi
1376 2860 1488 2916 idcireo
1511 2861 1645 2932 conjugii
1669 2876 1768 2917 sacra·

59 2955 125 3008 ῖεῖθ
138 2952 274 3023 vivendi,
296 2955 348 3010 sed
367 2957 465 3012 officio
487 2957 676 3033 consulendi,
703 2962 739 3014 ut
764 2959 888 3013 maneat
906 2968 929 3025 c
944 2958 1083 3010 mentum
1091 2967 1153 3008 non
1164 2966 1229 3007 esse
1240 2949 1437 3021 dicunt,quia
1446 2948 1503 3004 hoc
1514 2963 1575 3003 non
1586 2948 1769 3020 habetquod

60 3040 144 3112 quod
158 3044 365 3098 necessarium
379 3049 425 3102 est
439 3050 563 3119 propter
574 3047 669 3104 alios:
696 3048 740 3103 sic
765 3047 886 3102 misceri
939 3044 1051 3099 habere
1064 3041 1162 3109 dehet,
1179 3038 1303 3110 quando
1325 3040 1372 3093 est
1391 3037 1446 3092 uhi
1459 3052 1598 3092 essenon
1613 3037 1712 3108 debet,
1728 3038 1771 3094 di.

58 3129 186 3185 feminis
202 3131 271 3202 jure
287 3134 477 3205 nuptiamm,
498 3137 664 3193 officiosum
688 3137 747 3192 fuit
772 3136 886 3192 sanctis
939 3136 1011 3188 cent
1025 3130 1165 3186 similiter
1176 3126 1323 3199 baptismi
1339 3129 1563 3182 sacramentum
1578 3141 1686 3183 vemm
1704 3125 1767 3184 nun

59 3218 136 3273 viris
150 3232 213 3274 non
227 3219 437 3278 libidinosum.
453 3223 540 3289 Quod
562 3226 643 3281 enirn
668 3230 714 3282 est
735 3225 822 3281 cibus
848 3223 887 3279 ad
940 3237 1005 3277 esse
1020 3219 1100 3293 apud
1115 3219 1231 3286 lictum,
1246 3219 1276 3270 et
1290 3215 1395 3270 lictum
1418 3230 1488 3269 vere
1498 3214 1690 3287 baptizatum
1705 3230 1768 3300 non

59 3305 193 3362 salutem
207 3306 352 3378 hominis,
370 3310 427 3367 hoe
442 3316 488 3368 est
499 3314 680 3369 concubitus
693 3313 733 3368 ad
754 3313 886 3369 salutem
939 3327 1016 3379 esse,
1027 3308 1151 3382 quiaihi
1162 3305 1371 3362 remissionem
1383 3306 1577 3375 peccatorum
1589 3319 1651 3360 non
1662 3319 1768 3378 opera·

59 3395 224 3466 generis,et
239 3401 404 3471 utrumque
415 3406 534 3457 nonest
546 3401 611 3457 sine
622 3402 887 3458 delectationecar·
939 3403 990 3455 tur
998 3416 1006 3467 3
1022 3401 1052 3454 et
1065 3411 1172 3452 verum
1187 3408 1298 3466 corpus
1307 3392 1422 3449 Christi
1437 3407 1499 3447 non
1514 3392 1674 3465 essequod
1687 3392 1766 3449 indl-

58 3484 134 3553 nali,
146 3500 217 3556 quae
230 3489 333 3542 tamen
347 3489 521 3546 modificata
534 3494 565 3545 et
578 3490 751 3547 refrenante
773 3494 886 3562 tempe·
940 3502 998 3558 gne
1016 3485 1192 3559 percipitur,
1208 3483 1281 3554 quia
1296 3481 1358 3536 illic
1382 3480 1552 3552 spiritualis
1571 3481 1766 3555 participatio

60 3573 163 3628 rantis
175 3573 208 3628 in
222 3590 313 3630 usum
326 3577 496 3633 naturalem
511 3579 633 3635 redacta
641 3580 736 3636 libido
752 3593 886 3635 essenon
939 3575 1054 3631 Christi
1070 3589 1130 3629 nou
1143 3571 1307 3627 confertur.
1322 3567 1499 3638 Intelligant
1513 3583 1583 3638 ergo
1599 3569 1767 3642 quodque

60 3664 172 3731 potest.
189 3660 277 3726 Quod
290 3668 393 3721 autem
407 3667 499 3723 estin
514 3669 715 3725 sustentando
736 3667 809 3724 vieti
831 3665 886 3720 illi·
940 3665 997 3720 ties
1018 3659 1196 3732 hujusmodi
1219 3657 1395 3730 spirituales
1420 3656 1544 3710 effectus
1568 3657 1768 3713 sacramentis

61 3748 141 3804 citus
153 3749 311 3819 cibus,hoc
325 3758 371 3809 est
380 3755 414 3809 in
429 3758 593 3826 quaerenda
607 3757 691 3830 prole
703 3756 886 3812 fornicarius
939 3751 1052 3808 divinis
1067 3747 1289 3813 attribuuntur,
1303 3744 1404 3799 virtus
1417 3743 1555 3815 ipsorum
1564 3748 1765 3800 sacramento

59 3837 108 3892 vel
123 3837 317 3896 adulterinus
332 3844 514 3900 concubitus
529 3863 535 3900 :
553 3851 583 3902 et
597 3846 680 3919 quod
695 3849 741 3902 εεῖ
763 3844 796 3900 in
818 3844 886 3900 cibo
939 3855 1008 3897 rum
1023 3835 1215 3910 exprimitur,
1230 3833 1263 3888 in
1287 3847 1348 3904 quo
1372 3831 1495 3903 quidem
1520 3831 1767 3890 nonestenditur

59 3924 145 3981 licito
159 3926 389 3985 immoderatior
401 3934 567 4004 appetitus,
581 3935 639 3991 hoc
654 3938 700 3991 est
711 3935 744 3990 in
755 3932 888 4006 eonjugi-
941 3930 1016 4004 quid
1028 3925 1194 3985 seeundum
1209 3923 1320 3979 vitium
1336 3920 1535 3977 sacramentis
1559 3920 1615 3976 Dei
1638 3921 1765 3978 abuten-

59 4014 118 4069 bus
132 4015 264 4071 venialis
278 4017 329 4073 ills
343 4022 533 4078 concubitus.
940 4020 1018 4076 tium
1034 4017 1173 4072 futurum
1189 4013 1240 4081 sit,
1255 4010 1308 4067 sed
1323 4009 1425 4082 potins
1440 4008 1562 4081 quidex
1575 4008 1651 4082 ipsis
1665 4024 1768 4066 secun·

58 4102 132 4158 Can.
149 4102 203 4159 XI.
226 4107 338 4162 Utrum
353 4112 543 4179 conjectum
558 4115 733 4168 dicendum
747 4113 886 4182 estquod
940 4107 1014 4163 dum
1036 4103 1198 4161 efficaciam
1222 4101 1328 4171 gratiae
1352 4097 1522 4171 spiritualis
1546 4113 1615 4170 quae
1639 4099 1672 4154 in
1690 4099 1767 4172 ipsis

244 4196 425 4264 aliquando
440 4200 576 4255 discolos·
585 4205 701 4270 potest.
941 4195 1067 4266 est,siin
1080 4192 1231 4267 pravitate
1246 4188 1439 4244 abutentium
1447 4188 1769 4257 nonremaneant,iieri

92 4280 225 4346 Quidam
241 4285 417 4355 conjugium
437 4289 562 4344 omnino
582 4305 647 4345 esse
672 4291 782 4360 negant
802 4285 884 4360 quod
899 4309 927 4365 D
940 4285 1047 4359 possit.
1064 4281 1123 4347 Qui
1137 4295 1207 4350 ergo
1221 4278 1279 4334 hoc
1293 4275 1469 4347 conjugium
1480 4274 1592 4329 habere
1606 4274 1694 4344 dixit,
1709 4274 1767 4332 hoe

58 4367 226 4440 aliquando
250 4370 412 4429 dissidium
445 4376 590 4432 admittit.
615 4377 782 4433 Inveniunt
803 4377 884 4431 enirn
939 4374 1047 4445 utique
1061 4371 1158 4427 dicere
1172 4366 1280 4434 voluit,
1296 4363 1378 4437 quod
1402 4362 1579 4433 conjugium
1598 4362 1655 4418 hoc
1670 4379 1766 4437 quau·

58 4457 258 4513 auctoritates
270 4461 420 4531 quasdam
435 4468 464 4519 et
479 4466 573 4521 verba
592 4469 820 4540 seripturarum
841 4465 884 4520 di-
941 4466 1007 4520 tum
1021 4461 1054 4516 in
1070 4474 1101 4515 se
1116 4461 1171 4526 θεῖ,
1188 4455 1300 4511 habers
1312 4452 1412 4518 debet,
1426 4450 1452 4505 si
1466 4450 1559 4505 fuerit
1570 4451 1622 4506 ubi
1636 4466 1701 4507 esse
1715 4450 1765 4510 de·

57 4545 203 4601 vinarum
218 4562 237 4601 a
250 4551 364 4605 sanctis
380 4551 661 4626 Patribusprolata,
675 4552 886 4628 quibusquasi
939 4552 1001 4607 het.
1018 4548 1050 4605 Si
1065 4550 1167 4602 autem
1183 4544 1262 4600 forte
1276 4556 1337 4598 non
1352 4540 1445 4596 fuerit
1456 4539 1584 4595 ubiesse
1594 4540 1693 4611 debet,
1704 4555 1767 4598 non

57 4632 194 4706 idipsum
208 4636 331 4694 videtur
353 4642 460 4696 astrui.
485 4643 567 4699 Dicit
588 4645 668 4699 enirn
693 4644 803 4700 beatus
825 4643 884 4697 Au·
940 4643 987 4697 est
995 4638 1109 4694 mirum
1124 4636 1150 4690 si
1162 4649 1197 4690 eo
1207 4635 1309 4689 eareat
1323 4629 1405 4702 quod
1418 4629 1531 4685 hahere
1545 4628 1644 4685 debet.
1661 4628 1768 4703 Neque

58 4723 246 4793 gustinusin
257 4724 337 4783 libro
352 4729 397 4784 De
410 4730 503 4787 homo
511 4733 665 4805 conjugali
678 4732 800 4805 :Usque
812 4730 886 4786 adeo
940 4727 1008 4784 ideo
1021 4728 1124 4781 tamen
1142 4723 1246 4778 minus
1261 4735 1367 4776 verum
1385 4722 1431 4774 εεῖ
1443 4722 1679 4789 sacramentum,
1692 4718 1765 4776 dum

58 4810 160 4868 ioedus
175 4815 313 4886 nuptiale
328 4819 488 4889 cujusdam
504 4823 687 4879 sacramenti
706 4837 754 4878 res
768 4825 825 4890 est,
851 4823 886 4875 ut
940 4819 997 4885 est,
1013 4811 1155 4887 quamvis
1175 4810 1280 4866 minus
1302 4807 1377 4863 utile
1390 4807 1430 4861 sit
1450 4805 1496 4861 illi
1517 4806 1550 4861 iu
1573 4822 1634 4878 quo
1648 4809 1704 4865 est.
1720 4807 1768 4864 nd

58 4914 113 4956 nec
127 4905 320 4973 separatione
335 4905 468 4978 irritum,
484 4912 568 4981 quia,
581 4912 703 4967 vivente
716 4910 783 4966 viro
797 4923 886 4981 aquo
940 4901 1155 4960 huncmodum
1165 4901 1311 4971 putamus
1323 4894 1463 4966 quadam
1474 4895 1616 4966 conjugia
1625 4911 1695 4954 vere
1707 4896 1767 4953 dici

61 4988 171 5045 relicte
183 4994 241 5061 est,
254 4994 426 5066 mechatur,
443 4999 469 5054 si
484 4999 572 5056 alteri
584 5001 731 5074 nupserit.
746 4998 884 5055 Eiidem:
940 5006 1040 5066 posse,
1050 4986 1189 5061 quandiu
1206 4983 1373 5041 secundum
1386 4983 1536 5055 judicium
1549 4983 1690 5042 Ecclesia
1701 4988 1769 5042 rata

58 5075 136 5142 Quia
143 5077 367 5139 interveniente
376 5083 505 5143 divertio
516 5104 577 5144 non
590 5089 730 5145 aboletur
739 5085 888 5160 nuptialis
941 5081 1095 5138 hahentur
1104 5092 1112 5146 ;
1129 5091 1197 5149 quae
1213 5077 1316 5131 tamen
1331 5072 1527 5145 postmodum
1542 5074 1768 5147 emergentibus

58 5165 277 5224 conioederatio
289 5170 334 5225 ita
349 5177 384 5227 ut
396 5175 541 5247 conjuges
556 5176 628 5247 sint,
640 5178 732 5233 etiam
744 5173 886 5248 separati,
941 5169 1042 5226 causis
1055 5165 1202 5237 legitimis
1217 5166 1295 5219 recte
1308 5161 1481 5231 solvuntur,
1492 5165 1522 5217 et
1535 5163 1560 5217 si
1575 5164 1691 5235 postea,
1702 5176 1768 5218 con·

58 5250 187 5326 Propter
199 5253 377 5327 hujusmodi
401 5263 801 5322 assertiones'videturillis
826 5278 888 5319 non
941 5262 990 5314 tra
999 5255 1140 5312 Ecclesiae
1149 5251 1387 5326 prohihitionem
1399 5249 1548 5322 pertinaci
1557 5247 1768 5320 praesumptio·

59 5354 124 5396 esse
154 5341 317 5401 dicendum
348 5352 534 5423 conjugium,
564 5355 656 5410 etiam
685 5352 809 5426 quando
831 5355 886 5421 est,
941 5362 980 5403 ne
995 5338 1491 5413 tenentur,illicitaeetillegitimae
1503 5335 1711 5407 copulationes
1722 5335 1768 5406 ju·

58 5429 141 5500 quod
152 5429 321 5503 aliquando
336 5437 380 5493 ita
392 5439 554 5498 dissidium
568 5449 598 5499 et
608 5442 830 5515 separationem
841 5439 889 5494 ad·
942 5435 1093 5490 dicaruur.
1110 5432 1180 5487 Non
1195 5434 1297 5486 tamen
1308 5428 1365 5483 hoe
1379 5426 1416 5482 de
1429 5423 1770 5495 omnibus,sicutsupra

57 5517 167 5587 mittit,
182 5524 218 5574 ut
240 5521 331 5579 divisi
357 5527 527 5585 adinvicem
552 5533 696 5604 conjuges
710 5545 773 5587 non
787 5527 888 5603 appel·
942 5520 1171 5593 memoravi,sic
1180 5516 1372 5576 sentiendum
1381 5513 1591 5568 existimanus.
1599 5509 1678 5568 Nam
1689 5510 1771 5566 iacta

57 5603 171 5662 lentur.
184 5606 241 5664 Sed
258 5611 336 5667 mihi
349 5614 472 5673 interim
484 5635 545 5676 non
556 5624 681 5694 apparet
695 5636 758 5696 qua
771 5618 889 5677 ratione
943 5613 1079 5671 horroris
1101 5608 1306 5675 excusatione,
1322 5601 1408 5660 nulla
1426 5599 1634 5673 legitimorum
1657 5614 1770 5656 nomen

58 5693 332 5777 Witltpfflbarb
340 5705 424 5780 quod
433 5706 491 5773 hoe
503 5708 694 5778 edvirtutem
707 5707 890 5771 sacramenti
944 5702 1091 5779 poterunt
1104 5699 1243 5758 retinere.
1256 5691 1350 5756 eliud
1363 5692 1410 5751 eet
1420 5688 1459 5758 dt
1468 5687 1531 5747 illis
1543 5687 1599 5747 ubi
1611 5688 1777 5751 thffl'tm
