3742 6082
490 226 628 284 auden.
649 223 832 282 elbescst.
854 223 955 279 LIBER
976 224 1152 296 semlerus
1617 231 1669 286 834

55 348 166 404 lllllll,
187 346 222 401 In
246 362 362 406 serame
379 350 672 408 Trinitatemutuem
688 365 748 406 esse
799 347 888 405 aitte
903 348 977 405 mihi
992 349 1126 423 placuit;
1155 365 1254 423 neque
1286 364 1357 407 vero
1385 349 1474 406 simul
1500 351 1582 422 dixit,
1611 368 1668 423 ego
1748 400 1751 404 .

270 437 468 495 ditectionem.
840 437 913 493 mihi
929 438 1108 512 complacui,
1122 441 1151 495 et
1161 437 1209 496 ille
1223 437 1296 494 mihi
1311 439 1490 513 complacui,
1508 441 1560 495 scd
1573 440 1666 498 dixit:

65 525 137 600 quia
148 530 206 581 tres
222 542 367 599 personas
383 529 413 584 in
429 529 536 585 deitate
553 546 613 586 una
624 529 784 597 credimus,
841 531 901 597 Ego
927 527 1001 584 mihi
1029 527 1198 602 complacui
1212 527 1244 584 in
1258 527 1335 602 ipso,
1352 529 1408 586 hoe
1424 535 1468 585 est
1491 530 1575 602 quod
1595 530 1668 586 mihi

55 615 282 687 rstutquoddc
299 616 549 688 qualibctharum
566 619 785 684 dieitur‚utrum
840 613 1049 689 demeplaect
1069 617 1181 691 inipso
1199 620 1263 686 est;
1292 622 1375 675 extra
1403 619 1503 692 ipsum
1530 622 1668 691 nonest,

55 702 146 760 tmde
161 702 226 758 aliis
239 703 297 759 dici
312 704 407 776 possit
422 705 597 778 inquiratur.
617 705 788 761 dictumest
840 704 911 775 quia
937 705 1019 778 quod
1039 722 1094 776 ego
1115 723 1184 762 sum
1211 706 1275 779 ipse
1304 711 1356 763 est.
1383 707 1458 775 Quia
1484 707 1564 765 enim
1586 707 1669 765 aliud

79 791 164 866 quod
189 795 273 848 Pater
297 798 378 849 amat
405 793 517 850 Filium.
540 798 638 850 llestat
660 810 730 865 crgo
754 798 787 850 ut
840 794 934 865 quani
950 792 1023 868 ”ipse
1047 811 1108 851 non
1135 812 1212 863 sum,
1238 801 1321 852 extra
1344 796 1446 870 ipsum
1459 797 1533 854 mihi
1551 798 1668 871 placere

58 897 190 951 eremus,
217 898 256 937 an
283 882 349 955 pari
376 883 468 939 modo
488 884 547 940 diei
571 884 675 958 possit,
703 883 785 957 quod
839 899 901 939 nou
920 900 1055 957 possum.
1070 884 1120 940 llic
1136 889 1179 942 est
1193 901 1263 956 ergo
1280 885 1367 941 lilius
1388 903 1472 942 meus
1487 885 1621 954 dilectus,
1637 887 1669 942 in

56 970 145 1029 Patris
160 974 188 1026 et
203 970 262 1027 l‘ilii
277 975 357 1027 amet
372 971 487 1045 Filium,
501 973 584 1047 quod
598 973 685 1030 Filius
706 976 786 1029 amet
839 990 901 1046 quo
915 973 989 1030 mihi
1001 973 1180 1048 complacui.
1196 974 1346 1048 Quidquid
1359 976 1432 1032 mihi
1443 975 1549 1050 placet,
1561 976 1668 1050 inipso

56 1077 97 1118 m.
126 1065 198 1118 ltem
222 1060 306 1133 quod
328 1063 411 1117 Pater
434 1067 514 1118 amet
533 1079 575 1130 se,
590 1062 673 1136 quod
697 1062 785 1118 Filius
840 1068 867 1120 et
879 1079 933 1137 per
947 1063 1047 1137 ipsum
1061 1063 1168 1137 placet.
1185 1067 1250 1138 lpse
1273 1068 1318 1120 est
1341 1063 1421 1119 enim
1448 1065 1593 1137 sapientia
1615 1080 1669 1138 per

56 1153 171 1218 mtrem,
185 1150 269 1223 quod
289 1166 375 1206 amor
390 1152 483 1207 Patris
497 1157 526 1208 et
553 1152 614 1208 Filii
627 1158 708 1209 amet
731 1154 785 1207 Pa·
839 1170 933 1227 quam
961 1153 1017 1210 feci
1043 1153 1155 1221 omnia,
1184 1153 1299 1228 inipso
1324 1154 1500 1210 aeternaliter
1518 1154 1666 1227 disposui,

56 1245 120 1298 tem
134 1241 218 1313 quod
233 1256 320 1297 amor
336 1241 430 1317 Patris
441 1247 470 1298 et
485 1242 545 1298 Filii
561 1247 641 1298 amet
651 1257 692 1305 se,
702 1240 786 1314 quod
839 1242 987 1316 quidquid
1003 1243 1204 1317 temporaliter
1214 1243 1321 1300 leoillt
1333 1248 1414 1300 tanto
1428 1242 1558 1316 amplius
1573 1259 1667 1299 unum

59 1333 140 1386 amet
167 1345 302 1386 amorem
327 1345 416 1385 suum
442 1334 471 1386 et
495 1330 566 1398 l'ilii,
594 1329 678 1404 quod
698 1329 785 1385 Filius
839 1350 961 1407 quoque
974 1350 1164 1407 opusmcum
1176 1333 1278 1405 dilige,
1294 1338 1408 1407 quanto
1422 1333 1581 1408 perlectius
1595 1332 1669 1389 illud

56 1433 190 1476 amorem
212 1436 301 1474 suum
326 1423 354 1475 et
374 1419 474 1476 Patris.
504 1423 657 1476 Postremo
684 1422 785 1475 utrum
839 1423 944 1497 primae
958 1423 1145 1497 dispositioni
1157 1424 1341 1482 concordare
1356 1424 1454 1482 video.
1470 1424 1561 1481 Nolite
1580 1427 1668 1498 puta-

56 1524 128 1565 unus
154 1512 183 1565 et
205 1508 285 1565 idem
310 1525 396 1565 amor
410 1513 455 1565 est
481 1526 542 1583 quo
555 1510 684 1583 quisque
704 1513 787 1565 amat
839 1530 870 1570 re
885 1513 969 1586 quod
982 1512 1047 1586 ipse
1061 1517 1176 1570 tantum
1189 1515 1227 1571 sit
1237 1514 1384 1572 mediator
1403 1514 1433 1570 iu
1452 1513 1668 1570 reconciliatio·

56 1613 95 1663 m,
111 1596 159 1652 vel
174 1596 213 1652 ad
228 1596 358 1654 invicem
372 1597 501 1670 quisque
515 1598 617 1654 alium.
649 1597 707 1656 Sed
722 1597 786 1654 haee
839 1600 1670 1676 nehominum,quiaperipsumctiamcommcndabi·

56 1685 279 1753 sinveniemus,
306 1687 331 1742 si
354 1703 390 1743 ea
405 1688 550 1760 quaejam
565 1687 728 1744 dictasunt
746 1685 820 1764 adg
838 1689 874 1746 lis
903 1694 932 1747 et
956 1691 1066 1766 placita
1093 1690 1126 1748 fit
1151 1691 1284 1766 aspectui
1299 1708 1368 1748 meo
1388 1691 1518 1748 conditio
1532 1690 1670 1747 omnium

56 1774 133 1832 riam
148 1791 331 1832 revocemus.
839 1785 1054 1838 creaturarum.
1071 1784 1103 1837 ln
1116 1781 1183 1856 ipso
1196 1781 1336 1838 examino
1356 1785 1463 1838 cuncta
1488 1797 1581 1854 opera
1600 1792 1670 1837 mea
1692 1855 1693 1858 Ἴ

56 1864 211 1938 rpradictis
227 1864 307 1921 enim
326 1866 493 1922 rationibus
506 1866 678 1936 asserimus,
702 1865 787 1938 quod
840 1886 907 1943 quae
932 1869 1019 1938 facio,
1048 1875 1076 1928 et
1099 1886 1161 1927 non
1182 1887 1285 1928 amare
1304 1887 1421 1945 nequeo
1446 1871 1529 1943 quod
1552 1870 1670 1927 intueor

57 1955 156 2029 prima
178 1971 270 2011 causa
299 1960 327 2011 ct
354 1956 438 2026 origo
462 1957 613 2013 bonorum
637 1956 784 2012 omnium.
841 1959 1188 2033 simileilliquemamo.
1217 1960 1303 2018 Solus
1327 1960 1374 2016 ille
1399 1976 1447 2016 mc
1467 1959 1601 2029 offendit,
1617 1960 1669 2033 qui

56 2049 123 2101 rtem
151 2044 203 2118 qui
229 2045 297 2101 lons
318 2048 362 2101 est
385 2050 413 2102 et
439 2046 622 2119 principium
647 2045 785 2102 omnium
840 2049 879 2107 ab
904 2049 969 2121 ejus
997 2049 1189 2107 similitudine
1213 2049 1332 2106 recedit.
1364 2049 1392 2106 Si
1408 2047 1669 2120 crgovultismihi

56 2133 143 2191 entius
170 2133 286 2190 bonum
316 2134 434 2191 nullum
462 2151 530 2191 csse
556 2138 663 2208 potest.
705 2137 789 2192 Sum·
840 2139 968 2213 plaeere,
984 2139 1011 2195 ei
1024 2139 1135 2196 similes
1147 2143 1249 2207 estote,
1265 2138 1365 2213 ipsum
1380 2139 1489 2194 audite.
1507 2141 1540 2194 Et
1554 2137 1581 2193 si
1595 2136 1669 2194 forte

66 2222 156 2294 igitur
182 2223 298 2279 bonum
324 2227 399 2280 [leus
424 2229 476 2281 est.
508 2224 662 2280 Beatitudo
685 2228 786 2281 autern
840 2227 880 2284 ab
906 2229 971 2300 ejus
995 2226 1187 2284 similitudine
1220 2226 1299 2284 male
1331 2227 1450 2298 agendo
1482 2225 1668 2294 discessistis,

57 2326 106 2369 am
135 2311 245 2368 rectius
267 2328 361 2385 quam
389 2313 418 2370 in
449 2329 570 2369 summo
594 2312 676 2368 bono
698 2312 787 2369 eollo·
840 2317 940 2389 ipsum
963 2315 1109 2373 imitando
1134 2315 1173 2372 ad
1197 2315 1298 2389 ipsum
1319 2316 1421 2372 redite.
1449 2320 1480 2371 ln
1501 2315 1567 2388 ipso
1581 2313 1670 2370 datur

72 2403 150 2458 Deus
176 2401 265 2471 igitur
297 2402 379 2458 solus
413 2408 442 2459 et
478 2402 597 2474 proprie
623 2407 651 2458 et
677 2401 786 2475 princi·
839 2410 1034 2479 praeceptum,
1048 2404 1079 2462 in
1094 2405 1158 2480 ipso
1180 2404 1270 2463 datur
1293 2404 1461 2462 consilium.
1486 2406 1670 2476 Praeoeptum

57 2489 187 2548 ‘beatus
211 2495 264 2547 est.
288 2495 394 2548 Beatus
416 2496 517 2547 autem
538 2491 693 2564 quomodo
719 2506 785 2547 esse
839 2499 872 2550 ut
890 2494 1064 2568 persistatis,
1087 2493 1247 2551 eonsilium
1270 2498 1303 2550 ut
1321 2492 1460 2550 redeatis.
1486 2491 1605 2549 Utinam
1630 2495 1670 2547 te·

57 2623 59 2642 .
89 2580 137 2636 eui
164 2579 297 2653 idipsum
315 2597 378 2637 non
400 2580 593 2655 placetquod
608 2581 680 2636 estl
701 2580 785 2648 Quis-
839 2582 977 2639 nuissetis
1005 2587 1199 2660 preceptum,
1226 2580 1279 2638 sed
1305 2581 1376 2654 quia
1399 2578 1577 2652 transgressi
1601 2577 1670 2635 estis

57 2667 132 2739 gitur
160 2669 267 2726 beatus
289 2673 342 2739 est,
368 2674 396 2726 et
417 2671 550 2743 seipsum
571 2669 677 2741 diligit,
702 2675 729 2725 et
754 2668 785 2725 id
838 2673 1033 2745 praeceptum,
1058 2670 1163 2727 saltem
1178 2669 1278 2726 audite
1304 2668 1472 2735 eonsilium,
1494 2667 1596 2739 ipsum
1618 2682 1670 2723 au·

62 2756 128 2832 ipse
155 2764 198 2814 est
223 2758 327 2829 diligit.
359 2758 387 2815 Si
408 2759 497 2830 igitur
524 2763 607 2816 Pater
633 2763 662 2815 et
684 2758 783 2830 Filius,
838 2759 914 2815 dite!
930 2759 1028 2831 Magni
1042 2759 1158 2816 consilii
1171 2758 1301 2828 itngelus
1316 2755 1404 2813 nobis
1416 2755 1551 2819 mittitur,
1574 2753 1670 2826 etqui

57 2863 91 2904 or
115 2848 209 2904 Patris
232 2853 260 2905 et
282 2848 342 2904 Filii
358 2865 453 2905 unum
469 2854 548 2919 sunt,
568 2852 596 2904 et
611 2852 688 2904 lleus
705 2864 784 2903 unus
839 2848 966 2905 conditis
981 2848 1069 2905 datus
1081 2848 1136 2904 tuit
1154 2847 1194 2905 ad
1218 2846 1355 2919 gloriam,
1377 2844 1458 2902 idom
1482 2842 1605 2918 perditis
1618 2857 1669 2898 ve-

63 2952 134 2993 rum
159 2937 189 2992 in
219 2936 282 2992 solo
311 2941 371 2993 Deo
399 2953 467 2993 vera
496 2936 649 2993 beatitudo
670 2936 715 3004 sit,
734 2952 785 2992 nc·
838 2937 900 2994 niat
912 2937 952 2994 ad
966 2937 1127 2994 medelam.
1156 2941 1258 3010 lpsum
1281 2934 1391 2991 audite.
1431 2937 1497 3007 lpse
1522 2931 1667 3000 conditor,

57 3020 96 3084 esi
107 3031 140 3083 ut
151 3030 179 3084 et
191 3027 321 3101 quisque
337 3033 417 3086 amet
429 3027 573 3100 seipsum,
601 3031 628 3083 et
653 3026 692 3083 ad
707 3026 783 3083 invi-
802 3067 822 3122 C
837 3026 901 3099 ipse
914 3030 958 3082 est
972 3030 1000 3083 et
1014 3025 1201 3098 redemptor3
1217 3024 1280 3099 ipse
1296 3025 1373 3081 Deus
1393 3037 1513 3078 mecum
1527 3036 1581 3077 vos
1596 3035 1668 3076 eon-

57 3115 159 3190 uisque
175 3116 312 3173 alterum.
338 3121 438 3191 Neque
462 3116 616 3173 beatitudo
641 3115 784 3172 veraciter
837 3114 921 3180 didit,
949 3115 1001 3189 qui
1024 3113 1182 3170 vobiscum
1207 3113 1311 3180 homo,
1338 3112 1419 3168 solus
1440 3109 1479 3167 ad
1503 3107 1667 3166 eosvenit.

57 3211 137 3276 esset,
152 3206 214 3263 imo
229 3207 328 3279 potius
342 3224 461 3263 summa
476 3206 631 3262 infelicitas
646 3205 742 3273 foret3
759 3205 784 3261 si
838 3207 941 3277 ipsum
956 3203 1066 3261 audite.
1083 3207 1149 3276 lpse
1168 3206 1212 3258 est
1230 3202 1337 3270 forma,
1354 3201 1419 3275 ipse
1435 3198 1593 3267 medicina,
1606 3196 1669 3270 ipse

58 3296 202 3354 utrariam
226 3297 411 3354 voluntatem
436 3314 468 3353 se
492 3295 668 3365 dividerent,
691 3300 785 3368 etper
837 3292 1020 3368 exemplum,
1036 3294 1099 3367 ipse
1115 3297 1144 3349 ct
1155 3291 1332 3349 remedium.
1350 3295 1452 3365 lpsum
1465 3288 1575 3346 audite.
1594 3286 1667 3344 Feli-

57 3402 92 3443 =m
120 3390 260 3443 naturam
279 3387 318 3442 ab
339 3388 467 3443 invicem
490 3385 622 3459 separari
642 3401 703 3441 non
718 3401 785 3458 pos·
837 3383 900 3439 cius
921 3381 1025 3439 luisset
1045 3396 1163 3454 semper
1187 3379 1317 3439 tenuisse
1346 3380 1411 3452 ejus
1432 3376 1668 3448 similitudinem,

57 3473 126 3531 licut
140 3474 229 3546 igitur
244 3481 351 3531 natura
363 3492 458 3531 unum
474 3479 543 3530 sunt
557 3477 676 3530 Pateret
685 3475 783 3543 Filius,
838 3473 892 3529 sed
902 3473 967 3544 jam
979 3471 1079 3528 minus
1093 3469 1260 3542 gloriosum
1274 3485 1336 3527 non
1352 3469 1416 3536 erit,
1433 3467 1472 3526 ad
1487 3467 1512 3539 ej
1518 3483 1552 3522 us
1574 3462 1678 3520 redire·

59 3580 93 3622 or
120 3565 213 3620 Patris
237 3569 266 3620 et
295 3563 366 3633 Filii,
395 3565 436 3620 ita
455 3580 576 3637 quoque
591 3563 741 3620 voluntate
756 3569 785 3620 et
838 3561 1043 3618 imitationem.
1057 3564 1159 3632 ipsum
1174 3558 1284 3616 audite.
1302 3555 1521 3629 Ohomo‚quid
1536 3552 1670 3610 causaris

70 3669 166 3710 unum
181 3670 242 3710 non
258 3670 321 3710 esse
347 3669 408 3709 non
433 3659 571 3727 possunt.
594 3656 657 3710 Uno
681 3669 783 3710 amore
838 3650 1039 3722 ignorantiam
1055 3650 1165 3704 tuam?
1191 3650 1264 3702 Ecce
1290 3646 1358 3719 ipsa
1381 3650 1488 3701 natura
1514 3648 1563 3698 lua
1579 3647 1606 3699 te
1621 3657 1668 3697 ar·

57 3746 133 3813 gunt,
149 3743 222 3816 quia
237 3759 332 3800 unum
348 3748 436 3810 suut;
461 3759 515 3799 neo
540 3741 620 3798 aliud
643 3741 784 3814 estquod
838 3737 911 3810 guil,
924 3737 991 3810 ipsa
1005 3740 1032 3792 te
1057 3733 1216 3792 convincit.
1241 3732 1323 3790 Nosti
1341 3731 1439 3806 qualis
1451 3731 1501 3799 sis,
1528 3729 1606 3785 uude
1620 3745 1669 3785 ve·

57 3847 82 3887 re
96 3838 179 3888 amat
191 3832 222 3888 in
238 3833 340 3900 altero,
355 3848 448 3904 quam
463 3831 547 3905 quod
559 3831 686 3904 quisque
702 3835 785 3887 amat
837 3826 914 3894 nias,
943 3840 1035 3897 quem
1071 3823 1214 3879 factorem
1255 3821 1379 3889 habeas,
1415 3836 1475 3893 quo
1504 3817 1669 3875 mediatore

57 3937 116 3987 ·so;
131 3921 277 3993 quianon
294 3921 415 3977 aliunde
428 3926 474 3977 est
487 3920 570 3995 quod
584 3920 712 3993 quisque
729 3925 783 3990 est,
838 3931 938 3986 egeas,
967 3917 996 3970 et
1022 3918 1053 3969 tu
1081 3912 1180 3969 adhuc
1208 3911 1399 3984 impudenter
1427 3914 1453 3965 te
1479 3904 1668 3964 defendendo

59 4010 143 4084 quod
158 4011 231 4067 alter
246 4016 297 4067 est.
314 4010 400 4077 Quod
424 4013 508 4067 Pater
528 4009 623 4080 diligit
646 4009 677 4064 in
703 4009 783 4080 Filio,
838 4009 942 4061 contra
969 4006 1063 4061 Deum
1090 4001 1213 4058 clamas.
1239 3999 1320 4057 Nosti
1343 3998 1427 4073 quod
1450 3997 1619 4063 maluses,
1641 3999 1670 4051 et
1754 4030 1758 4037 -

58 4098 118 4156 lem
143 4100 231 4156 Filius
254 4100 349 4170 diligit
374 4100 404 4155 in
431 4099 548 4173 seipso;
562 4103 590 4154 et
603 4099 686 4172 quod
700 4114 785 4155 amor
838 4095 921 4169 quod
936 4110 954 4151 a
967 4093 1050 4150 hono
1063 4092 1170 4166 opifice
1184 4090 1283 4147 malus
1296 4089 1392 4146 factus
1407 4105 1469 4146 aon
1488 4105 1532 4159 cs,
1558 4091 1586 4142 ct
1606 4100 1669 4142 ees-

74 4193 104 4247 et
129 4190 190 4245 Filii
215 4189 310 4259 diligit
336 4189 366 4245 in
393 4190 473 4257 Filio,
503 4190 561 4245 hoc
589 4188 670 4245 idem
697 4188 785 4245 Filius
838 4201 897 4252 saS,
914 4188 943 4240 et
955 4198 1018 4239 non
1033 4181 1147 4238 clamas
1163 4180 1202 4238 ad
1217 4195 1297 4248 eum,
1311 4177 1363 4251 qui
1379 4181 1405 4233 te
1425 4176 1493 4233 lecit
1517 4179 1551 4231 ut
1571 4173 1670 4232 veniat

72 4277 104 4334 in
127 4294 238 4352 serpso.
270 4283 341 4335 ltem
378 4278 461 4351 quod
498 4277 586 4334 l'ilius
622 4276 717 4348 diligit
753 4275 785 4331 in
839 4278 867 4331 et
880 4272 1003 4340 reliciat,
1019 4271 1071 4345 qui
1082 4270 1193 4327 creavit
1204 4273 1237 4325 ut
1250 4267 1388 4324 redimat.
1404 4266 1467 4322 Noli
1480 4265 1617 4322 dubitare
1631 4263 1669 4319 de

58 4368 115 4425 hoc
124 4372 209 4425 Pater
223 4367 319 4438 diligit
333 4368 363 4424 in
380 4385 411 4424 se
425 4386 431 4434 ;
447 4371 475 4423 et
489 4367 572 4440 quod
587 4383 673 4423 amor
692 4365 784 4422 Patris
839 4363 972 4437 potentia
986 4362 1061 4433 ejus,
1075 4359 1143 4416 vide
1158 4373 1251 4431 opera
1274 4355 1352 4413 illius
1375 4359 1490 4429 manta
1517 4357 1584 4410 sint.
1605 4350 1669 4410 Noli

66 4457 160 4529 diligit
172 4458 203 4513 in
215 4461 308 4526 Patre,
325 4459 381 4513 hoe
396 4460 479 4513 Pater
494 4456 589 4526 diligit
601 4457 631 4512 in
648 4472 689 4512 se.
712 4460 784 4511 ltem
802 4422 824 4477 D
839 4452 976 4509 dubitare
991 4451 1029 4507 de
1044 4448 1200 4523 sapientia,
1215 4447 1284 4503 vide
1299 4462 1391 4520 opera
1406 4445 1431 4517 ej
1438 4463 1470 4500 us
1485 4461 1579 4518 quam
1601 4442 1668 4516 pul-

58 4547 131 4603 ‘ater
150 4550 179 4602 et
192 4545 279 4603 Filius
304 4544 431 4613 diligunt
454 4544 484 4599 in
506 4560 607 4600 amore
630 4560 696 4612 suo,
726 4544 783 4598 hoc
839 4543 911 4598 chra
927 4541 994 4597 sint.
1012 4539 1074 4597 Noli
1085 4537 1222 4596 dubitare
1233 4536 1270 4593 de
1285 4533 1503 4604 benevolentia,
1517 4533 1585 4590 ride
1601 4549 1671 4606 ope-

67 4635 157 4691 Patris
179 4639 207 4690 et
238 4633 298 4690 Filii
319 4633 414 4703 diligit
437 4633 467 4687 in
483 4633 591 4703 seipso.
611 4636 681 4687 ltern
701 4631 784 4704 quod
839 4648 873 4688 ra
885 4629 1116 4704 ejus'quomodo
1131 4628 1170 4684 ad
1186 4626 1341 4684 utilitatem
1363 4624 1415 4681 tibi
1430 4624 1568 4680 serviant.
1592 4626 1670 4681 lton-

65 4721 161 4794 diligit
192 4724 222 4779 in
251 4722 377 4796 seipso,
409 4722 466 4777 hoc
504 4720 599 4788 diligit
631 4719 661 4775 in
691 4720 783 4786 Filio,
838 4725 910 4776 strat
934 4734 1006 4794 ergo
1029 4718 1082 4774 tibi
1107 4733 1163 4774 suo
1185 4733 1275 4790 opere
1303 4718 1451 4788 quantum
1471 4713 1566 4786 possit
1582 4713 1614 4768 in
1629 4712 1671 4770 tui

58 4827 144 4868 more
160 4829 225 4869 suo.
252 4816 285 4868 Et
306 4811 389 4884 quod
418 4809 506 4866 l'ilius
520 4809 615 4879 diligit
631 4808 661 4863 in
675 4807 783 4881 scipso,
838 4805 1054 4880 redemptione.
1071 4808 1210 4862 Monstrat
1227 4803 1298 4859 item
1314 4800 1365 4856 tibi
1389 4817 1482 4873 quarn
1506 4799 1671 4856 formidan-

58 4899 131 4971 iligit
158 4901 188 4956 in
214 4904 297 4957 Patre
320 4905 348 4956 et
372 4900 403 4955 in
430 4914 533 4955 amore
559 4913 623 4953 sue.
646 4899 678 4951 Et
702 4895 786 4969 quod
838 4898 913 4954 dum
928 4900 1102 4969 exspectare
1117 4891 1218 4965 possis
1231 4890 1375 4963 judicem,
1391 4888 1415 4944 si
1431 4888 1562 4946 uolueris
1576 4888 1669 4946 habe·

58 4989 147 5046 Patris
162 4994 190 5046 et
206 4990 266 5046 Filii
277 4989 372 5060 diligit
386 4989 417 5044 in
433 5004 475 5058 se,
491 4987 547 5043 hoe
562 4985 655 5056 diligit
671 4984 785 5057 inl'ilio
839 5003 869 5043 re
898 4985 1129 5058 redemptorem.
1159 4985 1251 5038 Nemo
1272 4978 1411 5036 resistere
1433 4979 1459 5035 ei
1479 4978 1672 5053 potcst,quia

58 5083 133 5136 'atre
839 5077 1029 5149 omnipotens
1044 5077 1106 5140 est;
1123 5087 1212 5129 nemo
1229 5087 1299 5128 eum
1310 5068 1458 5126 declinare
1477 5074 1584 5144 potest,
1597 5068 1671 5142 quia

59 5170 121 5226 XlV.
137 5171 255 5227 Summi
273 5170 376 5226 Petris
397 5168 436 5223 ad
461 5166 591 5222 tornines
616 5172 648 5222 ut
674 5167 786 5222 Filium
840 5164 1153 5240 sapientissimusfest;
1170 5177 1259 5218 nemo
1272 5176 1342 5217 eum
1357 5175 1548 5233 corrumpere
1561 5161 1668 5230 potest,

58 5260 219 5316 condiant
236 5258 418 5327 eebor-tatto,
434 5262 460 5312 et
474 5270 530 5326 per
545 5269 608 5311 eam
622 5256 786 5312 antedicto·
839 5257 911 5330 quia
936 5255 1068 5330 optimus
1093 5258 1153 5322 est;
1182 5269 1273 5310 nemo
1297 5267 1368 5307 eum
1394 5251 1542 5308 declinare
1561 5247 1668 5320 potest,

70 5349 220 5417 probatio.
839 5347 911 5420 quia
925 5345 1037 5420 ubique
1048 5347 1111 5412 est;
1126 5359 1217 5400 nemo
1232 5358 1302 5399 eum
1318 5341 1442 5398 tolerare
1467 5340 1572 5412 potest,
1597 5332 1670 5407 quia

59 5437 72 5495 .i
100 5444 200 5495 utrum
230 5453 290 5492 vox
319 5433 411 5491 Patris
437 5433 506 5488 huic
531 5432 614 5504 quod
635 5433 787 5506 loquimur
839 5440 1042 5500 aetemusest3
1068 5450 1158 5491 nemo
1180 5449 1250 5490 eum
1277 5431 1393 5486 flectere
1417 5428 1522 5498 potest,
1538 5422 1669 5496 quiain·

59 5529 124 5585 rdet.
148 5530 206 5584 Hic
229 5533 281 5594 est,
305 5524 411 5598 inquit,
436 5523 530 5578 Filius
555 5538 635 5578 erices
650 5523 786 5589 dilectus,
840 5524 1062 5582 commutabilis
1084 5528 1137 5580 est.
1163 5523 1192 5581 Si
1207 5537 1278 5593 ergo
1292 5517 1435 5575 nolumus
1452 5513 1540 5568 talem
1562 5511 1669 5569 sentire

72 5619 148 5675 mihi
162 5618 332 5687 complacui
342 5615 459 5686 (lllettb.
476 5614 526 5683 ur).
545 5615 608 5669 Non
620 5612 694 5669 dixit
703 5629 788 5686 sepa·
839 5612 982 5686 judicem,
998 5612 1098 5687 ipsum
1113 5624 1284 5685 quaeramus
1295 5605 1524 5675 redemptorem.

69 5723 126 5780 ego
139 5707 214 5765 mihi
224 5705 393 5779 complacui
407 5719 522 5778 ,neque
532 5702 606 5760 dixit
615 5703 787 5778 separatim,
