3756 6074
109 152 179 208 roca
492 105 645 204 aaronis
664 148 709 202 os
730 146 758 203 s.
779 144 928 201 vicrcaa
948 144 1024 201 cer.
1045 145 1134 202 raas
1153 149 1200 203 111.
1220 176 1256 188 -
1273 146 1433 205 ursum.
1778 147 1822 205 ru

109 271 197 330 offert
219 269 365 329 memoria
387 269 490 340 menti,
512 269 595 343 prius
615 268 702 341 quasi
725 267 883 325 contusum
909 267 939 324 in
954 271 978 325 Α
996 269 1158 328 ducerent?
1170 271 1413 344 Adquaerendum
1426 270 1550 327 forsitan
1559 269 1728 327 honorem
1737 272 1825 326 nonai

109 361 289 433 cogitatione
304 360 451 428 cernitur;
468 363 575 431 postea
588 373 660 415 vcro
674 358 867 415 meditatione
880 357 941 413 dis-
994 357 1140 429 laborem,
1156 361 1196 418 ad
1206 362 1321 417 curiam
1336 376 1397 417 non
1412 360 1451 417 ad
1472 360 1606 417 vineam.
1626 358 1679 415 lbi
1695 357 1795 428 agitur
1804 359 1825 413 dr

109 451 256 519 cernitur3
273 449 313 507 ad
326 448 467 506 ultimum
480 463 552 504 vero
561 447 813 522 contemplatione
821 447 942 518 dignos·
995 449 1128 521 pondere
1139 450 1284 525 pecuniae,
1296 450 1405 508 nonde
1417 450 1584 525 quantitate
1595 467 1602 519 ;
1614 447 1830 522 oulpaedeerr·

109 539 194 598 citur.
220 538 399 596 Accenditur
422 552 493 608 ergo
523 537 763 595 consideratione
790 537 941 607 cogitatio,
995 536 1160 595 minatione
1170 540 1295 610 argenti,
1305 555 1368 596 non
1377 539 1415 596 dc
1428 539 1610 611 purgatione
1621 537 1762 612 peccati.
1775 539 1832 594 Sunt

108 627 316 686 inflammatur
328 627 506 683 discretione
519 627 683 697 meditatio,
696 626 881 684 illuminatur
895 642 942 683 co·
996 628 1096 683 tamen
1109 627 1181 685 honi
1195 628 1320 703 praelati,
1332 628 1384 701 qui
1398 628 1551 703 operarios
1562 627 1603 684 ad
1614 626 1768 684 laborem
1777 642 1833 682 eon-

109 717 250 789 gitaticne
278 714 501 789 contemplatio.
541 719 590 772 Est
622 715 702 772 enim
735 715 880 787 ,cogitatio
911 715 942 770 iu
996 713 1120 786 ducunt,
1142 717 1234 774 verbo
1256 717 1336 774 enim
1358 718 1476 786 docent,
1500 720 1528 774 et
1554 715 1711 790 exemplo
1734 731 1834 788 praeca

108 808 219 874 mente,
249 803 336 878 quasi
366 803 467 860 fumus
500 803 530 861 in
558 803 643 876 igne3
670 803 832 874 meditatio,
855 802 942 875 quasi
996 801 1081 860 dunt.
1105 803 1149 859 Ad
1173 805 1254 861 hunc
1279 805 1415 861 laborem
1440 803 1551 861 diversi
1577 804 1729 870 veniunt,
1756 803 1834 860 idest

108 892 233 952 flamma
245 910 314 951 cum
327 893 412 950 fumo
425 912 432 962 ;
448 892 671 967 contemplatio,
684 893 763 965 ignis
778 909 848 949 cum
858 892 943 948 llam·
996 891 1091 963 pueri,
1095 891 1221 963 Juvencs
1229 897 1398 963 etsenes,ct
1409 892 1536 949 diversis
1545 892 1763 967 temporibus
1772 892 1834 948 scili

109 998 161 1040 ma
175 983 239 1039 sine
253 983 348 1040 fumo.
366 985 440 1041 Cum
455 986 556 1039 autem
571 999 657 1040 mens
673 983 713 1039 ad
723 981 943 1039 consideranda
996 983 1042 1036 cet
1055 995 1189 1055 vespere,
1205 986 1233 1039 ct
1245 998 1345 1055 mane,
1359 986 1388 1039 et
1401 981 1535 1039 meridie.
1557 985 1650 1040 Mane
1665 981 1769 1055 pueri,
1784 998 1833 1036 me

110 1072 242 1130 coelestia
253 1073 381 1138 laborat,
398 1075 467 1129 tunc
488 1072 627 1143 cogitatio
652 1073 848 1146 occupatione
872 1075 944 1128 tem·
996 1069 1069 1126 ridie
1079 1071 1216 1143 juvenes,
1232 1088 1355 1144 vespere
1370 1087 1475 1140 senes;
1490 1087 1580 1128 mane
1595 1073 1743 1139 Maurus,
1757 1072 1833 1126 meri-

109 1162 259 1238 poralium
283 1160 455 1235 impeditur,
477 1162 632 1219 meditatio
656 1162 715 1218 ctio
737 1160 942 1228 contmhatur,
997 1159 1044 1216 die
1059 1161 1178 1231 Paulus,
1193 1177 1315 1236 vespere
1326 1161 1497 1218 Gentianus.
1512 1161 1564 1218 llic
1574 1161 1666 1232 large
1675 1159 1833 1233 accipimus

110 1252 324 1327 contemplatio
340 1252 508 1309 curiositate
521 1257 687 1322 revocatur,
705 1256 733 1309 et
749 1253 789 1308 sic
804 1251 837 1307 fit
850 1265 945 1324 quan·
995 1249 1192 1321 juvenaltam,
1215 1254 1248 1307 ut
1271 1266 1333 1307 non
1359 1253 1477 1307 tautum
1501 1249 1764 1320 adolescentiam,
1792 1249 1833 1305 scd

109 1341 221 1417 doque,
236 1344 368 1399 utmens
391 1340 487 1398 otiosa
508 1341 662 1416 uoluptate
684 1344 842 1415 torpescat.
870 1341 944 1396 Cum
997 1338 1088 1394 etiarn
1109 1343 1259 1397 maturam
1279 1339 1575 1411 comprehendamus
1607 1344 1751 1396 aetatem.
1779 1341 1833 1394 llac

108 1429 199 1503 igitur
216 1431 310 1489 homo
330 1431 452 1487 interior
474 1432 556 1503 jacet
579 1431 610 1487 in
636 1430 744 1487 lectulo
771 1428 943 1501 voluptatis,
998 1432 1041 1485 est
1056 1431 1127 1484 retas
1140 1428 1236 1486 labori
1251 1444 1397 1500 congrua,
1412 1429 1443 1485 in
1456 1429 1514 1486 hac
1538 1433 1626 1487 aetate
1655 1428 1773 1486 Paulus
1795 1445 1836 1484 ro

109 1520 185 1579 dum
193 1536 311 1578 sommo
320 1521 460 1594 torpescit
469 1520 591 1589 inertia,
610 1525 638 1577 et
653 1519 777 1575 somniis
795 1517 945 1573 deluditur
997 1517 1062 1574 lens
1084 1517 1231 1574 redimere
1253 1522 1383 1591 tempus,
1406 1534 1469 1575 non
1491 1519 1590 1576 solum
1612 1519 1760 1576 instabat
1773 1535 1833 1575 con·

110 1609 302 1679 curiositatis,
326 1613 472 1665 convocat
493 1613 521 1664 et
546 1609 682 1665 hortatur
710 1607 896 1677 exteriorem,
913 1609 946 1663 ut
963 1629 983 1683 B
998 1605 1195 1679 temptationi,
1213 1606 1267 1662 sed
1282 1606 1372 1663 etiam
1379 1606 1477 1663 labori
1492 1609 1521 1676 (I
1532 1607 1600 1663 Cor.
1612 1608 1657 1680 vr)
1673 1626 1680 1676 ;
1697 1606 1744 1664 sic
1754 1607 1833 1663 etiarn

108 1695 791 1770 mchnetauremrumorihus,10quaturvana,
802 1695 944 1752 mollibus
997 1695 1091 1752 Jacob
1115 1712 1185 1752 cum
1210 1697 1261 1755 hia
1284 1701 1312 1754 et
1338 1697 1448 1755 Rachel
1472 1698 1631 1754 revertitur
1649 1698 1684 1754 in
1712 1697 1833 1772 patriam

109 1782 262 1851 induatur,
275 1800 366 1840 mane
376 1785 524 1853 comedat,
532 1785 628 1855 gallus
636 1801 729 1841 coence
738 1785 876 1841 terminet
888 1784 946 1840 lec·
998 1786 1081 1858 (Gen.
1097 1786 1175 1858 xxm)
1192 1805 1198 1855 ;
1216 1785 1370 1842 sichlarias
1392 1791 1421 1843 et
1439 1786 1557 1844 hiarthae
1583 1786 1736 1859 precibus
1760 1787 1833 1858 adju

25 1912 32 1921 .
109 1871 234 1943 tionem,
250 1872 390 1929 euntibus
406 1873 571 1930 dormitum
584 1877 741 1944 surgentes
765 1874 804 1930 ad
827 1872 945 1943 vigilias
997 1878 1085 1931 vatur
1099 1876 1227 1931 Lazarus
1250 1874 1289 1931 ad
1308 1873 1401 1931 vitam
1428 1877 1526 1947 (Jourr.
1544 1876 1595 1948 ru).
1622 1878 1704 1933 Cum
1732 1875 1832 1933 Rachel

109 1951 233 2018 obvient
255 1961 371 2030 iratres,
398 1961 592 2031 uigilantibus
622 1962 678 2017 illis
708 1961 871 2034 dormiant,
898 1978 945 2018 re·
998 1967 1026 2020 et
1042 1963 1092 2020 Lia
1109 1963 1201 2020 iacob
1221 1963 1387 2034 revertitur,
1403 1964 1526 2037 quando
1551 1963 1665 2039 aliquis
1688 1965 1832 2023 desiderio

110 2047 274 2106 deuntibus
291 2054 423 2121 surgant.
443 2049 499 2105 Sed
523 2049 629 2106 mabus
655 2049 780 2107 forsitan
806 2054 894 2118 esset,
921 2051 945 2106 si
997 2052 1074 2109 hene
1089 2053 1235 2127 operandi
1250 2053 1399 2123 gradiens,
1414 2054 1516 2109 activae
1538 2058 1567 2109 et
1591 2054 1833 2128 contemplativa

108 2138 185 2196 nihil
198 2138 340 2208 dicerent,
357 2156 450 2213 quam
466 2139 491 2195 si
503 2141 661 2198 subtractis
677 2141 810 2214 syllabis,
826 2146 878 2198 aut
900 2141 944 2198 di-
997 2141 1066 2197 ritoe
1079 2141 1217 2197 sociatur.
1235 2143 1363 2197 Lazarus
1378 2157 1450 2198 vero
1462 2142 1587 2211 adjutus
1609 2142 1832 2216 interpretatur.

111 2227 271 2297 ctionibus,
285 2228 441 2286 oscitando
455 2229 590 2302 psalmos
603 2230 807 2288 decantarent.
999 2230 1056 2296 Qui
1067 2233 1138 2286 tunc
1152 2230 1353 2299 resuscitatur,
1370 2231 1494 2303 quando
1518 2230 1627 2304 aliquis
1652 2233 1728 2290 hinc
1754 2232 1833 2289 bonis

145 2317 215 2375 Haec
229 2321 274 2375 est
288 2318 411 2376 tarditas
426 2317 604 2391 otiosorum,
621 2319 673 2393 qui
685 2319 760 2376 nihil
781 2323 945 2394 operantur
998 2319 1150 2391 operibus,
1166 2318 1198 2374 ln
1211 2317 1354 2392 lacrymis
1379 2335 1396 2375 a
1422 2323 1517 2376 morte
1539 2320 1657 2393 peccati
1680 2320 1831 2379 liberatur·

110 2407 152 2466 ad
179 2408 298 2480 horam,
322 2407 375 2464 sed
404 2424 523 2483 semper
545 2409 727 2466 comitantur
754 2425 882 2466 moram.
912 2409 945 2465 lli
998 2409 1091 2463 Nemo
1107 2406 1229 2477 igitura
1250 2406 1355 2463 labore
1370 2413 1548 2478 ‘excusatum
1568 2423 1630 2465 non
1651 2410 1756 2483 pueri,
1779 2425 1833 2466 non

114 2500 195 2567 sunt,
210 2496 263 2570 qui
286 2500 460 2572 exspectant
482 2514 551 2555 cum
578 2499 673 2568 asino,
695 2514 751 2554 nec
777 2498 946 2556 ascendunt
995 2496 1132 2568 juvenes,
1147 2512 1208 2552 uon
1236 2512 1332 2563 senaa,
1355 2495 1420 2553 sola
1443 2501 1544 2554 tamen
1566 2497 1714 2569 juventus
1740 2503 1835 2572 portat

110 2589 279 2642 cumlsaac
293 2585 324 2641 in
338 2589 483 2657 montem,
500 2590 653 2661 portantes
668 2587 771 2660 paleas
793 2591 821 2644 et
842 2587 944 2645 stimu-
998 2585 1119 2659 pondus
1145 2584 1205 2641 diei
1234 2590 1262 2642 et
1289 2589 1389 2655 astus,
1419 2590 1518 2655 portat
1540 2587 1737 2644 materialiter
1765 2604 1837 2661 pon·

108 2671 185 2743 lum,
196 2690 265 2747 quae
281 2673 321 2730 ad
336 2673 457 2731 asinum
471 2674 629 2747 pertinent,
644 2691 707 2732 non
721 2675 822 2745 ignem
838 2680 866 2732 et
881 2674 945 2746 gla—
999 2674 1055 2730 dus
1085 2674 1198 2730 laboris
1230 2678 1259 2731 ct
1290 2678 1396 2730 aestum
1430 2674 1510 2744 solis,
1551 2680 1652 2748 portat
1682 2676 1837 2732 moraliter

111 2761 197 2819 dium
212 2779 281 2837 quae
291 2762 440 2837 portinent
450 2764 489 2819 ad
500 2763 749 2820 sacrificiumhit
760 2765 841 2823 enim
850 2765 944 2821 Abra-
999 2764 1120 2839 pondus
1135 2764 1438 2835 carnerelragihtatis,
1455 2764 1580 2822 sustinet
1604 2769 1713 2821 aestum
1737 2765 1837 2822 libidi-

110 2850 184 2908 ham
199 2850 239 2908 ad
253 2866 364 2925 pucros
379 2853 666 2922 suoszErcspertate
685 2854 733 2910 liic
756 2869 822 2909 cum
849 2855 943 2924 crine,
999 2854 1055 2909 nis.
1084 2853 1197 2911 Labore
1222 2854 1312 2925 igitur
1334 2870 1483 2910 manuum
1507 2854 1693 2911 annihilatur
1715 2855 1836 2928 pondus

111 2955 165 3013 eqo
193 2946 221 2997 et
243 2956 321 3011 puer
346 2957 413 2997 cum
435 2943 673 3013 adoraverimus,
698 2949 883 3000 revertemur
904 2945 946 3000 ud
967 2943 1209 3040 Ctentationum,
1239 2943 1299 3000 otio
1321 2943 1543 3017 multiplicatur,
1571 2945 1707 3016 tentatio,
1735 2944 1836 3001 labore

109 3045 162 3088 vos
183 3029 265 3102 (Gen.
286 3030 366 3103 unu).
382 3031 468 3087 Pueri
483 3035 552 3088 sunt
566 3031 695 3106 pueriles
710 3048 815 3089 sensus
839 3033 943 3103 animi,
1001 3046 1070 3087 caro
1098 3030 1248 3102 affligitur,
1277 3031 1336 3087 otio
1364 3032 1501 3088 nutritur.
1527 3033 1647 3088 iuvenis
1675 3038 1783 3089 autem
1809 3032 1835 3088 in

112 3119 166 3194 qui
178 3134 248 3175 cum
267 3119 354 3176 asino
367 3124 550 3193 exspectant,
565 3122 636 3195 quia
644 3122 813 3180 tarditatem
827 3139 945 3196 semper
1000 3121 1070 3190 otio,
1083 3121 1171 3195 quasi
1181 3122 1329 3192 juvencus
1345 3121 1407 3176 sine
1420 3122 1506 3192 jugo,
1523 3122 1575 3194 qui
1589 3121 1665 3178 dum
1681 3138 1747 3179 non
1760 3129 1835 3180 tene-

112 3211 227 3266 amant.
244 3211 308 3265 Duo
323 3208 464 3268 dicuntur
479 3227 542 3266 esse
557 3211 652 3283 pueri,
669 3211 755 3267 otiosi
766 3211 904 3269 videlieet
918 3215 947 3269 et
1000 3214 1048 3267 tur
1061 3210 1239 3267 obedientia
1254 3210 1386 3283 vinculo,
1396 3211 1427 3267 in
1443 3210 1611 3285 aequalitate
1632 3211 1777 3269 iraternae
1792 3229 1835 3268 so

112 3295 216 3369 tepidi,
232 3299 386 3372 portantes
402 3297 556 3354 stimulum
570 3298 668 3353 carnis
683 3303 711 3354 et
724 3298 827 3373 paleas
841 3299 945 3356 levita·
1000 3301 1122 3367 cietatis,
1139 3299 1226 3374 quasi
1237 3299 1293 3356 bos
1307 3300 1473 3370 lasciviens,
1488 3300 1626 3358 discurrit
1646 3317 1702 3374 per
1716 3301 1834 3359 deside·

111 3384 163 3444 iis.
178 3384 332 3444 Abraham
345 3403 426 3455 veru,
443 3386 496 3459 qui
510 3386 720 3460 interpretatur
729 3395 820 3458 pater
834 3391 945 3445 matta·
999 3390 1043 3446 ria
1057 3389 1186 3464 propria
1198 3388 1371 3446 voluntatis.

113 3491 184 3532 rum
209 3478 353 3549 gentium,
377 3474 408 3530 id
432 3478 477 3531 est
499 3474 619 3531 animus
644 3476 759 3545 genitor
782 3477 946 3534 multarum
1055 3481 1122 3535 Car.
1140 3479 1193 3533 hil.
1208 3478 1334 3536 Derane
1349 3478 1508 3537 obstinato.
1535 3480 1785 3552 Abasicquartu.

112 3564 339 3635 cogitationum,
369 3563 504 3620 ascendit
530 3581 600 3620 cum
624 3581 728 3640 puero,
755 3565 787 3622 id
813 3569 856 3622 est
876 3582 947 3623 cum
1037 3569 1114 3623 lnter
1128 3564 1289 3622 abusiones
1300 3567 1391 3639 hujus
1407 3569 1508 3625 saculi
1522 3570 1586 3627 sola
1595 3569 1836 3641 majorestscnis

112 3655 203 3713 corde
217 3670 305 3729 puro,
319 3656 444 3727 portans
456 3653 558 3725 ignem
569 3659 596 3711 et
607 3655 782 3727 gladiumin
793 3656 945 3713 manibus.
1001 3653 1171 3725 obstinatio,
1185 3653 1238 3727 qui
1251 3654 1340 3712 morti
1354 3657 1521 3729 proximus,
1541 3657 1645 3714 mortis
1669 3656 1835 3714 adrentum

110 3747 167 3804 Per
178 3744 290 3816 iguem,
307 3743 501 3814 charitatem;
522 3761 576 3819 per
590 3745 734 3817 gladium,
759 3747 947 3821 praedicatio-
1002 3760 1065 3802 non
1077 3744 1224 3813 exhorret,
1239 3745 1291 3818 qui
1304 3745 1392 3819 quasi
1413 3746 1453 3803 ad
1479 3747 1590 3804 ostium
1611 3746 1720 3803 mundi
1746 3747 1835 3818 hujus

111 3834 160 3892 nis
175 3833 305 3891 verbum
318 3832 511 3905 intelligimus
529 3852 535 3890 :
560 3839 659 3909 portat
683 3835 773 3906 igitur
796 3837 897 3908 ignem
921 3841 950 3894 et
1003 3833 1120 3909 positus
1136 3832 1208 3890 loris
1224 3839 1347 3908 spectat,
1364 3852 1418 3893 uec
1434 3837 1612 3893 tamenvitre
1625 3837 1784 3909 praesentis
1799 3839 1837 3893 at·

113 3921 292 3994 gladiumin
305 3921 458 3995 menibus,
474 3923 526 3996 qui
541 3923 623 3997 quod
638 3929 721 3980 amat
735 3928 764 3981 et
777 3925 860 3998 quod
875 3940 949 3998 prae·
1003 3923 1098 3981 tendit
1109 3938 1274 3995 egressum,
1296 3941 1350 3982 nec
1371 3926 1540 3997 ingressum
1568 3925 1675 3981 futurae
1698 3925 1836 3981 conside·

113 4010 203 4078 dicat,
219 4009 323 4082 implet
338 4011 489 4086 operibus.
505 4012 696 4085 Egainquit,
713 4019 741 4070 et
751 4028 831 4083 prcrr
850 4029 949 4071 rever·
1002 4018 1068 4084 rat;
1085 4013 1169 4071 audit
1182 4014 1305 4071 nuntios
1319 4016 1434 4085 mortis,
1449 4019 1478 4071 et
1492 4013 1611 4069 credere
1625 4028 1687 4066 non
1703 4015 1776 4071 vult
1789 4015 1833 4071 eis.

115 4105 213 4158 lemur
224 4098 266 4155 ad
279 4115 339 4157 cos.
352 4103 476 4157 Necesse
489 4104 544 4171 est,
559 4104 593 4157 ut
607 4101 698 4158 ambo
711 4101 844 4171 redeant,
861 4103 890 4158 id
906 4107 950 4160 est
1003 4105 1072 4159 Tres
1089 4106 1158 4158 sunt
1179 4102 1260 4158 enim
1280 4101 1377 4158 nuntii
1399 4101 1501 4156 mortis
1517 4118 1523 4155 :
1548 4115 1645 4166 casus,
1661 4098 1835 4160 infirmitas.

114 4188 162 4248 vis
189 4189 313 4246 rationis
342 4194 370 4247 et
399 4190 514 4264 puritas
544 4191 663 4260 mentis,
698 4196 732 4248 ut
764 4196 950 4249 revertantur
1006 4194 1155 4247 senectus.
1177 4192 1269 4247 Casus
1299 4189 1400 4256 dubia,
1429 4187 1586 4244 infirmitas
1613 4188 1731 4258 gratia,
1759 4207 1837 4249 senc

113 4278 155 4338 ad
181 4279 334 4351 agendam
366 4295 470 4337 curam
499 4280 608 4350 carnis,
637 4296 699 4338 non
728 4280 947 4359 inndcsidcriis,
1005 4283 1069 4336 ctus
1084 4282 1163 4334 certa
1174 4275 1339 4332 denuntiat.
1356 4278 1449 4331 Casus
1470 4280 1601 4333 mortem
1622 4277 1785 4337 denuntiat
1800 4280 1838 4336 la·

47 4371 52 4385 “
115 4369 172 4428 sed
201 4369 232 4426 in
258 4369 444 4433 necessariis.
484 4373 607 4444 Semper
634 4370 714 4427 enim
746 4386 816 4427 caro
843 4371 950 4445 quaerit
967 4339 1295 4435 1’tentiemmnfirmitas
1315 4369 1521 4440 apparentem,
1546 4372 1682 4423 senectus
1704 4384 1837 4442 praesen·

115 4458 303 4516 affluentiam
316 4458 384 4527 cibi,
401 4459 569 4516 libertatem
596 4459 656 4516 otii.
683 4460 856 4518 Necessaria
878 4476 949 4517 vero
1003 4461 1073 4514 tem.
1091 4458 1132 4510 Ex
1146 4453 1355 4512 incertitudine
1368 4455 1473 4512 mortis
1500 4456 1598 4526 timor,
1623 4473 1660 4513 ex
1683 4456 1838 4516 infirmita·

114 4545 322 4620 impendenda
337 4551 418 4618 sunt,
431 4563 494 4602 non
507 4547 722 4605 subtrahenda.
736 4549 802 4618 Sed,
818 4556 952 4608 nevacct
1003 4545 1040 4603 tis
1064 4543 1208 4616 gravitate
1230 4543 1326 4613 dolor,
1349 4561 1386 4601 ex
1408 4544 1581 4602 certitudine
1608 4546 1753 4603 seuctutis
1777 4564 1837 4606 nou

116 4633 188 4706 otio,
200 4632 275 4692 dum
288 4633 474 4709 impenditur
486 4635 582 4707 cibus,
594 4642 834 4713 sequanturque
845 4656 952 4697 conre-
1005 4634 1175 4703 obstinatio,
1192 4633 1245 4690 sed
1258 4633 1412 4692 humilitas
1427 4635 1513 4708 sequi
1527 4635 1657 4692 deberet.
1675 4637 1733 4703 Sed
1749 4637 1837 4694 torsi·

115 4721 205 4780 niunt
216 4721 313 4793 asino,
329 4723 415 4796 virga
428 4723 538 4782 scilicet
551 4729 579 4782 ct
593 4741 680 4795 onus,
696 4726 780 4798 virga
794 4728 950 4785 correctio·
1005 4731 1057 4784 tan
1072 4725 1222 4783 funiculus
1243 4724 1359 4800 triplex,
1384 4741 1446 4800 quo
1472 4725 1582 4796 ligatur
1601 4742 1693 4783 senex
1715 4726 1838 4786 difficile

115 4811 165 4872 nis
178 4813 208 4868 et
221 4826 299 4868 onus
311 4810 435 4871 laboris.
1005 4815 1164 4888 rumpitur.

152 4902 233 4957 Inter
243 4899 362 4973 virgam
375 4902 525 4976 siquidem
534 4908 562 4962 ct
572 4921 660 4976 onus,
671 4921 734 4964 non
743 4911 788 4964 est
797 4907 856 4964 otio
867 4906 951 4963 locus
1041 4903 1157 4978 triplex
1172 4902 1333 4972 funiculus,
1343 4907 1387 4960 est
1400 4919 1503 4977 prava
1510 4905 1737 4962 consuetudinis
1752 4923 1838 4977 usus,

117 4988 225 5063 (Ereti.
240 4990 352 5064 xxxin).
369 4992 495 5050 Laborat
506 4993 595 5065 igitur
604 4995 697 5052 homo
709 4996 952 5053 interioretexte·
1006 4994 1110 5068 quiex
1122 4991 1217 5048 tribus
1232 4991 1398 5064 conficitur,
1411 4994 1536 5067 quando
1551 4993 1705 5052 meditatio
1730 5012 1841 5054 sermo

115 5075 188 5151 rior,
203 5092 242 5135 ne
252 5076 369 5135 dicatur
383 5079 425 5135 eis
442 5098 449 5136 :
466 5081 543 5149 Quid
555 5084 603 5140 liic
619 5087 705 5142 stetis
718 5085 953 5142 totcdieotr'csi?
1006 5083 1047 5151 ni,
1062 5081 1162 5137 s'ermo
1175 5079 1399 5154 operationi-ab
1412 5082 1517 5139 otiosis
1530 5083 1737 5156 complicatur.
1764 5088 1841 5141 Dum

118 5164 226 5239 (Mure.
240 5167 301 5240 xx.)
317 5170 389 5226 Tota
407 5168 454 5227 dic
478 5171 567 5229 otiosi
588 5177 678 5246 stant,
703 5175 756 5248 qui
781 5175 865 5231 omui
879 5178 952 5233 tem·
1007 5171 1088 5228 enim
1103 5169 1260 5243 apueritia
1274 5170 1305 5226 in
1319 5175 1417 5227 mente
1447 5172 1525 5229 senis
1548 5189 1602 5247 per
1627 5173 1841 5244 cogitationem

117 5271 193 5329 pore
203 5256 271 5314 vita
280 5274 341 5315 sure
355 5264 506 5318 cessantes
517 5278 536 5318 a
548 5262 630 5321 bono
639 5280 738 5338 opere,
749 5264 781 5320 in
790 5263 855 5320 loro
864 5279 952 5320 vanae
1007 5261 1146 5318 semitam
1161 5260 1261 5317 iecerit
1275 5260 1426 5334 voluptas,
1438 5261 1470 5320 in
1493 5278 1631 5320 sermone
1655 5263 1788 5334 vanitas,
1811 5266 1843 5322 in

120 5343 223 5416 gloria
236 5350 387 5423 torpentes
398 5356 599 5426 perseverant.
615 5352 746 5410 audiant
760 5355 862 5408 tamen
875 5368 952 5424 prae·
1006 5367 1096 5426 opere
1105 5350 1461 5426 perversitasquidaliud
1471 5352 1843 5427 agiturnisiquodincou·

119 5430 173 5489 lati
194 5450 325 5496 causam
351 5438 412 5496 otii.
438 5441 532 5497 Nemo
553 5439 701 5514 inquiunt,
729 5456 782 5497 nos
808 5441 954 5499 conducit
1007 5440 1194 5499 suetudinem
1206 5441 1292 5514 quasi
1307 5441 1337 5497 in
1355 5441 1458 5499 lunem
1468 5442 1532 5499 haec
1543 5443 1598 5500 tria
1617 5447 1843 5516 torqueantur?

121 5520 217 5593 (thid.)
229 5528 293 5584 Non
304 5528 450 5604 episcopi,
462 5545 525 5587 non
537 5529 706 5603 presbyteri
720 5531 879 5607 populum,
890 5547 952 5589 non
1007 5533 1056 5586 Est
1075 5535 1176 5588 autun
1193 5530 1319 5605 laqueus
1336 5530 1367 5587 in
1386 5530 1456 5588 lune
1469 5530 1597 5588 dulcedo
1618 5534 1797 5604 temporalis
1813 5536 1842 5593 in

121 5607 259 5685 abbates,
274 5629 337 5674 non
354 5617 470 5691 priores
491 5623 681 5688 conventum.
695 5621 759 5692 Quo
774 5620 855 5683 enim
879 5637 950 5681 con·
1009 5618 1762 5696 consuetudine,circumdatiolunis,impedimcnta
1772 5630 1844 5684 sunt
