3742 6082
117 202 173 259 84³

489 200 642 257 addonis
662 201 707 256 DE
727 201 756 258 S.
776 199 924 256 VlCTORE
943 198 1018 256 OPP.
1039 199 1127 255 PARS
1147 200 1181 254 li.
1194 226 1230 243 ···
1244 196 1455 256 DOGMTICA.

1778 190 1828 248 dli

114 322 184 392 luit3
201 322 253 380 sed
267 324 350 396 quod
365 341 454 381 sirum
480 329 543 380 erat
560 324 673 380 amavit
696 323 943 393 inisericordiam,
958 324 982 378 Α
1000 322 1100 395 pietati
1115 322 1287 379 concordat.
1305 319 1359 377 Ubi
1372 323 1472 376 autem
1493 315 1602 372 disiaoe
1615 313 1737 387 justitiae
1763 330 1828 371 sen·

115 418 257 471 ettamen
271 413 356 486 quod
368 428 527 471 suumnon
542 418 605 469 orat
618 428 680 469 non
691 412 873 485 improbavit
880 413 944 484 jus-

116 502 221 563 titium.
237 504 312 560 Sane
332 502 489 559 sciendum
503 501 586 575 quod
600 501 722 575 idquod
735 500 946 558 caromortalis

116 592 222 650 timore
233 590 385 663 passionis
399 592 504 659 uritur,
527 596 555 647 et
574 591 669 664 pietas
692 608 794 648 amore
810 606 946 664 compas-

117 681 209 739 sionis
223 680 401 754 passibiliter
413 685 561 743 movetur,
584 681 722 753 praesenti
747 686 864 737 tantum
880 680 944 734 vitae

116 770 251 827 debitum
263 776 316 837 est,
332 771 362 826 in
378 787 440 844 qua
453 775 482 827 et
505 770 593 826 malis
614 770 784 842 compassio
809 770 944 834 debatur,

116 860 252 934 quandiu
267 860 373 932 corrigi
388 865 534 933 possunt;
550 865 578 915 et
593 859 681 914 bonis
696 860 799 932 passio
813 876 873 915 non
889 859 943 915 tol-

116 948 332 1023 liturquandiu
349 950 485 1006 meliores
500 964 564 1004 esse
587 954 722 1021 possunt.
750 950 823 1005 Carra
847 955 945 1005 aretem

116 1041 245 1095 mortale
260 1040 314 1096 hoe
331 1038 461 1094 induerit
477 1040 741 1106 internortolitotern,
759 1046 785 1095 et
799 1040 947 1108 corrupti-

119 1129 241 1185 biletoc
260 1128 514 1196 incorruptionem
535 1129 562 1197 (l
574 1129 641 1184 Cor.
657 1133 726 1193 xv);
750 1133 821 1184 tunc
846 1128 945 1200 utiquc
971 1165 973 1168 ψ

119 1217 195 1272 sicut
215 1232 336 1272 carnem
352 1232 406 1271 nee
431 1215 533 1289 passio
557 1233 654 1289 nequo
682 1219 770 1273 timor
796 1218 946 1290 passionis

119 1303 207 1360 ullius
235 1304 360 1374 affliget3
390 1305 432 1359 sic
451 1321 537 1361 mens
560 1305 640 1361 nulla
671 1322 707 1360 ex
736 1306 946 1378 compassione

119 1392 208 1449 alieni
235 1391 347 1448 doloris
373 1409 496 1466 poenam
520 1395 668 1466 suscipiet.
697 1395 754 1449 lllio
781 1395 893 1467 qnippe
919 1399 948 1449 ot

119 1497 190 1537 earo
213 1480 336 1537 habebit
364 1487 468 1538 contra
493 1483 666 1555 passionem
695 1483 894 1547 securitatem,
920 1488 949 1539 et

120 1570 223 1626 anima
237 1569 360 1627 babebit
371 1571 401 1627 in
416 1573 524 1644 pietate
539 1574 708 1645 puritatem.
728 1574 873 1630 Securitas
887 1590 948 1629 car-

1001 413 1090 469 teutia
1118 411 1342 468 immutabiliter
1365 395 1489 484 prasina
1515 406 1692 473 ostenditur,
1726 409 1828 462 conus

999 518 1066 559 eam
1079 503 1221 575 deinceps
1234 501 1336 576 pietati
1362 499 1445 556 loeus
1466 513 1529 553 non
1550 497 1686 553 debetur.
1704 495 1781 562 Quia
1806 495 1828 550 si

999 592 1072 666 quid
1086 608 1141 648 nos
1156 592 1214 648 illic
1224 608 1261 648 ex
1271 589 1481 664 compassione
1491 587 1627 656 tetigerit,
1643 584 1691 642 vel
1706 600 1743 641 ex
1759 585 1828 641 sitio

999 688 1028 738 et
1041 683 1158 739 aflectui
1172 683 1358 752 dominante,
1375 680 1420 736 uel
1431 695 1467 735 ex
1488 677 1659 734 infirmitate
1683 675 1829 749 corrupti·

999 769 1066 825 bilis
1080 773 1192 827 naturas
1205 771 1338 844 passioni
1349 769 1484 826 resistere
1498 782 1560 823 non
1571 765 1700 821 salente.
1714 763 1829 837 Triplex

1000 861 1079 916 enim
1093 861 1312 934 compassionis
1334 859 1443 916 modus
1466 861 1520 913 ost.
1547 859 1595 912 Est
1614 855 1727 928 quippe
1751 870 1830 909 com·

999 949 1111 1022 passio,
1126 949 1183 1005 alia
1198 964 1234 1005 ex
1247 949 1329 1019 vitio,
1346 947 1404 1004 alia
1418 963 1453 1002 es
1468 949 1587 1014 natura,
1599 944 1657 999 alia
1667 943 1828 999 extirtute.

1001 1040 1177 1112 Conspassio
1190 1056 1227 1096 ex
1240 1040 1310 1095 vitio
1325 1047 1369 1096 est
1381 1036 1504 1111 quando
1521 1035 1645 1091 ail'ectus
1659 1033 1719 1090 illio
1734 1049 1830 1106 repre-

1001 1128 1141 1186 hensibili
1156 1129 1259 1185 dolore
1273 1127 1412 1197 ungitur,
1431 1126 1481 1183 ubi
1503 1123 1601 1181 illicito
1622 1122 1707 1196 prius
1729 1138 1829 1178 amore

1001 1220 1166 1275 tenebatur.
1193 1218 1367 1292 Compassio
1391 1232 1427 1272 ex
1451 1220 1558 1271 natura
1583 1217 1627 1268 cst
1649 1211 1775 1285 quando
1796 1228 1830 1266 es

1001 1309 1089 1365 insito
1104 1309 1158 1365 sibi
1173 1308 1289 1381 pietatis
1307 1308 1415 1363 ali'eotu
1435 1305 1556 1371 animus
1571 1302 1675 1358 alienis
1690 1301 1830 1357 aerumnis

1002 1399 1149 1463 condolet,
1174 1398 1289 1470 quotics
1310 1401 1412 1452 contra
1428 1386 1614 1468 pietatis'vel
1639 1391 1831 1448 humanitatis

1002 1505 1174 1545 mensuram
1206 1492 1347 1542 naturam
1377 1484 1506 1557 opprimi
1532 1482 1592 1538 sive
1625 1479 1719 1549 affligi
1741 1479 1830 1536 sidet.

1003 1576 1177 1648 ljonipassio
1193 1592 1230 1630 ex
1250 1575 1358 1631 virtuto
1382 1579 1425 1629 est
1445 1571 1568 1646 quando
1592 1573 1716 1644 propter
1739 1571 1830 1624 Deum

119 1659 167 1715 nis
178 1658 233 1714 erit
246 1675 282 1714 ex
304 1659 552 1733 impassibib'tate,
575 1664 689 1734 puritas
711 1663 819 1719 mentis
842 1680 878 1719 ex
902 1681 949 1718 ve·
966 1686 985 1740 p
1003 1665 1107 1723 alienis
1122 1664 1276 1720 doloribus
1290 1662 1499 1735 compatimur,
1511 1656 1760 1717 cumscilicetvel
1771 1656 1832 1727 jus·

119 1748 214 1805 ritate.
231 1749 443 1823 intelligoque
458 1752 535 1808 dice.
553 1753 616 1809 Pati
632 1758 660 1808 ot
683 1754 814 1825 compati
837 1757 949 1808 ulrum·
1003 1756 1098 1813 titiam
1126 1753 1222 1827 premi
1256 1753 1301 1809 vel
1329 1752 1531 1808 innocentiam
1563 1748 1655 1818 affligi
1684 1746 1830 1803 ridemus.

120 1852 180 1911 que
191 1852 283 1910 poena
297 1843 350 1894 est.
364 1839 425 1895 Pati
447 1840 551 1896 datum
567 1845 611 1896 est
626 1840 740 1897 homini
765 1856 819 1913 pro
843 1841 950 1913 iniqui·
1004 1842 1179 1916 compassio
1194 1859 1230 1898 ex
1244 1841 1326 1911 vitio,
1350 1840 1506 1914 culpabilis
1528 1838 1594 1895 esti
1610 1834 1782 1909 compassio
1797 1851 1832 1890 es

121 1928 457 2000 iate;compatiautem
473 1934 656 2002 preceptum
673 1936 716 1986 est
731 1947 785 2003 pro
806 1931 948 1987 bonitate.
1004 1934 1122 1988 natura.
1149 1924 1431 1999 irreprehensibilis3
1463 1923 1633 1998 compassio
1662 1937 1700 1977 es
1728 1919 1832 1976 virtute

120 2018 236 2073 lustum
251 2021 296 2073 est
304 2016 385 2073 enim
400 2022 429 2072 et
442 2033 565 2090 aequum
578 2034 680 2074 coram
695 2022 765 2088 lieo,
781 2025 813 2075 ut
828 2021 878 2092 qui
895 2035 949 2091 pa-
1004 2016 1173 2085 laudabilis,
1185 2016 1283 2088 prima
1291 2013 1526 2087 reprelienditur,
1533 2012 1617 2070 tertia
1625 2009 1777 2067 laudatur.
1789 2010 1833 2065 Se-

121 2104 191 2162 titur
205 2105 415 2178 compatiatur,
432 2111 464 2162 ut
487 2108 731 2181 perpessionem
751 2108 885 2164 deleatur
900 2108 952 2164 iui-
1006 2107 1105 2163 cunda
1125 2111 1225 2162 autem
1245 2121 1300 2160 nec
1316 2105 1435 2177 culpam
1460 2103 1560 2173 lebet,
1580 2101 1652 2174 quia
1668 2117 1707 2156 ex
1726 2102 1833 2156 natura

121 2195 231 2269 quites,
263 2210 317 2268 per
345 2198 587 2269 compassionem
626 2204 798 2254 exerceatur
821 2199 949 2255 bonitas.
1006 2204 1065 2265 est;
1082 2193 1716 2269 necpraemium,quiacssirtutenonest.
1733 2195 1768 2247 ln
1779 2190 1833 2245 bae

121 2286 182 2340 Hoc
196 2283 345 2357 siquidem
358 2285 397 2340 ad
412 2285 577 2343 bonitatem
592 2287 792 2358 pertinetvitas
806 2287 951 2359 mortalis,
1006 2303 1077 2357 ergo
1092 2287 1152 2342 vita
1167 2285 1302 2359 quandiu
1324 2301 1394 2340 caro
1408 2282 1542 2339 mortalis
1561 2281 1628 2337 ledi
1650 2284 1750 2354 potest
1771 2295 1836 2353 pas

121 2377 155 2430 ut
168 2389 199 2430 se
211 2373 242 2430 in
255 2374 320 2430 aliis
335 2376 498 2432 conditioni
513 2393 574 2432 suas
583 2377 801 2445 accommodet,
811 2378 950 2433 etalieuae
1007 2378 1101 2444 sione,
1118 2376 1221 2432 tandiu
1237 2375 1326 2430 etiam
1340 2374 1459 2429 animus
1475 2372 1625 2428 mutabilis
1640 2370 1724 2439 tangi
1739 2372 1836 2444 potest

120 2464 273 2537 passionis
286 2480 339 2539 per
360 2466 602 2538 compassionem
624 2468 774 2540 particeps
796 2466 951 2535 efficiatur,
1006 2465 1225 2539 compassione.
1244 2464 1298 2520 Ubi
1313 2467 1414 2520 autem
1434 2468 1595 2534 utrumque
1616 2460 1763 2516 veraciter
1785 2458 1835 2514 im·

123 2557 155 2609 ut
173 2553 251 2609 sicut
270 2554 302 2609 id
321 2555 401 2627 quod
415 2556 537 2629 'patitur
560 2557 744 2612 necessitatis
771 2563 823 2626 est,
851 2556 892 2612 ita
920 2556 952 2612 id
1006 2554 1147 2630 passibile
1162 2554 1225 2623 erit,
1242 2558 1311 2610 tunc
1336 2553 1468 2624 prolecto
1493 2567 1590 2623 neque
1615 2549 1720 2623 passio
1743 2547 1834 2615 carni,

123 2641 206 2714 quod
231 2643 412 2716 compatitur
435 2660 512 2718 opus
538 2645 575 2701 sit
598 2645 747 2702 bonitatis.
775 2645 829 2702 Ubi
851 2648 951 2701 aulem
1007 2658 1104 2716 nequo
1117 2641 1287 2715 compassio
1302 2641 1395 2697 menti
1419 2640 1480 2696 ulla
1494 2640 1590 2695 inesse
1610 2637 1728 2711 poterit.
1754 2639 1836 2693 Nune

122 2730 184 2803 pati
197 2747 259 2787 non
276 2732 338 2798 erit,
356 2734 486 2806 coropali
505 2750 567 2790 non
580 2734 642 2791 erit.
669 2739 731 2791 Non
756 2739 857 2791 tamen
880 2736 953 2807 quia
1006 2750 1078 2805 ergo
1102 2731 1298 2788 mutabilitate
1311 2747 1367 2786 sua
1393 2730 1641 2802 benoutrumque
1655 2727 1757 2793 utitur,
1772 2726 1799 2782 si
1811 2729 1838 2781 et

123 2819 284 2877 erudelitas
298 2821 352 2878 erit
364 2822 396 2878 iu
410 2838 502 2895 poeua
516 2824 623 2890 aliena,
640 2824 693 2880 sed
707 2824 780 2896 quia
804 2823 952 2880 cruciatus
1007 2840 1077 2880 caro
1090 2823 1121 2879 in
1132 2822 1275 2897 passione
1286 2821 1460 2895 patientiam
1474 2835 1535 2875 non
1542 2817 1660 2885 deserit,
1673 2821 1704 2874 et
1717 2815 1837 2873 animus

123 2924 185 2965 non
199 2908 286 2966 inerit
299 2926 336 2966 ex
353 2911 451 2968 aliena
466 2912 595 2969 miseria.
614 2913 663 2968 llic
684 2913 816 2986 compati
840 2912 952 2968 virtutis
1006 2916 1038 2971 in
1053 2913 1261 2986 compassione
1272 2910 1393 2983 justitiae
1417 2925 1589 2967 mensuram
1603 2924 1665 2964 non
1687 2911 1839 2963 transcen·

123 3002 186 3063 est;
201 2998 259 3055 illic
274 3015 335 3056 non
350 3004 491 3074 compati,
514 3002 669 3058 felicitatis.
699 3004 748 3058 llic
773 3002 952 3075 compateris
968 3037 988 3092 C
1007 3005 1060 3060 dit.
1072 3005 1100 3060 Si
1112 3003 1202 3073 igitur
1212 3006 1332 3074 tempus
1344 2999 1561 3072 compassionis
1569 2995 1838 3072 quaeris,qnandiu

122 3087 283 3157 voluntate,
322 3092 450 3147 moveris
483 3093 602 3165 pietate,
635 3091 777 3148 condoles
808 3093 951 3148 bonitate.
1006 3094 1069 3169 pati
1078 3109 1241 3167 possumus
1253 3092 1383 3164 coiiipati
1394 3091 1551 3146 debemus.
1565 3088 1593 3145 Si
1602 3088 1703 3144 locum
1714 3085 1836 3160 quaeris,

124 3175 174 3232 llic
187 3193 249 3233 non
264 3181 443 3253 compateris
462 3180 608 3250 felicitate,
629 3197 691 3237 non
718 3180 848 3236 moveris
872 3185 954 3236 esler-
1009 3184 1067 3239 ibic
1082 3180 1301 3255 compassionis
1318 3179 1440 3236 miseria
1453 3177 1633 3234 exihibenda
1647 3179 1703 3246 esi,
1724 3175 1776 3232 ubi
1788 3173 1838 3231 ad-

118 3266 225 3333 'nitata
253 3284 316 3326 non
339 3270 481 3326 condoles
507 3269 755 3342 impassibilitate.
785 3270 830 3326 Sic
851 3271 953 3343 itaquo
1007 3274 1066 3328 huc
1082 3270 1232 3343 passionis
1249 3268 1452 3325 misoricordia
1464 3267 1654 3340 desperanda
1668 3280 1731 3320 non
1749 3267 1803 3321 est.

123 3355 256 3428 compati
281 3373 347 3414 esse
371 3374 432 3414 uon
452 3361 557 3430 potest,
588 3358 644 3413 nisi
670 3356 728 3413 illic
757 3363 873 3414 tantum
902 3357 953 3415 ubi
1045 3360 1149 3425 David,
1163 3357 1410 3430 agrotanteliiio,
1430 3356 1582 3428 lacrymas
1597 3353 1695 3422 iudit;
1720 3357 1839 3409 mortuo

123 3445 186 3517 pati
198 3462 264 3503 esse
278 3452 387 3520 potest,
403 3446 547 3520 quoniam
563 3451 590 3503 et
604 3447 705 3520 ipsum
727 3448 868 3519 compati,
891 3448 954 3521 pati
1009 3449 1116 3506 taciem
1128 3447 1198 3504 lavit
1210 3449 1254 3519 (ll
1269 3449 1339 3517 lieo.
1353 3447 1414 3517 xri),
1434 3451 1467 3502 ut
1480 3444 1648 3502 ostenderet
1670 3443 1755 3517 quod
1780 3447 1840 3499 tan·

124 3538 177 3592 est.
195 3537 272 3594 Sane
286 3539 338 3611 qui
352 3536 410 3594 illie
431 3537 493 3612 pati
514 3553 576 3593 non
602 3541 716 3593 exurant
738 3537 868 3611 compati
892 3553 954 3593 non
1008 3539 1061 3594 diu
1080 3536 1298 3610 compassionis
1323 3535 1443 3591 miseria
1466 3533 1615 3608 portanda
1636 3537 1680 3589 est
1703 3532 1840 3604 quandiu

123 3621 297 3698 deponunt;
318 3627 390 3700 quia
415 3627 492 3683 sicut
514 3642 569 3700 pro
595 3642 651 3683 sua
674 3626 828 3700 iniquitate
853 3642 954 3682 corru-
1009 3627 1160 3701 passionis
1184 3625 1389 3682 misericordia
1412 3623 1602 3697 desperanda
1624 3638 1688 3678 non
1713 3627 1766 3678 est.
1792 3624 1840 3676 Est

123 3713 264 3785 ptibiliter
281 3716 445 3789 patiuntur,
460 3716 501 3773 ita
515 3733 570 3789 pro
593 3717 690 3774 aliena
715 3716 882 3772 infelicitate
908 3732 953 3772 se·
1008 3723 1111 3773 tamen
1125 3714 1250 3788 quidam
1263 3713 1482 3786 compassionis
1496 3712 1619 3768 allectus
1635 3711 1689 3782 qni
1700 3715 1839 3766 naturam

124 3801 258 3860 eundum
283 3804 347 3861 vitas
370 3804 503 3862 mortalis
528 3806 669 3863 aileotum
695 3806 852 3862 carnaliter
874 3822 955 3861 eom·
990 3808 1098 3862 'etiam
1122 3805 1270 3879 perditam
1293 3803 1483 3860 miseratione
1510 3801 1712 3876 prosequitur,
1734 3814 1840 3855 secun-

123 3891 286 3963 patiuntur.
309 3895 383 3950 ilino
407 3899 451 3950 est
470 3895 650 3967 qnoddivcs
673 3895 720 3951 ille
745 3895 775 3950 in
799 3894 954 3950 tormentis
1008 3897 1083 3952 dum
1111 3912 1203 3968 quom
1227 3895 1257 3950 in
1280 3893 1373 3949 nostri
1398 3892 1514 3963 generis
1544 3889 1736 3947 similitudine
1767 3889 1842 3944 sicut

123 3980 308 4055 posituspro
322 3982 463 4039 iratribus
477 3983 659 4052 sollicitatur,
681 3982 751 4038 utei
776 3983 815 4038 ad
826 3983 953 4038 miseria
1009 3986 1106 4058 culpae
1121 4001 1183 4041 non
1212 3984 1395 4054 corrigenda
1409 3983 1567 4038 irascimur
1580 3982 1620 4038 ita
1640 3985 1754 4035 nature
1779 3993 1842 4034 non

124 4071 280 4128 cumulum
313 4072 476 4140 accederet,
506 4071 588 4144 quod
617 4088 686 4127 cnm
714 4073 745 4127 in
771 4087 827 4127 sua
861 4086 952 4143 prono
1009 4074 1234 4145 exsangucndoe
1250 4074 1440 4129 miseremur.
1460 4076 1544 4129 Nunc
1559 4075 1656 4128 autem
1671 4067 1732 4123 vita
1757 4083 1842 4123 mor-

124 4159 213 4218 etiam
229 4160 326 4217 aliena
354 4160 475 4217 miseria
497 4160 651 4217 cruciaret.
676 4160 828 4216 abrabam
853 4164 954 4216 autem
1010 4165 1077 4221 talis
1092 4170 1120 4220 et
1133 4162 1323 4220 mutabilitati
1339 4162 1469 4228 subdita,
1489 4161 1608 4217 interim
1623 4161 1776 4232 proparte
1790 4157 1843 4212 mi-

123 4249 391 4308 stiamoruciatum
404 4250 484 4317 vidit,
501 4250 720 4306 ettamensive
736 4249 954 4322 compassionis
1011 4255 1093 4309 seriae
1120 4253 1264 4320 sustinet3
1299 4253 1351 4308 sed
1380 4256 1485 4325 postea
1518 4250 1557 4307 ad
1585 4248 1841 4320 incorruptionem

124 4336 228 4396 dolore
255 4339 287 4396 in
311 4340 485 4397 certitudine
512 4339 655 4396 felicitatis
681 4338 842 4412 persistens
870 4340 952 4403 (Luc.
1010 4344 1153 4401 translata
1168 4343 1307 4415 deponet,
1324 4347 1406 4399 punc
1421 4341 1541 4397 infirma
1555 4340 1586 4396 jn
1596 4343 1723 4411 ueroque
1734 4341 1762 4392 01
1773 4354 1841 4410 pas.

109 4429 195 4498 ω),
210 4443 280 4483 eum
296 4445 349 4500 per
360 4429 504 4498 iustitiam
519 4428 626 4501 repulit
640 4429 743 4483 dicens
760 4446 766 4484 :
782 4430 853 4495 Fili,
878 4445 954 4485 rere·
1009 4432 1093 4487 sione
1107 4429 1242 4487 videlicet
1255 4430 1286 4486 in
1301 4447 1400 4500 carne,
1417 4434 1444 4485 et
1459 4428 1669 4502 compassione
1685 4427 1715 4482 iu
1729 4431 1838 4493 mente,

119 4515 195 4583 pisti
210 4514 287 4570 bona
301 4517 333 4570 in
360 4518 421 4571 vito
442 4523 505 4585 tua,
524 4522 551 4572 et
575 4518 709 4572 Lazarus
722 4519 859 4574 steriliter
870 4520 953 4574 malo
1009 4527 1081 4578 tunc
1095 4520 1125 4575 in
1141 4524 1267 4592 utroque
1283 4520 1448 4590 sanabitur,
1468 4523 1499 4574 ut
1513 4535 1566 4592 per
1584 4515 1839 4572 immortalitatem

124 4602 219 4674 (ibid.)
246 4602 319 4658 Hinc
334 4609 377 4660 est
391 4605 481 4660 etium
496 4605 578 4678 quod
602 4607 759 4664 Psalmista
785 4607 952 4681 praevidens
1009 4609 1108 4666 earnis
1124 4615 1226 4666 eontra
1241 4609 1423 4682 passionem,
1441 4613 1469 4665 et
1490 4624 1544 4682 per
1566 4605 1839 4663 immutabilitatem

123 4693 384 4765 quemadmodum
403 4696 434 4750 in
455 4695 505 4751 illo
530 4697 699 4754 eternitatis
727 4700 838 4770 pasidio
860 4700 952 4756 corda
1010 4699 1118 4755 inentis
1141 4702 1244 4755 contra
1265 4699 1508 4770 compassionem
1528 4696 1732 4753 continuetur.
1762 4695 1839 4752 Sicut

122 4782 272 4853 justorum
285 4784 392 4842 divinae
403 4785 523 4858 justitiae
539 4802 592 4859 per
605 4788 735 4845 veritatis
746 4806 881 4846 amorem
896 4789 952 4845 im·
1008 4789 1090 4846 enim
1101 4787 1246 4857 agritudo
1262 4787 1360 4843 carnis
1376 4792 1420 4844 cst
1432 4787 1503 4860 pati,
1518 4786 1557 4842 ita
1570 4783 1718 4854 aegritudo
1732 4782 1838 4839 mentis

124 4871 306 4929 mutabiliter
315 4875 499 4946 intrarentin,
515 4892 577 4932 non
593 4877 673 4934 aliud
689 4884 828 4952 appetere
842 4879 886 4934 vel
901 4893 952 4951 ap·
1007 4882 1053 4933 est
1067 4877 1207 4948 compati.
1226 4879 1383 4948 Propterea
1399 4879 1475 4932 [teus
1490 4876 1592 4943 bomo,
1608 4873 1661 4945 qui
1677 4876 1839 4945 utrumque

124 4961 253 5035 probare
267 4968 438 5037 potuerunt,
463 4966 520 5022 nisi
538 4968 596 5023 hoc
621 4969 718 5024 solum
743 4970 825 5042 quod
850 4984 952 5024 seeun-
1008 4966 1109 5022 tollore
1123 4966 1203 5021 scirit
1218 4977 1377 5038 utrumque
1394 4965 1537 5021 toleravit.
1565 4961 1703 5035 Suscepit
1725 4960 1837 5036 passio

124 5051 199 5108 dum
213 5051 295 5109 illam
309 5069 373 5109 esse
400 5062 585 5125 cognoscimt
604 5057 667 5114 ait:
698 5059 828 5114 lutroilro
849 5061 879 5112 in
902 5074 953 5127 po·
1008 5072 1078 5111 nem
1094 5056 1123 5110 in
1137 5069 1246 5118 earue;
1263 5055 1393 5128 suscepit
1414 5053 1658 5128 compassionem
1681 5051 1713 5107 in
1728 5054 1835 5107 mente.

65 5160 68 5165 ·
124 5141 248 5199 tentiam
261 5144 533 5215 Domiat;Domme
552 5147 738 5202 irremorudor
751 5147 952 5217 justitiaetuae
1010 5148 1040 5200 ln
1057 5140 1838 5217 utroqueaegrotareuoluitpropteruos,utinutro

123 5230 217 5302 (Psal.
232 5233 307 5303 aas).
325 5236 357 5287 ln
371 5232 428 5289 bae
443 5238 543 5289 autem
563 5234 622 5289 vita
643 5234 694 5289 ubi
717 5234 853 5304 ejusdem
879 5234 953 5289 disi·
1008 5250 1067 5305 que
1083 5249 1138 5289 uos
1153 5237 1330 5303 agrotaiites
1355 5237 1483 5290 sanaret.
1511 5232 1681 5288 infirmatus
1708 5234 1753 5287 est
1774 5245 1837 5304 pas

122 5335 169 5376 nse
180 5319 300 5392 justitiis
313 5323 489 5379 sententiam
505 5322 633 5395 perfecte
646 5339 701 5378 nec
720 5321 793 5376 scire
812 5336 866 5376 nec
878 5337 953 5393 pue-
1009 5322 1092 5378 sione
1111 5322 1141 5378 in
1157 5338 1248 5395 prena
1264 5339 1339 5389 sua3
1367 5324 1535 5380 infirmatus
1560 5327 1604 5378 est
1629 5321 1837 5396 compassione

123 5409 213 5465 scrire
226 5425 401 5482 possumus,
418 5411 559 5483 quiedam
578 5410 668 5465 etiam
690 5425 758 5481 quse
786 5408 952 5465 secundum
1007 5410 1037 5467 in
1053 5411 1173 5467 miseria
1184 5411 1290 5468 aliena.
1307 5415 1445 5487 ansque
1459 5412 1633 5486 passionem
1644 5410 1796 5480 sustinuit,
1809 5411 1838 5466 ut

123 5495 221 5568 ipsam
231 5497 462 5567 justanonsunt
472 5497 535 5551 sine
546 5495 687 5564 injustitia
698 5494 952 5567 rellepossumus;
1008 5516 1063 5573 pro
1097 5500 1248 5557 moritmis
1274 5507 1449 5570 moreretur,
1489 5517 1622 5575 eousque
1655 5500 1837 5574 compassio

123 5583 196 5655 quia
205 5584 366 5642 hecsolum
378 5586 478 5641 adnos
488 5583 614 5657 pertinet
622 5583 712 5639 utubi
720 5583 871 5640 nescimus
880 5586 954 5658 quid
1008 5604 1079 5644 nem
1111 5589 1251 5660 suscepit,
1287 5595 1320 5647 ut
1351 5608 1406 5664 pro
1436 5591 1574 5665 perituris
1611 5590 1837 5662 lacrymaretur.

123 5668 224 5747 patim
234 5672 295 5731 beo
303 5673 432 5746 placeat,
445 5673 503 5731 hoc
513 5670 703 5745 potissimum
712 5671 859 5746 abgamu
870 5675 954 5748 quod
1008 5675 1292 5749 Proptermiseriam
1303 5694 1426 5738 carnem
1438 5695 1526 5738 suam
1538 5678 1661 5737 tradidit
1671 5678 1713 5737 ad
1722 5677 1838 5752 passio·
