3742 6082
74 233 130 292 &B
173 275 179 283 .
322 160 324 164 λ
385 222 562 285 busonis
580 220 635 278 DE
652 219 682 275 S.
704 205 979 273 111101111οΡ1.
1001 203 1103 261 PARS
1121 204 1163 263 11.
1181 234 1217 248 -
1234 204 1479 262 DOGMATIGA.
1731 201 1786 258 804

74 302 310 414 fundamentum
325 356 354 408 et
367 354 470 424 portat
491 343 693 419 superposita,
714 344 743 394 et
765 332 893 408 aptiori
908 330 934 384 Α
948 328 1100 394 invenias,
1114 328 1147 381 in
1159 327 1272 399 quibus
1288 329 1387 398 magis
1401 327 1536 383 turberis
1551 342 1644 397 quam
1658 326 1785 382 aediiice·

73 436 275 500 fundamento
303 442 452 512 portatur.
495 434 597 491 Primo
624 428 825 485 fundamento
850 424 897 477 in·
955 417 1008 472 ris.
1024 416 1095 472 Noli
1117 416 1253 485 instare;
1270 417 1313 471 sic
1334 431 1493 487 nunquam
1510 415 1548 469 ad
1562 415 1654 469 linem
1669 415 1783 470 venies.

75 532 175 589 sidem
217 530 320 587 omnia
371 526 423 581 sed
464 538 525 578 nou
567 519 650 575 omni
688 515 778 571 modo
809 527 899 583 coap·
956 505 1046 560 Disce
1058 505 1145 576 prius
1159 505 1292 560 breviter
1306 509 1337 559 et
1356 503 1497 571 dilucide,
1520 502 1595 574 quid
1618 503 1785 558 tenendum

74 622 190 676 tantur,
216 616 296 672 Huic
322 570 466 668 ’insident
494 613 523 664 11
561 608 743 677 coaptantur
769 600 898 671 reliqua.
958 591 1307 661 11111111111111111;
1326 591 1399 664 quid
1417 605 1490 645 sane
1505 592 1641 662 profiteri
1655 593 1784 645 111111-

75 707 213 762 Primum
227 702 374 758 fabricam
389 699 501 770 portat,
512 698 543 750 11
557 696 604 749 111
620 692 679 748 sub
690 689 817 745 fabrica.
833 687 901 742 Hoc
957 681 1031 735 citer
1046 679 1165 735 credere
1180 680 1300 735 debeat·

75 789 177 866 portat
190 788 349 855 fabricam,
361 789 389 841 et
402 787 520 840 nonest
532 782 632 837 solum
644 779 701 835 sub
715 776 832 832 fabrica
847 773 902 830 sed
992 768 1070 823 Cum
1096 772 1199 823 autem
1222 775 1329 841 postea
1356 770 1455 841 legere
1482 768 1606 839 coeperis
1631 767 1738 834 libros,
1756 773 1785 822 11

75 883 108 936 11
120 879 245 936 fabrica.
260 872 347 941 Quod
362 875 420 930 sub
439 878 520 928 terra
541 874 587 926 est
611 867 846 924 tundamentum
865 863 900 917 fi·
957 856 1056 912 multa
1070 856 1207 926 obscure,
1228 861 1258 913 et
1272 859 1371 913 multa
1386 861 1499 930 aperte,
1524 856 1622 911 multa
1641 855 1785 925 ambigue

77 979 186 1039 gumfo
197 964 333 1020 diximus
347 961 518 1028 historiam,
545 957 693 1014 fabricam
712 969 782 1025 quse
808 966 898 1022 supe·
958 945 1072 1016 scripta
1094 945 1259 1011 inveneris,
1274 946 1406 1017 adjunge
1421 945 1489 1000 basi
1504 960 1566 999 sure
1589 959 1658 1015 quae
1679 946 1785 1014 aperta

76 1053 261 1110 raedificatur
284 1050 459 1120 allegoriam
478 1048 645 1102 insinuare.
667 1042 755 1098 Unde
778 1044 808 1095 et
832 1040 903 1111 ipsa
958 1032 1088 1097 invenis,
1105 1032 1131 1086 si
1146 1033 1223 1088 torte
1239 1034 1423 1088 conveniant
1434 1049 1442 1102 ;
1458 1048 1527 1105 quae
1551 1032 1698 1102 ambigua
1712 1032 1785 1086 suut

76 1142 161 1198 basis
175 1139 300 1196 fabrica,
325 1138 418 1209 hujus
433 1135 472 1190 ,d
486 1134 661 1203 allegoriam
683 1130 833 1202 pertinere
849 1128 900 1182 (10.
957 1120 1002 1174 ita
1015 1120 1214 1191 interpretare
1230 1125 1340 1177 utnon
1354 1121 1610 1192 discordantque
1622 1135 1696 1175 vero
1712 1123 1785 1174 sunt

76 1230 139 1286 bet,
155 1227 263 1283 Multis
286 1225 445 1281 ordinibus
459 1221 618 1291 consurgit
629 1218 756 1283 fabrica,
771 1220 801 1271 et
814 1216 897 1287 quis·
957 1208 1201 1277 obscura,resera
1211 1209 1237 1263 si
1247 1208 1433 1280 potes.Quod
1448 1210 1473 1264 si
1483 1209 1521 1263 ad
1534 1207 1725 1263 intellectum
1740 1223 1784 1262 eo

79 1317 148 1389 quis
159 1330 246 1371 suam
261 1314 360 1370 basim
374 1312 488 1375 habet;
504 1313 535 1365 11
549 1307 647 1363 multa
658 1308 855 1361 sacramenta
866 1304 900 1358 in
958 1312 1026 1351 rum
1039 1300 1199 1367 penetrare
1211 1312 1272 1352 non
1288 1298 1382 1366 vales,
1401 1298 1496 1352 transi
1512 1314 1518 1352 :
1533 1312 1571 1352 ue
1583 1297 1656 1352 dum
1670 1312 1784 1368 praesu·

78 1404 184 1459 dimna
194 1403 308 1474 pagina
323 1401 528 1465 continentur,
545 1411 614 1467 quae
630 1393 753 1464 singula
776 1407 833 1446 sua
847 1391 899 1445 ha·
957 1399 1039 1440 mere
1055 1387 1185 1455 conaris,
1200 1385 1281 1456 quod
1297 1402 1358 1441 non
1375 1387 1501 1453 sufficis,
1518 1385 1689 1458 periculum
1703 1399 1784 1439 erro·

77 1491 152 1547 bent
165 1490 324 1562 principia.
350 1487 403 1542 Vis
424 1486 501 1541 scire
525 1484 578 1555 qui
600 1485 674 1537 sunt
694 1482 815 1536 ordines
829 1478 902 1534 isti?
958 1473 1001 1528 ris
1014 1473 1163 1529 incurras.
1188 1473 1257 1528 NOli
1273 1489 1308 1528 0st
1323 1479 1527 1542 contemnere,
1543 1475 1595 1529 Sed
1620 1475 1725 1546 P⁰ti¹¹⁸
1740 1489 1786 1528 Vl‘

78 1578 200 1634 Primus
214 1576 287 1632 ordo
302 1578 358 1631 est.
379 1575 605 1629 sacramentum
630 1570 802 1636 Trinitatis,
828 1569 902 1639 quia
958 1576 1075 1630 nemra,
1088 1562 1162 1632 quia
1184 1562 1297 1617 audisti
1312 1563 1394 1634 quod
1415 1564 1561 1634 scriptum
1577 1567 1642 1618 esi:
1669 1565 1786 1618 Potuit

78 1671 109 1722 11
122 1666 179 1721 hoc
193 1629 593 1735 senpiura‘continetquod
607 1661 679 1712 ante
691 1671 813 1711 omnem
823 1671 900 1712 crea·
917 1662 943 1718 Β
957 1651 1106 1704 tenebras
1120 1651 1296 1705 latibulum
1310 1666 1409 1705 stium
1430 1653 1530 1722 (Ptat
1547 1650 1636 1719 xvu).
1654 1650 1743 1715 Quod
1758 1652 1784 1706 Si

78 1753 292 1810 turamtrinus
305 1755 336 1805 et
349 1764 430 1805 uuus
451 1748 545 1804 fuerit
558 1747 652 1802 Deus.
677 1746 735 1800 Hic
750 1745 786 1799 de
802 1744 900 1799 nihilo
955 1738 1046 1792 etiam
1060 1737 1178 1809 aliquid
1192 1739 1345 1793 inveneris
1366 1741 1552 1795 contrarium
1574 1738 1629 1807 illi,
1646 1739 1733 1810 quod
1751 1742 1784 1794 tu

78 1856 199 1897 omnem
214 1840 285 1895 iecit
299 1841 480 1906 ereaturam,
494 1835 647 1890 visibilem
662 1833 776 1889 scilicet
784 1836 814 1887 et
826 1833 901 1887 1111-
952 1826 1017 1897 jam
1043 1826 1219 1880 firmissima
1255 1827 1314 1881 fide
1342 1827 1506 1882 tenendum
1524 1843 1589 1882 0⁸⁸0
1622 1826 1781 1882 didicifllit

79 1927 217 1985 ,philem
236 1940 302 1981 ποθ
316 1925 467 1981 secundus
482 1923 565 1979 ofd0,
582 1921 737 1978 Rationqli
752 1924 900 1976 creatura>
955 1928 1017 1968 non
1038 1918 1140 1969 tamen
1156 1913 1353 1985 expedit-tibi
1374 1917 1511 1987 quotidie
1526 1920 1646 1971 mutare
1662 1919 1783 1971 senten·

78 2017 210 2073 liberum
225 2014 308 2070 dedit
320 2012 493 2081 arbitrium,
516 2013 546 2065 et
559 2011 689 2080 gratiam
705 2010 900 2081 praeparavit,
957 2003 1043 2070 tiam,
1058 2002 1119 2056 nisi
1143 2003 1229 2073 prius
1247 2003 1396 2059 doctiores
1411 2011 1441 2059 te
1456 2004 1656 2073 consulueris,
1674 2008 1704 2060 11
1719 2021 1782 2060 ma·

80 2107 115 2160 ut
133 2102 243 2159 mereri
256 2104 360 2173 posset
371 2103 517 2156 aeternam
531 2098 753 2154 beatitudinem
766 2113 774 2165 ;
793 2097 902 2152 deinde
955 2091 1036 2144 xime
1047 2090 1122 2160 quid
1136 2091 1211 2146 fides
1226 2092 1418 2159 universali&
1443 2109 1512 2164 (luae
1528 2108 1688 2165 nunquam
1703 2093 1784 2148 falla

81 2194 190 2263 sponte
208 2188 346 2244 labentes
364 2187 498 2258 punivit,
514 2188 544 2241 et
564 2185 762 2257 persistentes
784 2188 819 2240 ut
838 2200 901 2239 am·
956 2192 1022 2232 esse
1041 2182 1151 2248 potest,
1175 2179 1246 2234 inde
1257 2180 1365 2249 jubeat
1377 2182 1484 2236 sentiri
1498 2182 1669 2252 agnoveris.
1687 2182 1736 2237 Sic
1749 2182 1785 2238 de

79 2277 161 2351 plius
183 2277 248 2332 labi
269 2291 332 2331 non
346 2275 476 2346 possint,
491 2273 693 2328 confirmavit.
719 2273 792 2337 (111
816 2274 901 2343 origo
957 2270 1148 2321 sacramento
1162 2267 1290 2338 altaris,
1306 2269 1349 2323 sic
1365 2269 1401 2324 de
1412 2273 1601 2325 sacramento
1616 2271 1783 2342 baptisma·

80 2363 207 2436 1111111,
222 2366 253 2417 11
267 2361 341 2432 quid
355 2362 396 2415 sit
410 2364 577 2432 peccatum,
604 2365 634 2415 et
658 2360 734 2432 quid
749 2362 789 2415 sit
812 2376 903 2432 poena
957 2356 1007 2425 tis,
1024 2356 1275 2426 confirmationis,
1286 2359 1431 2430 conjugii,
1447 2363 1477 2414 et
1488 2360 1630 2415 omnibus
1645 2376 1714 2432 quse
1727 2362 1784 2416 tibi

81 2450 216 2524 peccati:
232 2463 299 2504 ecce
313 2448 422 2503 tertius
449 2447 532 2502 ordo.
549 2446 622 2512 Quae
636 2452 828 2502 sacramenta
841 2449 901 2519 pri·
956 2449 1134 2499 enumerata
1152 2449 1225 2500 sunt
1240 2462 1343 2518 supra,
1357 2448 1455 2502 fecere
1470 2448 1570 2503 debes.
1593 2449 1685 2504 Vides
1702 2451 1781 2506 mul·

81 2551 168 2592 mum
182 2535 241 2590 sub
253 2534 387 2590 naturali
401 2535 466 2605 lege
476 2534 515 2590 ad
528 2536 750 2606 reparationem
774 2535 903 2591 humani
957 2536 1005 2588 tos
1016 2532 1189 2604 Scripturas
1202 2533 1347 2604 legantes,
1367 2537 1440 2607 quia
1455 2536 1691 2592 fundamentum
1707 2539 1783 2594 veri·

82 2624 201 2696 generis
214 2622 397 2678 instituerit:
413 2637 478 2678 acce
491 2626 621 2695 quartus
634 2623 794 2688 ord0.Quea
809 2625 902 2696 scrip·
956 2621 1031 2675 tutis
1043 2635 1104 2675 non
1121 2620 1245 2688 habent,
1264 2623 1296 2676 in
1310 2638 1426 2678 errores
1438 2625 1540 2679 varios
1553 2625 1627 2692 labi,
1644 2629 1675 2681 et
1691 2629 1782 2684 toties

82 2714 152 2767 tura
166 2710 318 2781 sublege:
344 2725 411 2766 ecce
425 2711 553 2782 quintus
567 2711 649 2766 ordo.
671 2710 902 2767 Sacramentum
956 2709 1019 2763 iere
1031 2710 1152 2764 mutare
1165 2711 1342 2779 sententias,
1367 2715 1442 2782 quot
1469 2711 1598 2782 legerint
1620 2713 1777 2772 lectiones.

80 2799 301 2855 incarnationis
311 2797 402 2854 Verbi
416 2815 423 2853 ε
435 2813 501 2853 ecce
511 2801 617 2854 sextus
630 2799 713 2855 ordo.
731 2799 904 2856 811111111-
958 2797 1093 2852 Rursum
1109 2797 1185 2853 alios
1199 2798 1295 2865 vides,
1310 2799 1364 2870 qui
1384 2800 1551 2855 secundum
1566 2801 1651 2857 ibam
1677 2805 1787 2859 111111-

80 2889 113 2941 ta
126 2887 206 2942 Novi
218 2885 424 2941 Testamenti:
451 2901 517 2941 ecce
532 2887 681 2958 septimus
702 2887 785 2943 ordo.
801 2889 903 2961 ipsius
958 2886 998 2941 tis
1013 2886 1212 2955 agnitionem,
1229 2902 1293 2958 qua
1307 2887 1392 2942 intus
1406 2888 1520 2943 firmati
1545 2892 1618 2944 sunt
1631 2891 1787 2961 quaslibet

80 2973 211 3044 dentque
226 2974 471 3029 resurrectionis:
488 2989 555 3030 ecce
576 2979 703 3031 octavus
719 2976 801 3032 ordo,
827 2978 900 3035 Haes
919 2973 1130 3048 GScripturas
1152 2974 1190 3028 ad
1207 2989 1357 3045 congruas
1371 2976 1640 3048 interpretationes
1667 2978 1787 3035 flectere

80 3065 128 3115 sat
141 3063 206 3115 tota
219 3060 377 3129 divinitas,
392 3061 456 3118 baec
471 3065 517 3117 est
530 3061 583 3117 illa
597 3064 767 3134 spiritualis
775 3065 902 3136 fabrica,
959 3065 1121 3130 noverunt,
1137 3066 1166 3117 et
1181 3062 1256 3134 quid
1269 3080 1287 3117 a
1302 3080 1377 3119 sana
1389 3065 1448 3119 fide
1460 3065 1622 3134 discordet,
1639 3071 1693 3121 aut
1706 3068 1784 3138 quid

81 3162 150 3219 quie
164 3151 240 3219 quot
251 3149 387 3204 continet
406 3153 607 3220 sacramenta,
624 3155 668 3207 111
682 3154 772 3224 quasi
787 3154 902 3210 ordini·
957 3152 1119 3206 conveniat
1125 3151 1271 3222 judicare.
1288 3153 1324 3207 In
1340 3153 1493 3209 Ezechiele
1507 3153 1593 3224 legis,
1610 3155 1693 3226 quod
1707 3160 1783 3212 rota

17 3252 22 3261 ·
81 3232 141 3289 bus
151 3237 326 3291 constructa
339 3235 372 3290 ln
391 3235 488 3291 altum
503 3237 669 3294 extollitur.
686 3240 740 3295 Vis
764 3244 792 3297 et
819 3244 903 3315 ipsas
957 3238 1104 3294 animalia
1118 3244 1299 3312 sequuntur,
1323 3256 1384 3296 non
1406 3243 1551 3298 animalia
1568 3248 1674 3298 rotas:
1702 3245 1782 3300 Cum

81 3321 173 3375 bases
184 3335 356 3391 agnoscere.
372 3322 476 3391 Basea,
498 3325 650 3395 ordinum,
666 3329 815 3400 principis
830 3336 903 3387 sunt
958 3328 1784 3400 ambulareutinquitatibustio,ambulabontpari·

84 3411 353 3466 sacramentorum.
365 3409 440 3465 Ecce
453 3410 492 3465 ad
504 3410 664 3469 lectionem
679 3418 801 3486 venisti,
813 3422 901 3492 spiri.
958 3419 1230 3483 teretrotoejucrto
1242 3421 1335 3472 subt
1345 3433 1419 3473 cum
1435 3422 1645 3474 elevarentur
1654 3422 1784 3475 auima-

84 3495 167 3553 tuais
184 3496 391 3552 fabricaturus
404 3497 575 3554 aediflcium.
591 3501 661 3557 iam
682 3503 818 3562 histor-iffi
833 3509 902 3564 fun.
958 3506 1055 3558 liade
1070 3506 1779 3578 terraelevabanturstrnuletretoetlisecbr).

85 3583 273 3639 damentcin
287 3583 903 3668 111111111111111111111111111111
956 3592 1137 3647 sanctorum
1163 3595 1275 3665 quippe
1298 3598 1414 3650 mentes
1439 3598 1589 3667 quantum
1609 3596 1781 3652 virtutihus

83 3673 207 3729 fabrica
220 3671 311 3728 bases
322 3673 460 3729 fundare.
477 3674 587 3731 Linum
601 3678 711 3750 tendis,
729 3684 816 3753 ponis
831 3700 899 3742 exa.
954 3680 1005 3736 vel
1017 3681 1145 3736 scientia
1163 3682 1336 3753 proliciunt,
1351 3686 1471 3738 tantum
1491 3688 1666 3738 sanctarum
1683 3685 1780 3757 Scrip

82 3760 222 3830 mussim,
235 3759 368 3832 quadros
380 3761 413 3816 11
429 3761 566 3819 ordinem
580 3765 718 3838 collocas,
734 3775 764 3826 et
778 3773 903 3830 circum.
956 3773 1094 3825 turarurn
1119 3785 1231 3826 arcana
1254 3772 1408 3839 profunda
1435 3788 1498 3828 esse
1517 3773 1722 3844 conspiciunt,
1747 3777 1781 3829 ut

80 3861 196 3918 gyrans
217 3847 357 3917 quadam
371 3848 545 3906 futurorum
556 3867 713 3911 murorum
728 3861 901 3931 1111111111-
956 3859 1009 3929 qui
1024 3858 1213 3930 simplicibus
1229 3863 1258 3914 et
1271 3859 1370 3914 adhuc
1384 3860 1538 3915 stantibus
1551 3861 1584 3914 in
1605 3864 1688 3915 terra
1699 3862 1779 3933 jace·

81 3933 138 4003 gis.
153 3933 250 3988 Linea
262 3937 406 4004 protensa
428 3940 518 3992 recta
538 3939 608 3994 fidei
631 3945 744 3998 trames
757 3951 813 4015 est,
827 3948 901 4020 ipsae
955 3961 987 4000 re
996 3947 1190 4017 videbantur,
1206 3949 1313 4003 erectis
1332 3949 1479 4004 sublimes
1502 3953 1679 4021 appareant.
1695 3950 1776 4004 Nam

81 4017 251 4089 spiritualis
265 4019 366 4090 operis
375 4019 464 4076 bases
477 4023 617 4093 quadam
626 4027 696 4084 fidei
709 4040 900 4092 sacramenta
956 4036 1097 4106 sequitur
1109 4052 1115 4062 ·
1128 4038 1322 4106 Quocunque
1337 4039 1405 4091 ibat
1418 4039 1569 4106 spiritus,
1581 4040 1660 4092 illac
1677 4045 1778 4093 eunte

80 4107 163 4174 sunt,
176 4105 290 4176 quihus
310 4106 451 4161 initiaris.
473 4108 569 4165 Debet
589 4113 739 4183 siquidem
765 4122 900 4190 prudens
953 4125 1095 4191 spiritu·
1110 4129 1141 4178 et
1163 4130 1242 4180 rores
1251 4128 1382 4193 pariter
1396 4128 1591 4182 levabantur
1606 4133 1777 4196 sequenter

78 4192 173 4250 lector
184 4208 301 4262 curare,
317 4197 351 4249 ut
366 4199 531 4267 antequam
546 4201 680 4270 spatiosa
688 4204 837 4264 librorum
852 4227 900 4267 vo·
954 4226 1039 4266 curn.
1055 4214 1200 4280 Spiritus
1216 4215 1304 4268 enim
1318 4216 1394 4270 oitae
1418 4221 1492 4269 erat
1509 4218 1545 4269 tu
1562 4217 1642 4270 rotis
1659 4216 1775 4287 (ibid).

77 4279 198 4337 lumina
212 4287 423 4354 prosequatur,
447 4283 490 4339 sic
513 4285 549 4341 de
565 4288 694 4359 singulis
710 4309 778 4365 ques
801 4300 899 4370 magis
913 4326 941 4382 D
954 4302 1046 4360 Vides
1058 4304 1138 4376 quod
1152 4307 1227 4358 rotae
1241 4302 1288 4358 lue
1301 4304 1446 4359 animalia
1470 4308 1650 4377 sequuntur,
1676 4309 1705 4360 et
1730 4321 1773 4361 se·

78 4369 118 4424 ad
131 4370 321 4442 propositum
336 4386 427 4427 suum
445 4375 476 4428 et
492 4376 711 4445 professionem
726 4398 804 4439 verae
826 4386 897 4443 fidei
951 4397 1090 4468 qnuntur
1101 4392 1253 4464 spiritum.
1267 4392 1400 4449 Rursum
1417 4393 1489 4449 alibi
1505 4394 1618 4449 dicitur
1627 4411 1635 4462 3
1649 4396 1776 4450 Littera

76 4456 242 4555 Pertibffllb
260 4457 429 4513 issfllfflssilffl
442 4460 491 4528 ⁸¹2,
507 4466 542 4516 ut
560 4478 750 4539 quaecunque
763 4477 896 4542 postmo·
951 4485 1078 4548 occidit,
1102 4483 1246 4549 Spiritus
1267 4487 1378 4537 autem
1401 4483 1544 4555 vivificat
1561 4485 1687 4553 (licor.
1704 4484 1776 4551 111);

77 4542 151 4597 dum
169 4545 342 4643 invenerit,
360 4547 427 4600 tuto
444 4550 684 4619 superaedificare
704 4561 811 4629 possit.
838 4564 897 4622 Vix
950 4571 1024 4643 quia
1034 4569 1180 4624 nimirum
1190 4569 1456 4641 oportetdivinum
1470 4571 1618 4627 lectorum
1633 4572 1776 4642 spiritua·

77 4628 207 4685 enimin
222 4631 308 4686 tanto
321 4629 470 4688 librorum
484 4635 602 4708 pelago,
624 4643 653 4696 et
676 4647 896 4719 multiplicibus
949 4657 988 4713 lis
1001 4656 1211 4727 intelligentia
1226 4659 1356 4713 veritate
1370 4674 1435 4714 esse
1452 4659 1626 4726 solidatum,
1656 4663 1691 4716 ut
1705 4676 1774 4716 eum

76 4716 296 4818 sententiarum
311 4719 511 4822 anfractibus,
526 4739 595 4795 quar
608 4732 777 4791 etnumero
791 4740 897 4797 111111-
947 4743 1122 4800 litterarum
1133 4746 1242 4816 apices,
1260 4761 1329 4816 quae
1344 4750 1374 4802 et
1384 4762 1533 4818 perversae
1547 4762 1773 4822 nonnunquam

76 4803 205 4859 ourltate
227 4818 365 4903 aurinum
390 4807 517 4907 legentis
544 4815 751 4890 contundunt,
779 4824 896 4897 aliquid
948 4832 1078 4903 intelligi
1089 4837 1229 4904 possunt,
1242 4833 1280 4889 ad
1295 4834 1440 4906 qualibet
1454 4836 1636 4892 diverticula
1650 4854 1713 4894 non
1727 4840 1771 4893 in·

76 4905 172 4946 unum
185 4890 462 4995 colbgereupoterrt
488 4899 541 4969 qui
564 4903 649 4972 prius
669 4914 846 4969 summatim
861 4916 894 4970 in
948 4920 1071 4976 clinent.
1085 4919 1184 4985 Quare
1199 4923 1345 4994 antiquus
1366 4923 1417 4979 ille
1432 4924 1574 4997 populus,
1596 4927 1650 4997 qui
1676 4927 1771 4998 legem

74 4992 270 5078 unoquoque,
282 4983 317 5035 ut
329 4984 374 5034 rte
387 4981 485 5039 dicam
505 5001 623 5059 genere,
639 4993 763 5066 aliquod
778 5004 893 5057 certum
947 5007 1019 5062 vitae
1033 5011 1198 5078 acceperat,
1213 5011 1393 5080 reprobatus
1406 5016 1461 5079 est,
1489 5012 1548 5067 nisi
1571 5015 1645 5085 quia
1661 5016 1705 5071 sic
1731 5031 1772 5070 so

73 5066 257 5137 prrncrpium
271 5064 360 5121 firma
370 5068 428 5126 fide
441 5073 617 5147 subnixum,
635 5080 674 5134 ad
688 5084 771 5152 quod
783 5094 892 5144 cuncta
947 5092 1007 5148 lam
1021 5093 1154 5149 litteram
1169 5096 1353 5153 occidentem
1370 5104 1492 5155 secutus
1507 5103 1563 5170 est,
1578 5105 1613 5156 ut
1629 5103 1770 5174 spiritum

73 5153 328 5216 1111111111,111
343 5160 477 5226 1111111.
493 5160 547 5217 Vis
561 5167 596 5220 ut
610 5164 733 5224 doceam
750 5175 779 5227 te
794 5177 892 5246 quali-
947 5179 1152 5236 vivificantem
1166 5198 1227 5238 non
1242 5183 1390 5241 haberet?
1404 5187 1477 5242 Haec
1491 5203 1563 5243 1111
1578 5205 1640 5245 111
1656 5190 1725 5247 ideo
1738 5194 1772 5246 ut

72 5240 194 5296 tsrfleri
208 5239 338 5342 debeant
355 5241 444 5300 bases
468 5247 560 5303 istie?
573 5251 699 5325 Respice
713 5257 751 5312 ud
775 5275 810 5314 ee
824 5278 892 5333 quse
946 5268 1135 5338 quibuslibet
1160 5271 1199 5326 ad
1220 5272 1409 5329 voluntatem
1433 5291 1521 5330 suam
1548 5277 1771 5350 interpretandi

72 5329 165 5401 paulo
174 5332 245 5385 aute
258 5330 315 5386 ubi
324 5335 509 5410 enumeravi.
524 5336 579 5392 Est
591 5347 815 5401 sacramentum
831 5350 893 5405 Tri·
944 5352 1117 5426 Scripturas
1134 5359 1321 5415 occasionem
1341 5363 1522 5434 praebeam,
1553 5365 1605 5420 sed
1625 5371 1773 5425 1111111-

72 5417 200 5484 nitatis;
215 5415 305 5472 multi
317 5418 380 5487 jam
394 5419 431 5474 de
446 5421 498 5476 illo
509 5421 580 5479 libri
600 5427 672 5482 iacti
688 5435 770 5497 sunt,
787 5436 891 5494 multra
944 5440 1014 5496 dem
1030 5457 1098 5497 eum
1112 5446 1166 5516 qui
1185 5447 1281 5502 solam
1296 5450 1436 5521 sequitur
1460 5451 1606 5523 litteram,
1633 5454 1687 5510 diu
1705 5458 1770 5513 sine

74 5503 152 5557 datae
163 5503 323 5559 sententiae
336 5504 472 5562 difficiles
486 5508 524 5562 ad
535 5510 809 5589 intelligendum,et
822 5539 891 5594 per·
944 5542 1044 5585 errore
1056 5547 1117 5586 non
1129 5548 1217 5603 posse
1233 5535 1378 5591 incedere.

74 5588 890 5670 1111111111111111111111111111111111111111
944 5631 1109 5688 sequemur
1125 5620 1269 5692 litteram,
1290 5639 1329 5679 ne
1358 5631 1498 5684 nostrum
1514 5645 1638 5686 sensum
1653 5633 1768 5692 divinis

74 5676 122 5731 est
134 5672 235 5731 adbuc
252 5690 359 5734 omnes
379 5682 533 5753 prosequi,
551 5699 621 5743 cum
637 5690 735 5747 multa
750 5694 890 5760 1111111111
943 5705 1119 5762 auctoribus
1128 5710 1343 5782 praeferamus,
1359 5717 1389 5769 et
1405 5716 1447 5771 sic
1462 5732 1524 5774 111
1537 5735 1714 5793 sequamur,
1731 5727 1767 5780 ut

1401 5539 1528 5610 Oportet
1546 5557 1618 5613 ergo
1633 5547 1668 5598 ut
1683 5548 1770 5602 etsie
