3742 6082
138 197 207 260 1087
599 190 749 247 ΑΡΕΝΒΙΧ
767 187 814 242 ab
834 181 990 240 Huaortts
1009 181 1125 240 OPERA
1147 187 1357 246 beauapel.

133 322 291 401 portentet
304 318 504 384 murmurant,
524 317 552 370 et
568 313 640 369 tales
652 311 706 386 qui
720 311 751 367 in
765 307 876 366 saeculo
891 322 963 379 pau·
979 304 1001 357 Α
1016 313 1042 361 et
1059 311 1255 377 ecrzqatiaatc
1271 316 1312 367 est
1328 312 1428 368 antarta
1450 315 1513 382 eJ'us
1528 329 1595 370 cam
1610 329 1657 384 ea,
1676 316 1723 372 τη·

132 414 264 490 periuras
287 409 422 466 vixerant
447 420 540 478 quam
553 418 634 459 nunc
648 401 761 469 vivant,
787 404 816 456 et
836 412 916 453 nunc
927 394 958 450 in
1017 395 1171 454 blanditiis
1186 398 1322 457 delinivit
1336 402 1530 473 (Genusum).
1548 403 1625 460 Audi
1640 395 1723 460 beata

132 498 314 560 monasterio
338 497 477 569 quaeruut
500 509 569 567 quaa
584 490 723 548 nectaris
737 488 959 560 haberepotue·
1015 486 1148 556 goriam:
1166 511 1179 537 «
1196 489 1279 559 Dine,
1295 489 1401 563 inquit,
1425 495 1456 548 ut
1478 491 1617 549 mulieres
1636 494 1723 551 videa

131 595 211 649 runt.
229 589 284 656 Sic,
301 602 369 643 cum
384 582 478 640 David
491 582 530 639 ad
544 580 740 638 debellandos
750 576 961 653 profisceretur
1014 575 1061 631 nis
1074 575 1178 633 abenas
1201 578 1361 649 egreditur,
1385 580 1508 652 quando
1524 581 1723 658 undaquaequ

132 674 342 741 amalechitas,
364 672 489 746 quidam
509 670 657 741 abierunt,
676 668 802 743 quidam
811 680 962 724 remanse—
1016 681 1071 721 sua
1087 667 1185 722 studia
1198 667 1363 741 negligens,
1380 669 1493 725 alienas
1512 671 1644 727 actiones
1661 688 1723 729 cur«¹

132 772 202 826 runt
217 765 255 821 ud
280 763 412 820 sarcinas
428 762 456 834 (l
467 763 537 833 Bag.
561 759 641 832 xxx).
665 759 710 816 ad
723 756 856 815 sarcinas
870 753 962 811 vestis
1017 756 1060 810 tra
1084 755 1220 812 habitum
1244 762 1334 829 atquo
1359 757 1497 815 ordinem
1522 759 1681 832 proprium
1708 778 1723 818 a

134 862 163 914 et
177 854 235 913 cibi
248 851 522 911 remanentlnertes
537 854 565 906 et
574 848 696 920 infirmi,
712 847 750 904 ad
763 845 877 903 bellum
890 859 962 900 vero
1017 845 1113 909 eram
1128 845 1244 902 Siclaem
1270 846 1411 920 princeps
1440 851 1524 904 terrae
1539 849 1695 922 opprimit,
1715 867 1723 907 a

134 941 263 1018 expediti
274 945 302 998 et
315 941 405 997 fortes
420 938 461 994 ire
482 954 543 994 non
555 937 668 994 timent.
682 935 735 1003 Qui
750 934 842 1005 igitur
854 937 961 1003 vestes,
1017 939 1136 990 ventam
1149 934 1179 989 in
1202 935 1280 991 curis
1292 935 1486 992 exterioribus
1508 937 1649 995 diabolus
1670 956 1723 997 cor

135 1034 219 1090 cibos
234 1035 263 1088 et
287 1029 418 1103 quietem
440 1027 538 1084 caruis
553 1025 682 1097 diligunt
703 1025 743 1082 ad
767 1021 963 1081 debellandos
1019 1025 1051 1079 at
1063 1022 1266 1093 conglutinata
1282 1028 1325 1081 est
1348 1024 1451 1082 anima
1464 1026 1530 1098 ejus
1550 1043 1619 1084 curn
1636 1044 1684 1101 ea,
1699 1046 1723 1104 q

134 1118 345 1186 amalechitas,
360 1116 454 1184 idest,
466 1116 506 1172 ad
520 1110 964 1173 destruendascarnisdelecta-
1017 1114 1080 1167 tam
1093 1110 1149 1168 sibi
1163 1128 1217 1185 per
1231 1110 1418 1186 iniquitatem
1443 1114 1556 1187 recipit.
1575 1117 1660 1174 »Sed
1679 1135 1723 1191 qu

134 1210 229 1268 tiones
256 1223 318 1264 non
346 1206 523 1279 procedunt.
553 1207 613 1260 lloc
646 1203 728 1260 enim
755 1201 964 1275 interpretatur
1018 1201 1397 1277 monsaculparecipiscit
1417 1209 1507 1277 atque
1526 1206 1723 1263 admissumt

134 1287 963 1366 Amalech,populuslambens.SiofiliiGad,etfiliillu-
1018 1295 1115 1357 natur,
1146 1296 1302 1365 corruptor
1336 1296 1365 1349 et
1394 1310 1489 1366 spem,
1515 1299 1544 1350 et
1564 1296 1723 1354 securitate

134 1386 204 1457 ben,
220 1389 249 1441 et
268 1383 394 1440 dimidia
410 1382 504 1438 tribus
528 1385 662 1438 ltanasse
685 1381 815 1438 renuunt
838 1376 963 1434 transire
1018 1381 1122 1438 oculos
1142 1387 1272 1450 revocat,
1294 1389 1444 1456 quatenus
1459 1385 1614 1442 utilitatem
1641 1387 1723 1444 tristi¹

134 1474 307 1542 lordanem,
334 1475 363 1528 et
376 1471 416 1527 ad
430 1470 510 1528 bella
534 1487 604 1526 cum
630 1469 770 1527 tratribus
785 1465 962 1540 procedere;
1019 1471 1124 1528 trahat
1141 1474 1225 1528 flecte
1239 1471 1297 1528 illic
1319 1473 1457 1532 subditur
1464 1493 1471 1543 3
1487 1475 1672 1549 maremque
1699 1477 1723 1533 ι),

61 1586 64 1590 ’
122 1563 188 1637 ¹sed
203 1563 300 1632 magis
316 1563 419 1616 amant
444 1565 553 1615 terram
574 1560 659 1615 Jazer
673 1561 777 1631 aptam
799 1552 965 1612 nutriendis
1018 1559 1160 1616 delinivit,
1177 1561 1262 1619 Modo
1277 1563 1357 1620 enim
1371 1562 1588 1621 aliorumfacta
1602 1566 1723 1636 gravior

136 1651 316 1707 animalibus
331 1648 464 1704 obtinere
475 1649 572 1717 [Num.
589 1647 670 1719 xxx).
692 1645 748 1713 Qui
762 1649 872 1702 terram
884 1646 965 1699 iazer
980 1656 1000 1709 13
1018 1644 1059 1702 nit
1075 1662 1141 1701 esse
1166 1645 1250 1719 quod
1263 1652 1467 1720 perpetratum
1488 1653 1541 1718 est,
1564 1649 1659 1707 modo
1684 1652 1723 1708 ml

135 1737 316 1795 animalibus
329 1739 478 1810 quaerunt,
489 1735 518 1792 hi
536 1735 664 1808 suntqui
678 1738 778 1791 motus
791 1732 884 1791 animi
894 1732 958 1788 irra·
1019 1732 1084 1788 (lias
1098 1733 1215 1789 llomini
1225 1732 1366 1807 loquitur,
1390 1736 1482 1791 modo
1498 1737 1597 1793 adhuc
1612 1743 1723 1812 tempus

135 1825 292 1884 tionabiles
306 1824 338 1881 in
352 1823 506 1880 desideriis
523 1825 621 1881 carnis
635 1828 772 1897 pascunt.
789 1822 892 1879 Nullus
907 1821 964 1877 cle·
1019 1839 1115 1895 quens
1130 1822 1168 1878 ad
1183 1822 1387 1896 paenitentiam
1404 1825 1568 1897 pollicetur,
1584 1831 1616 1883 ut
1631 1827 1723 1902 dum]

134 1917 276 1984 ricorum,
305 1913 491 1982 charissime,
516 1913 609 1971 modo
624 1912 787 1983 discordat,
808 1911 862 1969 sed
876 1927 966 1967 unus-
1020 1912 1245 1984 deccptamcns
1270 1912 1398 1980 ducitur,
1421 1914 1460 1969 ab
1482 1914 1646 1972 intentione
1668 1933 1723 1990 poe:

136 2006 265 2080 quisque
274 2003 395 2077 pondus
405 2001 557 2073 religionis
566 2002 843 2077 benigneportat,et
854 2000 965 2074 quibus
1020 2000 1229 2074 suspendatur.
1259 2001 1314 2069 Sic,
1342 2002 1526 2070 charissimo,
1548 2005 1723 2080 quandoqn·

136 2095 221 2170 prius
233 2092 345 2166 quibus
359 2092 414 2148 luit
428 2092 546 2162 gravior
558 2107 640 2148 nunc
653 2096 697 2148 est
707 2091 827 2162 gratior.
838 2093 893 2148 Pro
908 2091 965 2146 hoc
1020 2091 1178 2163 egreditur,
1192 2097 1221 2148 ct
1243 2107 1362 2162 egressa
1386 2093 1465 2149 curis
1488 2095 1683 2151 saecularibus
1698 2095 1723 2152 ir

135 2183 225 2255 igitur
251 2182 367 2252 laboro,
395 2185 427 2236 ut
448 2196 518 2237 cum
536 2180 610 2253 ipsis
638 2196 757 2254 semper
784 2179 902 2253 quietus
924 2179 965 2233 vi·
1020 2180 1266 2255 capitaul'ratres
1280 2187 1381 2238 autem
1390 2181 1470 2238 llinae
1487 2201 1620 2240 sororem
1635 2201 1723 2242 suam

135 2289 216 2341 vam,
242 2276 271 2326 ct
290 2288 359 2327 cum
373 2269 446 2344 ipsis
468 2270 499 2325 in
514 2286 589 2343 pace
608 2270 730 2342 moriar,
756 2286 827 2325 cum
842 2269 916 2343 ipsis
937 2273 965 2324 et
1018 2288 1059 2327 na
1074 2272 1165 2326 domo
1178 2269 1230 2326 diu
1244 2270 1355 2327 morari
1370 2288 1431 2327 uon
1445 2273 1723 2344 permittunt,scdi1

137 2361 194 2417 sub
207 2359 279 2432 ipsis
301 2357 391 2415 irater
404 2362 433 2412 et
454 2374 628 2415 conservus.
648 2362 732 2415 Nunc
749 2362 849 2415 autem
863 2357 904 2415 ad
917 2374 964 2428 ea,
1019 2359 1136 2415 Sicbcm
1158 2375 1228 2415 oum
1251 2359 1372 2432 reliquis
1391 2360 1543 2427 masculis,
1570 2361 1646 2418 urbe
1668 2361 1723 2436 dep

136 2463 205 2523 qua
232 2447 269 2504 dc
297 2446 427 2504 claustro
450 2450 519 2502 sunt
544 2446 653 2503 animae
678 2445 816 2517 dicenda,
831 2448 965 2504 transea-
1020 2466 1152 2507 sororem
1167 2466 1254 2505 suam
1270 2449 1383 2518 tollunt,
1399 2468 1585 2509 uxoresvero
1602 2468 1723 2510 eorum

135 2553 216 2595 mua.
845 2574 850 2586 ·
1019 2539 1134 2595 ducunt
1148 2537 1239 2609 (ibid).
1258 2541 1395 2595 Sororem
1412 2557 1499 2596 suum
1514 2540 1566 2597 lilii
1583 2541 1687 2612 Jacob,
1704 2559 1722 2599 c

130 2622 204 2685 'Can
221 2629 242 2682 l.
257 2625 342 2693 Quod
353 2625 519 2682 cluacstrum
535 2625 645 2684 aniaroe
663 2626 874 2697 contemptatio
895 2626 966 2683 dici·
1019 2629 1087 2702 quis
1101 2626 1243 2683 masculis
1254 2626 1407 2684 interfecto
1423 2629 1537 2686 sichem
1554 2630 1713 2699 reducunt,

463 2764 467 2772 .
523 2719 583 2769 tur.
1019 2715 1241 2772 virttesanlmae
1256 2718 1715 2777 motnscoutravitioluctantur

130 2800 133 2803 ’
170 2802 285 2860 Animae
301 2801 465 2859 claustrum
481 2801 692 2875 contemplatio
707 2803 824 2873 dicitur,
835 2803 866 2860 in
881 2803 926 2875 cuj
933 2820 967 2858 us
1021 2804 1152 2873 diabolo,
1168 2809 1196 2861 et
1221 2805 1387 2877 majoribus
1414 2806 1489 2862 vitiis
1504 2808 1667 2881 extirpatis,
1687 2825 1723 2865 na

136 2893 237 2950 sinum
251 2892 325 2949 dum
349 2909 380 2948 sc
392 2891 497 2964 recipit
517 2891 647 2959 animus,
674 2893 738 2951 sola
762 2893 893 2950 coelestia
907 2909 968 2949 me·
1022 2893 1133 2950 carnali
1158 2892 1305 2949 desiderio
1333 2893 1475 2950 violatum
1510 2912 1611 2951 secum
1636 2896 1723 2970 quasi

135 2983 255 3048 ditatur,
272 2985 428 3056 separatur
443 2980 634 3051 alemaniae
648 2983 738 3040 turba
751 2983 967 3055 cogitationum
984 3010 1004 3064 C
1021 2982 1157 3039 hostibus
1178 2986 1311 3054 creptam
1335 3000 1457 3040 manere
1476 2990 1597 3054 cogunt.
1621 2985 1723 3043 Mulier

135 3071 302 3130 eumalium
316 3071 405 3143 longe
424 3070 556 3144 ponitur,
570 3070 673 3128 dulces
692 3071 790 3128 carnis
805 3070 913 3141 refugit
925 3071 967 3126 at·
1022 3072 1144 3145 captivas
1160 3071 1311 3127 ducamur
1325 3071 1399 3128 dum
1424 3072 1634 3130 delectationes
1659 3073 1723 3131 anir

133 3161 336 3232 tectae,vagos
349 3175 493 3216 sensuum
506 3165 606 3217 motus
620 3159 780 3231 restringit,
794 3161 825 3217 in
840 3159 967 3217 Domino
1022 3165 1131 3217 terram
1155 3159 1253 3216 carnis
1270 3160 1440 3216 exsulantes
1462 3178 1480 3217 a
1501 3161 1657 3218 desideriis
1678 3179 1723 3220 car

135 3250 310 3318 delectatur,
326 3249 462 3321 angelica
472 3249 579 3307 truitur
591 3248 750 3307 drdcedine
764 3249 836 3321 legit
846 3249 878 3306 in
890 3248 967 3306 libro
1022 3250 1186 3324 privantur.
1214 3250 1259 3306 Sic
1273 3248 1362 3319 igitur
1383 3250 1556 3322 congregati
1572 3251 1623 3307 tilii
1649 3254 1723 3309 laco

135 3337 214 3409 vitra,
231 3353 287 3411 pro
303 3337 419 3394 silentio
439 3353 547 3410 pacem
562 3343 650 3401 tenet,
668 3327 798 3395 inchoro
812 3337 966 3405 virtutum,
1021 3340 1079 3396 bus
1106 3338 1184 3394 illias
1199 3342 1308 3393 exeunt
1339 3354 1409 3393 cum
1435 3355 1546 3407 sorore,
1572 3339 1645 3413 quia
1673 3340 1723 3397 dul

135 3429 232 3486 servat
244 3425 438 3484 concordium
460 3440 591 3496 morum,
616 3427 727 3482 summi
747 3425 969 3483 Patrlsbonita·
1021 3432 1092 3502 post
1104 3426 1225 3500 lapsam
1242 3425 1396 3498 resipiscit,
1409 3427 1551 3483 virtutum
1577 3428 1708 3485 collectis

134 3520 204 3585 tem,
219 3515 362 3586 angelicae
377 3519 518 3573 creaturae
542 3514 758 3572 beatitudinem
782 3516 967 3589 contempla·
1022 3517 1090 3587 bus,
1104 3533 1141 3571 uc
1157 3517 1262 3571 iterum
1282 3518 1418 3588 captatur
1442 3533 1460 3572 a
1487 3516 1659 3573 carnalibus
1683 3520 1722 3575 dc

133 3601 192 3675 tur,
213 3605 338 3664 attendit
350 3605 529 3674 bonitatem,
545 3604 593 3662 oui
618 3604 691 3660 nihil
704 3605 796 3674 deest,
810 3605 967 3663 beatitudi-
1020 3606 1139 3676 longius
1153 3604 1273 3672 rcccdit,
1300 3621 1355 3660 nec
1377 3608 1494 3661 tantum
1518 3606 1636 3677 longius
1658 3624 1723 3664 rece

133 3710 204 3752 nem
219 3709 287 3768 qnae
303 3692 385 3749 nullo
400 3693 522 3766 indiget.
552 3691 966 3767 Patrrspotentiam,l'iliisa·
1019 3696 1109 3751 etiam
1136 3693 1223 3750 altius
1248 3692 1390 3749 ascendit.
1416 3695 1558 3751 Ascendit
1581 3695 1714 3753 enimin

133 3784 288 3857 pientiam,
306 3783 430 3857 Spiritus
449 3783 544 3840 sancti
554 3782 769 3854 benignitatem
785 3782 963 3839 considerat.
1019 3787 1092 3853 (Gen
1119 3781 1357 3855 xxxvlssscdlroe
1372 3781 1638 3855 tlt,quandomens
1664 3801 1723 3842 asca

133 3873 211 3930 Dum
224 3871 287 3926 hnc
300 3870 356 3925 tria
370 3870 598 3944 contemplatur,
609 3871 703 3928 tribus
718 3871 817 3951 modis
831 3871 965 3929 consola·
1017 3875 1160 3931 virtutum
1175 3873 1206 3929 in
1218 3889 1248 3928 se
1262 3871 1401 3945 disponit.
1421 3873 1466 3929 Sic
1485 3873 1574 3943 igitur
1589 3873 1618 3929 iu
1635 3874 1722 3931 Bethc

133 3960 191 4012 tur.
206 3956 398 4012 Peccavimus
413 3959 493 4014 euim
508 3963 613 4016 contra
624 3965 751 4034 patrem,
772 3961 964 4035 peccavimus
1018 3963 1107 4031 nitria,
1123 3961 1247 4034 quando
1260 3976 1311 4016 cor
1324 3959 1492 4032 cujuslibet,
1507 3961 1610 4018 aloinus
1627 3963 1692 4032 Dei,
1707 3978 1723 4035 q

134 4044 238 4103 contr'a
251 4043 365 4108 Filium,
390 4047 580 4117 peccavimus
605 4051 708 4104 contra
724 4049 865 4120 Spiritum
880 4067 965 4106 sanc·
984 4065 987 4072 ·
1019 4055 1194 4123 terpretatur
1209 4047 1454 4116 bethelefficitur.
1468 4052 1497 4103 tn
1510 4048 1567 4104 liae
1581 4049 1674 4105 domo
1686 4048 1723 4106 alt

133 4136 207 4190 turn.
232 4136 274 4192 Ex
296 4131 467 4191 infirmitate
495 4139 599 4192 contra
617 4138 733 4193 Patrem
759 4139 962 4212 peccavimus,
1017 4140 1100 4196 mino
1130 4137 1260 4209 erigitur,
1290 4137 1321 4193 in
1344 4137 1402 4193 hac
1425 4137 1517 4193 domo
1536 4137 1660 4195 claustri
1686 4156 1722 4213 sp

133 4223 221 4297 quasi
248 4226 352 4280 contra
382 4223 567 4297 potentiam
599 4241 635 4282 ex
662 4224 833 4297 ignorantia
859 4233 963 4285 contra
1017 4229 1091 4285 ordo
1104 4226 1258 4284 stabilitur.

133 4313 249 4372 Filium.
270 4313 359 4386 ‹qrrasi
382 4319 487 4372 contra
510 4313 703 4388 sapientiam
730 4333 766 4373 es
779 4316 961 4388 malignitate
979 4356 1000 4412 D
1123 4319 1189 4374 Cer.
1208 4319 1240 4371 tt.
1256 4317 1593 4388 Dequctucrtateribus
1605 4320 1723 4375 clarata·

133 4407 237 4458 contra
254 4401 394 4473 Spiritum
410 4407 558 4470 sanctam,
582 4406 668 4476 quasi
681 4404 961 4477 contrabeniguita-
1052 4407 1132 4464 Sicut
1157 4421 1194 4460 cx
1215 4411 1346 4477 quatuor
1368 4405 1511 4462 lateribus
1538 4406 1659 4463 clarrstri
1685 4424 1723 4464 uu

132 4491 202 4544 tem.
232 4488 407 4545 tlonsolatur
428 4491 517 4559 igitur
542 4505 597 4545 nos
624 4493 756 4563 potentia
778 4492 880 4562 Patris,
901 4512 962 4568 qua
1016 4499 1163 4553 structura
1178 4493 1240 4550 lieri
1254 4493 1381 4561 solet‚sic
1394 4494 1423 4549 in
1437 4498 1567 4567 quatuor
1581 4495 1723 4552 virtutibu

131 4578 256 4648 peccata
270 4573 445 4649 puniuntur,
462 4580 494 4631 ut
506 4576 708 4635 lortitmlinem
724 4581 880 4654 capiamus
893 4599 962 4640 con·
1015 4586 1201 4660 quadratura
1220 4583 1340 4640 claustri
1367 4583 1526 4656 spiritualis
1545 4601 1599 4657 pcr
1621 4584 1722 4642 similit

132 4667 177 4721 tra
190 4663 380 4735 fragilitatem
400 4664 517 4733 carnis;
544 4666 716 4724 consolatur
731 4669 875 4743 sapientia
890 4673 960 4740 Filii,
1016 4674 1162 4746 assignari
1177 4678 1357 4749 potestque
1368 4677 1437 4729 sunt
1451 4678 1642 4746 contemptus
1657 4674 1723 4745 sulp

131 4769 199 4826 quae
214 4753 314 4811 refecit
325 4755 408 4828 quod
423 4771 476 4827 per
489 4755 689 4825 ignorantiam
703 4758 812 4828 deficit;
829 4763 963 4819 consola·
1016 4773 1085 4841 ptus
1099 4764 1305 4825 mundiamor
1321 4763 1370 4819 tlei
1381 4768 1409 4819 ct
1420 4781 1505 4821 amor
1515 4764 1723 4836 proximitui

131 4844 179 4898 tur
192 4841 362 4914 benignitas
384 4844 508 4917 Spiritus
522 4844 627 4914 sancti,
651 4863 688 4904 ne
699 4849 845 4907 subintret
857 4851 965 4926 despc.
996 4860 1083 4912 ,tuor
1096 4853 1237 4909 lateribus
1249 4867 1343 4907 tauram
1356 4853 1450 4923 vergit
1464 4852 1502 4908 ad
1514 4852 1723 4923 Occidentcmp

130 4930 216 4989 ratic.
237 4933 330 5004 Hujus
344 4932 466 4990 claustri
481 4935 624 5006 arnlritus,
648 4942 791 4995 virtutum
813 4940 963 4998 columnis
1016 4943 1055 4999 ad
1071 4941 1315 5014 Septentrionem.
1331 4941 1450 4997 tertium
1465 4941 1504 4997 ad
1526 4941 1688 5010 Orientem,
1705 4959 1723 5017 q

129 5019 299 5089 decoratur,
324 5017 507 5079 'sustentatur
526 5026 675 5097 quatientia
698 5027 832 5096 basibus,
862 5045 898 5086 ae
919 5045 961 5087 re·
1015 5032 1054 5088 ad
1070 5030 1227 5088 lleridiem.
1243 5033 1319 5085 llum
1342 5030 1422 5086 enim
1442 5030 1576 5086 delectus
1592 5032 1723 5090 camiso

129 5109 201 5182 gaila
211 5109 331 5182 justitie
351 5111 528 5184 quadratur,
553 5115 696 5171 virtutum
712 5117 960 5189 coadJaccntibus
1015 5119 1584 5191 ccr·nimus,‹lumquotidianosoccasus
1596 5120 1723 5177 animivl

129 5199 256 5257 officinis
270 5199 414 5269 munitur,
429 5218 516 5258 muro
530 5203 601 5258 boni
618 5205 727 5278 operis,
744 5207 864 5263 claustri
877 5212 960 5281 septa
1014 5207 1214 5282 tuncquasiiu
1228 5206 1318 5263 latc're
1327 5207 1543 5280 claustr·i,quod
1555 5208 1592 5264 ad
1603 5225 1723 5266 occasui

128 5288 294 5347 forinsecus
323 5288 507 5358 ambiuntur,
532 5308 601 5364 quae
629 5293 732 5349 clauso
758 5293 865 5351 silentii
883 5298 959 5354 ostio
1013 5301 1062 5371 cit,
1075 5300 1224 5354 satiemus.
1238 5297 1314 5363 Quid
1327 5297 1407 5353 euim
1422 5297 1502 5354 aliud
1519 5298 1574 5353 nisi
1595 5316 1723 5357 occasun

127 5391 214 5446 vagae
229 5376 337 5432 mentis
350 5392 485 5447 gressum
509 5379 680 5450 prohibent.
700 5379 745 5434 ab
757 5379 815 5436 hoc
829 5381 958 5440 claustro
1013 5405 1090 5453 ruris,
1103 5388 1177 5443 ‹lrrm
1197 5386 1226 5442 lu
1241 5386 1330 5442 notris
1347 5386 1504 5443 subtractis
1517 5387 1609 5443 radiis
1624 5405 1723 5462 superi

127 5479 245 5534 epresru
263 5471 305 5522 cst
322 5467 400 5521 Ib'uu
412 5468 493 5521 Filia
508 5467 611 5533 Jacob,
634 5475 666 5521 at
694 5468 804 5525 adterat
819 5474 957 5530 mutieres
1013 5478 1092 5534 diem
1107 5476 1217 5533 (livium
1230 5476 1407 5546 sagrata-»ais
1429 5477 1557 5533 ‹lcticcre
1577 5478 1723 5535 sentimus

128 5554 258 5623 rcpa'oais
274 5555 391 5610 atienae.
418 5555 512 5622 Quam
535 5569 601 5609 curu
618 5556 735 5611 uidisset
755 5558 862 5617 Staberi
876 5564 957 5630 fitius
1015 5566 1103 5622 dente
1118 5564 1322 5622 solccrescrrut
1336 5565 1624 5637 tenebrre‚nriuuitur·
1638 5566 1723 5624 chari

127 5641 248 5711 Honor,
269 5643 433 5715 adamarit,
446 5649 472 5700 et
483 5645 596 5714 rapuit,
612 5651 639 5702 et
653 5645 793 5707 dormivit
804 5664 870 5707 cum
885 5652 953 5725 itta,
998 5654 1156 5725 recedente
1167 5653 1490 5726 solcjustitiumiscroe
1502 5654 1612 5712 mentis
1626 5655 1723 5716 caecitt
