3742 6082
116 223 171 279 795
418 224 597 282 HUGONIS
615 225 669 282 Du
686 224 716 281 S.
737 223 908 280 VIG'I'OIOE
925 221 1011 280 OPP.
1031 222 1132 279 PARS
1149 223 1188 279 11.
1208 253 1243 266 -
1262 223 1505 281 nocuarlcn.
1766 224 1819 282 796

118 348 200 405 dicta
220 349 260 405 ad
281 349 473 422 disciplinam
497 355 633 406 nostram
648 351 834 422 pertinentia
855 350 941 406 disci·
954 347 981 402 A
995 351 1091 423 legem
1106 353 1309 424 voluitquam
1322 352 1435 408 discere
1450 351 1465 406 1
1478 351 1551 417 Quae
1575 351 1666 406 nobis
1680 352 1818 423 proiecto

116 453 195 493 mus.
211 437 294 493 Inter
307 454 375 510 quae
388 439 556 493 beatissimi
576 438 715 508 Gregorii
743 438 940 509 singulariter
995 441 1070 495 satis
1086 441 1224 513 exemplo
1245 456 1311 496 esse
1336 443 1447 512 potest,
1460 456 1521 495 non
1538 439 1704 509 auditores,
1719 455 1818 510 neque

119 527 233 599 scripta
243 527 446 599 amplexanda
455 528 608 597 existimo,
624 544 693 598 quae
701 529 775 600 quia
786 529 863 584 mihi
877 544 940 601 praa
994 528 1131 597 lectores,
1148 529 1201 584 sed
1222 529 1351 583 factores
1369 528 1472 600 potius
1481 529 1582 599 justos
1597 542 1662 583 esse
1675 531 1747 582 ante
1760 527 1819 583 De·

118 617 234 674 caeteris
249 616 359 684 dulcia,
378 620 407 670 et
422 620 543 671 aeternae
557 617 630 672 vitae
650 632 752 672 amore
771 617 940 689 plenavisa
993 631 1056 671 um.
1071 617 1333 672 Considerandum
1361 620 1507 689 praeterea
1535 621 1591 684 est,
1621 616 1704 687 quod
1727 616 1818 671 lectio

118 707 201 773 sunt,
216 704 286 759 nolo
297 703 419 759 silentio
432 705 595 775 praeterire.
993 704 1114 760 duobus
1128 704 1228 760 modis
1242 706 1345 759 animo
1359 704 1520 760 fastidium
1535 704 1672 774 ingerere
1687 703 1775 772 solet,
1790 706 1819 757 et

152 792 277 863 Oportet
298 795 400 846 autem
430 794 466 847 ut
490 793 544 864 qui
560 793 640 848 hanc
666 793 824 863 ingressus
839 793 940 847 fuerat
993 791 1127 861 affligere
1140 792 1293 863 spiritum,
1308 791 1457 863 quailtate
1466 790 1606 846 videlicet
1620 791 1647 845 si
1660 790 1820 846 obscurior

116 880 199 934 viam
210 879 244 933 in
257 878 346 934 libris
357 893 435 951 quos
450 880 570 950 legerit,
583 880 681 935 discat
696 895 756 935 non
780 880 938 935 1111111111-
992 879 1094 947 fuerit,
1108 882 1138 934 et
1151 880 1324 951 quantitate
1330 880 1355 934 si
1370 878 1518 950 prolixior
1529 878 1692 946 exstilerit,
1708 879 1741 932 in
1757 893 1818 949 quo

115 965 177 1022 lore
190 966 376 1035 dictaminis,
393 968 446 1022 sed
460 967 612 1023 vlrtutum
627 968 822 1023 aemulatione
836 983 940 1039 provo
992 971 1123 1039 utroque
1136 982 1249 1038 magno
1260 968 1306 1022 uti
1320 967 1526 1022 moderamine
1541 969 1669 1038 oportet,
1686 965 1819 1037 nequod

114 1054 188 1123 cari,
202 1058 238 1108 ut
255 1069 325 1108 eum
344 1069 406 1108 non
425 1059 489 1109 tam
504 1055 668 1110 verborum
682 1056 871 1127 pompositas
886 1040 940 1111 au't
993 1053 1032 1108 ad
1043 1055 1238 1110 refectionem
1250 1054 1414 1125 quaesitum
1428 1058 1484 1122 est,
1499 1057 1639 1108 sumatur
1661 1053 1701 1108 ad
1730 1054 1820 1108 sulio

115 1143 319 1210 concinnatio,
335 1157 429 1213 quam
439 1143 578 1198 veritatis
592 1143 788 1215 pulchritudo
800 1143 936 1198 delectet.
992 1143 1153 1198 cationem.
1169 1142 1248 1198 Sunt
1260 1142 1314 1213 qui
1327 1141 1537 1212 omnialegere
1553 1142 1682 1210 volunt;
1702 1145 1736 1197 tu
1752 1141 1815 1197 noli

114 1229 197 1285 Sciat
208 1230 347 1284 etiamad
361 1232 553 1302 propositum
568 1246 659 1286 suum
674 1247 736 1286 non
760 1231 937 1299 conducere,
992 1230 1183 1299 contendere,
1211 1230 1344 1284 sufficiat
1367 1230 1434 1297 tibi,
1458 1229 1536 1284 nihil
1551 1233 1603 1284 tua
1618 1230 1758 1298 interest,
1775 1245 1815 1283 an

114 1321 150 1373 ut
163 1317 249 1372 inani
264 1322 371 1390 raptus
396 1319 545 1374 desiderio
562 1320 706 1388 scientiae,
722 1320 878 1388 obscuras,
908 1323 938 1374 11
992 1331 1054 1370 non
1065 1331 1170 1371 omnes
1183 1316 1293 1386 legeris
1305 1315 1410 1370 libros.
1438 1315 1642 1371 Infinitusest
1666 1315 1818 1372 librorum

114 1405 274 1477 profundae
297 1405 508 1476 intelligentiae
536 1407 709 1478 Scripturas
739 1407 889 1478 exquIrat,
904 1406 937 1460 in
991 1419 1137 1459 numerus
1150 1403 1296 1472 ,tunolis
1320 1403 1549 1475 sequiinfinita.
1574 1404 1633 1458 Ubi
1658 1404 1730 1458 finis
1753 1420 1816 1458 uon

114 1495 229 1565 quibus
240 1496 339 1565 magis
348 1499 513 1567 occupetur
527 1512 619 1567 quam
626 1484 791 1551 aedificetur
804 1496 936 1564 animus,
992 1495 1038 1546 est
1047 1493 1168 1564 requies
1183 1507 1247 1547 csse
1262 1507 1323 1547 non
1339 1495 1458 1563 potest,
1474 1492 1528 1547 ubi
1543 1492 1665 1562 requies
1680 1507 1742 1547 non
1759 1496 1816 1561 est,

114 1597 153 1637 ne
167 1584 211 1638 sic
225 1598 294 1638 eum
310 1583 476 1640 solaiectio
492 1587 603 1653 teneat,
618 1584 772 1639 utahcno
787 1598 936 1655 11111111-
991 1595 1052 1652 pax
1076 1579 1163 1634 nulla
1185 1584 1251 1648 est;
1280 1580 1409 1651 uhipax
1424 1583 1556 1648 nonest,
1577 1578 1818 1635 DeushahItars

114 1684 183 1725 care
197 1671 367 1743 compellat.
393 1671 569 1727 Christiano
594 1671 776 1744 philosopho
786 1672 875 1727 lectio
891 1686 937 1726 sx-
953 1683 978 1738 13
992 1683 1054 1723 non
1069 1670 1178 1740 potest.
1196 1669 1237 1722 In
1246 1682 1339 1736 paee,
1353 1667 1456 1738 inquit
1469 1666 1632 1739 Propheta,
1645 1667 1758 1737 factus
1769 1674 1818 1724 eat

113 1757 248 1814 hortatio
262 1760 498 1816 debetessenon
514 1762 672 1832 occupatio
684 1777 693 1829 3
708 1765 739 1816 et
762 1762 843 1816 bona
859 1761 936 1816 desi·
992 1760 1079 1812 iocus
1101 1760 1181 1825 ejus,
1211 1762 1241 1812 11
1265 1759 1301 1810 in
1330 1758 1407 1812 Sion
1430 1757 1590 1811 habitatio
1613 1759 1685 1823 eius
1713 1757 1816 1827 (Paul.

113 1845 199 1902 deria
225 1862 358 1919 pascere,
386 1862 447 1902 non
471 1861 587 1903 necare.
621 1848 763 1903 Relatum
783 1849 860 1903 mihi
881 1848 935 1903 ali-
989 1843 1096 1915 cxxv).
1119 1844 1154 1900 ln
1182 1843 1266 1913 Sion,
1291 1843 1395 1899 sedin
1422 1858 1505 1915 pace,
1524 1858 1589 1898 esse
1603 1842 1676 1899 Sion
1685 1847 1817 1916 oportet,

114 1935 237 2008 quando
251 1935 377 1991 memini
388 1934 426 1989 de
437 1935 570 2005 quodam
586 1936 662 1990 satis
684 1935 852 2006 probabilis
864 1936 935 1991 vitae
989 1932 1042 1988 sed
1054 1948 1159 2003 pacem
1173 1947 1235 1987 non
1260 1932 1408 1986 amittere.
1436 1931 1659 2003 contemplare,
1676 1935 1706 1987 et
1727 1946 1815 1988 occu·

112 2023 254 2094 vir0,qui
269 2025 355 2077 tanto
379 2025 555 2077 sanctarum
578 2021 806 2094 Scripturarum
833 2039 936 2079 amore
988 2021 1056 2092 pari
1083 2020 1154 2076 noli.
1185 2019 1255 2076 Noli
1283 2034 1396 2074 avarus
1421 2034 1497 2088 esse,
1523 2035 1561 2074 ne
1589 2020 1667 2075 forte
1696 2035 1819 2092 semper

113 2111 274 2183 flagrabat,
290 2113 326 2165 ut
340 2110 383 2164 eis
398 2110 578 2165 continuum
593 2110 932 2182 impenderetstudium.
989 2123 1088 2179 egeas.
1103 2108 1184 2164 Audi
1205 2108 1408 2176 Salomonem,
1424 2106 1496 2162 audi
1509 2106 1695 2178 Sapientem,
1709 2112 1740 2164 et
1757 2107 1817 2163 dis

113 2201 252 2271 Cumque
265 2199 298 2253 in
309 2198 373 2253 dies
385 2202 537 2253 crescente
552 2198 678 2254 scientia
692 2204 838 2255 cresceret
852 2204 881 2255 et
890 2201 936 2255 de·
989 2211 1022 2252 ce
1035 2197 1239 2268 prudentiam.
1251 2199 1319 2251 Fili
1347 2199 1404 2264 mi,
1416 2195 1528 2267 inquit,
1543 2197 1688 2264 amplius
1703 2197 1756 2251 his
1774 2212 1816 2251 ne

114 2288 259 2344 siderium
273 2287 339 2358 ejus
354 2302 362 2354 ;
378 2286 469 2357 coepit
483 2286 607 2342 tandem
623 2287 805 2358 sapientiam
820 2288 935 2343 zelatus
988 2287 1141 2353 requiras
1156 2300 1165 2353 ;
1180 2285 1329 2354 faciendi
1342 2286 1457 2352 plures
1482 2283 1589 2350 libros,
1621 2285 1737 2338 nuilus
1763 2289 1812 2339 est

113 2376 323 2449 imprudenter
344 2374 466 2446 (spretis
489 2373 727 2445 simplicioribus
754 2375 932 2447 Scripturis)
987 2373 1076 2443 finis,
1091 2372 1309 2442 frequensque
1335 2373 1507 2427 meditatio
1532 2371 1643 2426 carnis
1668 2372 1813 2441 afflictio

113 2463 266 2536 profunda
287 2477 416 2534 quaeque
429 2465 459 2516 et
474 2462 603 2518 obscura
617 2462 723 2517 rimari
736 2466 828 2534 atque
841 2464 933 2534 aenig·
988 2464 1036 2513 111
1052 2460 1165 2528 (Eccie.
1185 2461 1254 2530 111).
1272 2460 1331 2515 Ubi
1357 2475 1428 2530 ergo
1443 2463 1488 2514 est
1510 2459 1582 2513 linis
1596 2456 1610 2512 i
1635 2461 1753 2514 Finem
1771 2463 1814 2515 lo·

112 2552 248 2607 metibus
259 2550 477 2622 prophetarum
492 2549 671 2620 enodandis,
688 2553 717 2605 et
734 2551 873 2621 mysticis
887 2567 933 2605 sa·
988 2550 1112 2616 quendi
1122 2564 1233 2605 omnes
1246 2551 1374 2618 pariter
1397 2551 1578 2604 audiamus
1592 2549 1692 2603 Deum
1720 2550 1814 2616 time,

112 2642 337 2695 crementorum
352 2636 557 2693 intellectibus
571 2637 766 2693 vehementer
779 2639 931 2694 insistere.
988 2640 1020 2689 et
1034 2639 1196 2691 mandatu
1208 2639 1278 2705 ejus
1294 2638 1443 2692 observa:
1459 2639 1516 2691 boc
1533 2641 1581 2692 111
1596 2638 1703 2691 omnia
1718 2637 1815 2692 homo

111 2725 548 2784 Sedmenshumanatantum
562 2740 623 2780 non
640 2726 932 2798 sustinenspondus,
990 2722 1092 2794 (ibid.)

111 2815 284 2887 cospitmox
298 2817 328 2869 et
342 2815 386 2869 rei
405 2813 628 2884 magnitudine,
643 2817 673 2869 et
695 2815 876 2870 intentionis
884 2816 933 2886 ju·
987 2811 1061 2867 Cas.
1077 2811 1157 2868 VIII.
1177 2815 1358 2869 Lectionum
1373 2828 1440 2868 ecce
1462 2814 1706 2882 incipientium,
1730 2828 1813 2882 opus

111 2903 206 2973 gitate
220 2902 354 2970 deiicere,
378 2904 526 2973 tantaque
540 2901 633 2973 hujus
647 2902 831 2973 importunae
847 2917 933 2958 occu·
1036 2900 1267 2970 perfectorum,
1278 2907 1309 2956 et
1321 2903 1401 2970 quid
1413 2903 1568 2956 monacho
1581 2906 1750 2970 competat.

111 2991 246 3062 pationis
260 3005 333 3046 cura
351 2989 509 3058 confundi,
520 2994 555 3045 ut
566 3004 627 3045 non
642 2990 740 3045 solum
752 2991 817 3062 jam
830 2992 934 3047 abuti·
951 3014 974 3071 G
1022 2987 1120 3044 Nemo
1131 3005 1179 3044 me
1190 3005 1245 3062 pro
1266 2990 1315 3045 his
1336 3005 1405 3060 quae
1420 2990 1560 3060 superius
1575 2991 1813 3045 commemoravi

110 3074 203 3147 libus,
218 3077 378 3133 sedetiam
399 3092 417 3131 a
440 3077 619 3131 necessariis
643 3077 762 3132 actibus
790 3081 930 3134 cessaret.
988 3077 1295 3133 existimetlectorum
1309 3077 1500 3148 diligentiam
1511 3077 1815 3149 reprehendere,cum

111 3161 205 3219 Verso
219 3163 371 3234 siquidem
384 3166 495 3217 eventu
513 3163 545 3217 iu
561 3164 759 3232 contrarium,
776 3165 829 3237 qui
855 3164 933 3235 lege·
988 3181 1043 3236 ego
1057 3165 1328 3237 potinsdiligentes
1340 3163 1467 3218 lectores
1483 3162 1521 3218 ad
1533 3164 1724 3235 propositum
1741 3164 1815 3219 hor-

108 3265 140 3306 re
152 3250 325 3322 Scripturas
333 3249 372 3303 ad
382 3244 612 3305 aediiicationem
625 3251 696 3305 vitae
710 3267 773 3307 suae
784 3257 916 3324 coeperat
922 3269 930 3321 3
988 3254 1048 3309 tari
1062 3254 1219 3310 intendam
1232 3269 1241 3323 ;
1256 3256 1286 3308 et
1306 3268 1357 3308 eos
1372 3252 1426 3324 qui
1440 3251 1571 3307 libenter
1585 3251 1708 3308 discunt
1721 3252 1816 3308 laude

109 3338 185 3410 quia
200 3335 392 3391 discretionis
406 3335 613 3391 moderamine
627 3337 673 3392 uti
688 3353 749 3393 non
765 3340 930 3407 novit,eas·
987 3342 1096 3413 dignos
1110 3342 1278 3409 ostendere,
1294 3340 1346 3396 sed
1369 3340 1413 3394 ibi
1436 3339 1558 3395 loeutus
1572 3355 1640 3394 sum
1667 3339 1809 3409 eruditis,

108 3425 177 3482 dem
189 3439 272 3480 nunc
286 3423 474 3479 occasionem
494 3424 603 3479 erroris
626 3424 769 3480 habehat.
800 3426 858 3482 Sed
873 3428 930 3483 mi·
986 3445 1069 3485 nunc
1083 3433 1185 3485 autem
1211 3428 1396 3497 erudiendis,
1410 3431 1441 3482 et
1461 3427 1630 3482 doctrinam
1649 3443 1717 3499 quaa
1732 3429 1815 3500 prin·

107 3513 258 3569 seratione
272 3511 378 3566 divina
392 3510 514 3566 tandem
531 3527 584 3583 per
598 3512 814 3568 revelationem
828 3514 927 3571 admo
985 3518 1099 3589 clpium
1114 3521 1160 3573 est
1174 3517 1342 3589 disciplinae
1353 3515 1579 3571 inchoantibus.
1597 3514 1661 3570 illis
1672 3516 1811 3571 studium

104 3603 190 3658 nitus
204 3604 261 3670 est,
277 3615 317 3656 ne
337 3599 469 3672 amplius
495 3599 606 3656 harum
629 3600 804 3658 lItterarum
821 3603 928 3660 studio
984 3605 1146 3674 virtutum,
1161 3605 1230 3660 istis
1250 3620 1322 3660 vero
1337 3604 1459 3659 interim
1475 3602 1651 3658 exercitium
1669 3602 1811 3659 lectionis

102 3690 303 3758 Incumberet,
329 3688 381 3744 sed
409 3691 585 3745 sanctorum
623 3689 749 3745 Patrum
778 3692 874 3746 vitam
899 3696 929 3748 et
983 3694 1174 3766 propositum
1199 3697 1244 3749 est
1267 3693 1310 3748 sic
1333 3696 1437 3747 tamen
1460 3694 1496 3746 ut
1515 3704 1569 3745 nec
1592 3689 1624 3744 hi
1639 3691 1811 3748 vlrtuteca·

103 3781 276 3850 martyrum
303 3777 487 3848 triumphos,
518 3776 655 3849 aliasque
684 3778 761 3834 tales
797 3780 928 3852 simplici
984 3785 1081 3851 reant,
1097 3796 1152 3837 nec
1171 3781 1216 3836 illi
1237 3795 1364 3853 prorsus
1379 3779 1538 3834 lectionem
1554 3777 1711 3833 omittant.
1728 3780 1809 3836 Nam

104 3865 186 3936 stylo
199 3865 340 3932 dictatas,
363 3865 557 3936 frequentare
579 3869 786 3922 consuesceret
801 3883 810 3936 ,ς
825 3868 929 3940 sicque
983 3885 1062 3942 saepe
1076 3870 1180 3925 minus
1194 3867 1355 3942 providum
1368 3869 1415 3922 est
1430 3882 1507 3939 opus
1521 3864 1603 3938 quod
1624 3880 1686 3921 nou
1701 3882 1810 3938 praece

102 3952 137 4008 iu
149 3953 236 4008 brevi
251 3951 290 4008 ad
316 3956 432 4008 statum
448 3953 614 4024 pristinum
637 3954 792 4025 reductus,
807 3959 927 4012 tantam
982 3958 1028 4013 dIt
1040 3958 1149 4026 lectio,
1163 3960 1192 4013 et
1206 3956 1345 4012 doctriua
1359 3955 1463 4010 minus
1477 3953 1573 4023 utilis,
1588 3969 1680 4026 quam
1691 3970 1755 4010 non
1767 3972 1812 4011 se·

103 4039 233 4095 internae
248 4039 360 4111 quietIs
374 4039 504 4109 gratiam
517 4040 650 4111 accipere
667 4042 789 4111 meruit,
809 4047 843 4098 ut
857 4060 927 4099 vere
982 4046 1088 4118 quitur
1098 4045 1180 4101 bona
1190 4043 1336 4115 operatIo.
1352 4042 1479 4114 Oportet
1493 4045 1595 4097 autem
1609 4056 1807 4114 summopere

102 4127 137 4183 in
150 4141 186 4183 eo
198 4126 284 4183 Illam
299 4124 426 4200 Domini
437 4140 541 4181 vocem
556 4126 714 4198 impletam
727 4127 851 4198 diceres,
864 4147 927 4202 qua
981 4136 1011 4188 et
1025 4133 1093 4188 illos
1107 4147 1223 4200 cavere,
1242 4147 1280 4186 nc
1293 4132 1371 4186 forte
1387 4129 1425 4185 ad
1439 4145 1475 4185 ea
1489 4145 1558 4202 quae
1571 4133 1650 4186 retro
1672 4133 1746 4184 suut
1759 4147 1808 4186 as·

100 4215 167 4288 Ipse
181 4218 322 4272 nostrum
335 4213 471 4271 laborem
482 4217 511 4269 et
521 4213 655 4270 dolorem
666 4215 925 4289 considerans,pie
978 4221 1096 4292 piciant
1112 4223 1164 4290 ,st
1178 4219 1255 4274 istos
1269 4217 1430 4287 consolari,
1452 4218 1478 4272 si
1491 4218 1545 4272 ubi
1560 4217 1605 4272 illi
1618 4219 1700 4286 sunt,
1711 4233 1811 4289 quau·

100 4319 157 4361 nos
171 4303 322 4361 consolari
336 4302 435 4358 voluit
449 4301 571 4358 diceus:
594 4304 704 4357 Venite
723 4305 767 4357 ad
794 4319 845 4359 me
859 4319 924 4360 om·
980 4307 1079 4380 doque
1094 4307 1252 4381 pervenire
1267 4306 1449 4361 desiderant.
1466 4305 1621 4377 Utrosque
1635 4319 1706 4374 ergo
1720 4321 1808 4362 exer·

100 4407 157 4448 nes
171 4395 229 4461 qui
245 4392 402 4446 laboratis
417 4395 448 4445 et
469 4391 599 4445 onerati
614 4389 701 4456 estis,
717 4395 749 4446 11
767 4406 822 4460 eqo
851 4393 923 4464 reti·
979 4384 1050 4464 ceri,
1064 4398 1094 4451 st
1107 4399 1253 4466 utrosque
1263 4394 1434 4467 promoveri
1449 4393 1599 4448 convenit.
1616 4392 1712 4448 Nemo
1724 4397 1808 4450 retro

100 4480 186 4534 cium
202 4493 255 4533 uos
267 4483 299 4532 11
306 4477 446 4548 deinceps
456 4475 643 4546 invenietis,
653 4477 767 4548 iuquit,
778 4481 923 4549 requiem
979 4484 1079 4552 abeat,
1093 4481 1253 4537 ascendere
1267 4482 1347 4550 licet,
1362 4480 1490 4537 sednon
1506 4480 1695 4537 descendere.
1710 4479 1744 4535 Si
1760 4497 1808 4537 ve

98 4566 275 4621 animabus
292 4566 408 4619 uestris
428 4564 553 4634 (Mutila.
579 4561 635 4631 111).
659 4563 725 4620 Hoc
749 4567 922 4639 exemplum
978 4585 1012 4624 ro
1027 4569 1155 4625 necdum
1171 4569 1331 4625 ascendere
1345 4572 1442 4640 potes,
1459 4573 1508 4623 sta
1532 4569 1565 4623 in
1584 4567 1650 4624 loco
1674 4571 1738 4623 tuo.
1756 4569 1806 4624 Li-

97 4652 166 4709 Ideo
182 4651 320 4725 apposui,
332 4655 367 4707 ut
382 4650 572 4730 ostenderem
579 4651 622 4707 eis
632 4652 685 4724 qui
698 4653 731 4708 in
759 4653 923 4728 disprlina
976 4657 1031 4712 ber
1046 4657 1163 4729 aculpa
1176 4660 1301 4727 nonest,
1311 4655 1803 4729 qui·alienumusurpatoiflcium.

98 4755 161 4796 non
183 4738 374 4810 litteratura,
399 4739 451 4795 sed
469 4740 621 4796 1111111111
646 4740 739 4812 positi
755 4746 838 4812 sunt,
860 4759 922 4799 non
976 4743 1008 4800 Si
1022 4744 1192 4801 monachus
1203 4760 1245 4814 es,
1257 4744 1332 4817 quid
1350 4744 1426 4800 tacis
1438 4745 1471 4799 in
1488 4740 1647 4799 turbaiSi
1669 4759 1758 4799 amas
1769 4746 1806 4800 si·

98 4831 238 4900 oportere
246 4827 405 4883 lectionem
420 4842 486 4883 esse
507 4827 641 4896 fastidia,
655 4828 708 4883 sed
720 4829 921 4886 oblectamen·
975 4831 1105 4888 lentium
1118 4849 1173 4889 cur
1187 4832 1431 4889 declamantibus
1453 4832 1576 4887 assidue
1595 4831 1744 4887 interesse
1758 4831 1805 4888 de

98 4919 140 4972 tc.
157 4915 238 4969 Nam
252 4919 282 4970 et
296 4915 469 4986 Propheta:
485 4918 557 4971 Non
577 4918 718 4985 cognovi,
735 4917 846 4989 inquit,
869 4919 921 4972 iit·
974 4918 1487 4992 1111111ἰεῖ1111111111111111111
1513 4919 1636 4975 fletibus
1659 4919 1804 4976 insistere

99 5007 310 5070 tarataram,
348 5003 411 5057 sive
445 5003 693 5073 negotiationem,
725 5007 864 5061 introibo
884 5008 920 5060 in
975 5007 1076 5078 debes,
1084 5012 1114 5064 11
1128 5012 1162 5064 tu
1176 5007 1387 5081 philosophari
1400 5004 1736 5080 quaerisiSImplicitas
1744 5022 1805 5063 mo

93 5092 261 5161 potentius
285 5091 417 5145 Domini
428 5108 440 5157 ;
469 5093 611 5169 Domine,
643 5094 844 5148 memorabor
854 5096 922 5161 jus·
974 5096 1065 5151 uachi
1090 5096 1285 5168 philosophia
1299 5096 1365 5167 ejus
1388 5100 1444 5150 est.
1471 5093 1530 5150 Sed
1553 5093 1668 5162 docere,
1685 5094 1802 5166 inquis,

99 5181 183 5236 111111
209 5185 275 5234 tuce
302 5180 415 5233 soiius
442 5178 549 5247 Deua,
575 5180 715 5233 docuisti
741 5194 791 5233 me
817 5194 838 5234 a
867 5183 920 5248 ju·
974 5183 1051 5239 alios
1071 5184 1149 5239 volo.
1171 5183 1241 5239 Non
1268 5185 1315 5238 est
1336 5185 1424 5238 tuum
1440 5182 1557 5250 docere,
1573 5181 1625 5236 sed
1644 5181 1801 5252 plangere.

97 5272 229 5323 oentute
251 5280 333 5336 meu,
364 5269 419 5322 etc.
450 5265 549 5336 (Pani.
573 5263 658 5333 axx).
689 5264 748 5330 Qui
777 5267 859 5320 enim
882 5267 921 5322 ad
973 5270 1005 5326 Si
1021 5271 1317 5327 tamendoctoresse
1333 5269 1497 5338 desideras,
1514 5269 1586 5324 audi
1601 5268 1797 5340 quidtacias.

97 5355 328 5426 occupationem
340 5354 522 5423 Scripturas,
537 5356 567 5406 θῑ
582 5353 628 5420 (ut
642 5353 686 5405 ita
700 5351 810 5420 dicam)
826 5352 865 5407 ad
876 5354 919 5408 af·
974 5358 1099 5415 Utilitas
1111 5359 1237 5415 habitus
1258 5359 1315 5425 tui,
1330 5360 1359 5413 et
1371 5357 1553 5429 simplicitas
1570 5355 1687 5424 vultus,
1712 5356 1802 5413 inno·

97 5440 262 5497 flletionem
278 5440 404 5512 spiritus
416 5438 500 5509 legit,
530 5453 592 5493 non
608 5436 852 5512 philosophatur,
867 5441 920 5496 sed
973 5446 1073 5502 centia
1086 5447 1169 5517 viia,
1185 5450 1215 5501 et
1240 5445 1388 5502 sanctitas
1412 5444 1655 5501 conversationis
1671 5447 1733 5499 tuae
1749 5445 1800 5501 do·

98 5530 295 5598 negotiatur,
310 5527 424 5598 vixque
439 5529 502 5581 tam
515 5525 678 5581 vehemens
703 5529 733 5579 et
755 5525 920 5585 indiscreta
973 5549 1038 5590 cere
1050 5534 1161 5590 dehent
1174 5534 1322 5590 homines.
1347 5531 1457 5588 Melius
1472 5531 1617 5603 fugiendo
1646 5532 1800 5589 mundum

98 5613 230 5671 Intentio
243 5614 393 5686 superbiae
407 5628 509 5670 carere
530 5611 621 5667 valet.
652 5611 732 5679 Quid
757 5616 861 5672 autem
882 5617 919 5675 de
972 5620 1061 5677 doces
1071 5636 1164 5693 quam
1179 5622 1343 5694 sequendo.
1358 5619 1417 5676 Sed
1431 5619 1532 5676 adhuc
1543 5618 1622 5675 forte
1636 5632 1801 5694 prosaque

97 5697 389 5794 lmtieaqsimpliclr
402 5699 492 5769 Pauli
505 5699 614 5770 dicam,
630 5699 685 5774 qui
698 5701 770 5763 ann
792 5700 918 5776 implere
971 5707 1025 5778 rls,
1040 5705 1150 5780 ecquid
1159 5705 1314 5780 inquiens,
1326 5719 1428 5767 nonne
1443 5705 1553 5764 saltem
1568 5704 1681 5764 sivoio
1701 5705 1799 5765 duca·
