3742 6082
112 209 165 265 939

489 199 641 255 HUGONIS
660 200 705 253 DE
726 197 756 252 S.
774 190 924 287 vicinus
943 187 1019 245 ὓΡΡ.
1039 189 1128 248 PARS
1148 190 1193 247 111.
1219 218 1254 233 --
1274 191 1434 248 utsrlcu.

1779 183 1828 245 tlt

113 322 231 381 etbenc
247 316 515 390 subjungitur,non
530 320 571 371 est
584 315 690 370 solium
702 313 775 379 filim
787 306 941 365 Cttatdua·
959 306 1133 376 utttastjas
1146 313 1172 363 et
1188 307 1265 363 disce
1277 306 1482 376 prudentiam,
1504 320 1579 376 qua,
1605 319 1673 360 cum
1696 319 1759 359 nan
1780 303 1830 360 tta·

113 428 182 467 ram
193 423 204 481 ,·
216 409 288 481 quia
305 423 383 479 saepe
399 407 490 460 licmo
504 403 586 475 apud
600 402 674 457 alios
688 405 769 456 tanto
783 395 878 464 magis
894 393 943 448 dc-

115 505 234 574 spectus
248 497 384 564 habetur,
399 498 514 566 quanto
529 493 627 561 iringis
641 490 720 563 apud
739 489 871 560 seipsam
891 500 944 554 prr

114 594 263 646 tumorem
279 583 456 653 arrogantie
473 581 632 647 extollitur,
659 583 691 634 ut
711 577 871 649 impleatur
894 571 942 626 iila

115 681 259 735 sententia
273 672 405 729 Veritatis
418 688 479 743 qua
493 671 620 726 dicium:
637 670 737 724 Omnis
752 668 805 738 (μα’
817 679 847 720 se
862 663 943 717 cutil-

116 774 160 824 tat
174 764 392 831 btttnt'tialtitar,
409 767 434 817 et
451 762 546 815 orttais
561 761 654 830 quise
669 758 808 813 trientitiat
828 753 944 809 enalla-

116 857 195 911 bitur
210 853 292 922 (Lac.
309 852 379 920 xiv).
411 853 449 905 tte
471 865 532 920 quo
556 848 655 903 atslttuc
678 844 858 900 subinfertur
873 857 943 896 cum

114 943 220 999 dicitur
236 960 242 996 :
258 942 343 1007 Sede,
360 945 435 1006 tace,
451 941 533 994 intra
548 937 692 1001 tenebras,
708 935 774 1003 titia
788 933 944 988 Ctuittttea-

113 1049 192 1100 rant,
207 1033 279 1102 qaia
294 1047 354 1086 noa
368 1031 518 1086 siccaberis
536 1029 617 1082 altra
638 1026 759 1081 domitta
783 1037 943 1092 reynerum

114 1122 184 1192 (Isa.
198 1121 297 1191 xcvii).
315 1124 420 1187 Magna
434 1119 544 1174 etenim
557 1121 628 1172 tuuc
643 1111 943 1170 lioniiuemeouiusio

114 1210 258 1282 seqnitur,
274 1208 397 1282 quando
412 1224 442 1263 se
458 1208 497 1263 ali
513 1206 577 1262 aliis
600 1204 712 1275 ‹tespici
734 1202 823 1266 sidet,
854 1201 943 1256 etiam

113 1315 169 1371 pro
184 1315 218 1353 eo
231 1298 261 1352 iu
275 1315 337 1370 quo
351 1298 414 1369 ipse
430 1297 581 1364 gloriatur.
600 1293 656 1349 Sed
680 1291 751 1364 quia
775 1289 896 1345 lasciuia
916 1292 943 1343 et

114 1388 252 1444 mollities
268 1388 367 1443 amica
381 1392 425 1441 est
439 1386 617 1457 procacibus
640 1388 668 1439 et
683 1380 828 1453 siqierbis,
851 1379 944 1433 iucre-

113 1482 186 1550 pata
202 1476 382 1545 arrogantia,
397 1475 550 1531 lascivium
564 1474 652 1529 etiam
665 1471 761 1542 arguit
783 1486 851 1524 eum
875 1469 944 1522 sult-

111 1564 210 1637 jungit
225 1582 230 1619 :
248 1566 330 1620 Tolle
343 1565 463 1633 irratam,
476 1565 552 1619 rutile
567 1564 714 1632 satiriani,
737 1559 856 1614 ttmtttda
882 1565 942 1612 tar-

998 389 1062 445 brat
1075 392 1190 455 ducem,
1206 408 1259 448 nec
1268 397 1490 462 praceptorum,
1505 405 1559 449 nec
1570 390 1756 459 principem,
1778 404 1829 458 pa·

997 480 1045 529 rat
1061 481 1162 532 aestate
1178 477 1275 532 cibran
1286 477 1352 545 sibi,
1367 481 1394 531 et
1409 479 1571 545 conprepat
1591 473 1673 544 qttod
1695 473 1829 530 corneam

996 557 1025 613 iu
1041 559 1138 615 hicine
1154 562 1254 632 (Pron.
1271 564 1322 621 uit.
1339 564 1410 616 ltern
1425 559 1461 614 de
1479 559 1583 631 pigro:
1604 557 1690 614 Sicttt
1712 564 1830 614 acettan

996 644 1145 713 detdittus,
1161 653 1187 702 et
1200 647 1303 716 finnus
1318 645 1422 707 acatis,
1447 645 1489 700 sic
1513 644 1599 714 piper
1622 642 1658 697 iis
1674 643 1729 713 qai
1747 644 1831 698 mise-

996 734 1067 782 rant
1082 730 1167 785 ittam
1185 732 1286 795 tProa.
1299 730 1338 800 x).
1357 732 1390 784 Et
1402 729 1439 783 dc
1453 728 1618 783 dissoluto:
1636 727 1748 782 blattas
1762 727 1830 797 for-

997 814 1069 868 tiam
1085 814 1298 884 dominabitur,
1315 829 1381 886 qum
1396 819 1495 869 autem
1506 813 1629 869 remissa
1640 815 1693 878 cst,
1706 812 1830 867 tributis

995 899 1101 953 seruiet
1114 900 1213 965 tProa.
1226 900 1286 969 xri).
1296 901 1328 953 Et
1340 899 1447 953 itermn
1461 896 1498 952 de
1514 895 1599 968 pigro
1617 914 1622 951 :
1645 896 1714 951 Vult
1731 902 1758 952 et
1770 912 1828 953 non

996 983 1061 1036 aidi
1076 983 1175 1053 piper,
1203 984 1304 1039 anima
1325 987 1423 1037 autern
1449 982 1637 1051 operantium
1662 981 1830 1052 irripiapaa-

997 1065 1078 1120 bitur
1099 1068 1197 1136 (Pron.
1214 1069 1285 1138 sut).
1304 1070 1432 1122 Rursum
1443 1065 1479 1119 dc
1495 1063 1644 1120 dissoluto
1661 1083 1667 1119 :
1685 1064 1746 1132 Oai
1758 1066 1829 1121 rnal-

999 1151 1033 1205 lis
1047 1156 1073 1207 ct
1089 1152 1251 1208 dissolatas
1260 1157 1301 1207 est
1313 1153 1344 1206 in
1356 1166 1443 1221 apere
1452 1166 1515 1220 saa,
1529 1152 1631 1220 frater
1646 1155 1687 1205 est
1698 1165 1755 1204 sua
1764 1166 1828 1220 ape-

996 1236 1216 1305 comminantis
1240 1237 1340 1305 (Pron
1370 1236 1459 1306 nuru).
1488 1239 1560 1290 ttem
1585 1234 1622 1289 de
1647 1233 1735 1306 pigro
1750 1250 1756 1289 :
1771 1233 1825 1289 Ab·

996 1321 1111 1375 scandit
1122 1322 1209 1392 pipet·
1223 1335 1346 1376 titanum
1362 1336 1446 1375 sitam
1459 1320 1512 1375 sab
1528 1319 1651 1388 ascella,
1665 1326 1693 1374 et
1712 1318 1826 1375 laborat

996 1404 1023 1458 st'
1036 1405 1076 1458 att
1090 1421 1120 1460 as
1133 1421 1219 1459 stiunt
1230 1405 1413 1474 applicuerit
1428 1419 1491 1460 eam
1516 1403 1616 1474 (Prae.
1633 1403 1706 1474 xix).
1733 1407 1803 1458 Item
1818 1421 1824 1457 :

997 1488 1149 1544 Desideria
1160 1488 1300 1545 aiz-eiciant
1313 1491 1445 1558 pintana,
1459 1489 1624 1543 nottterant
1646 1488 1725 1543 enim
1746 1487 1825 1558 quid·

997 1589 1086 1643 quma
1099 1589 1206 1628 aionas
1219 1577 1281 1641 eius
1298 1573 1418 1642 operari
1433 1572 1622 1643 (Pronum).
1648 1573 1681 1627 Et
1696 1572 1800 1627 iterum
1816 1587 1824 1627 t

109 1655 289 1724 pitanitium,
314 1655 480 1722 discooperi
507 1655 674 1719 trittaeratn,
706 1651 805 1706 cereta
838 1659 978 1717 aaran
998 1658 1176 1726 preriptpffl·
1197 1673 1207 1714 ;
1221 1660 1279 1712 Les,
1294 1664 1335 1713 est
1351 1660 1380 1712 (η
1398 1659 1457 1726 pia,
1484 1659 1515 1712 (η
1538 1656 1632 1712 medio
1656 1657 1823 1725 plateam

115 1745 212 1800 trattsi
221 1745 359 1813 plautina,
373 1744 444 1814 qaia
459 1744 542 1797 altra
557 1758 615 1797 nan
637 1739 787 1796 attcttbcris
801 1738 899 1792 tttuttis
916 1744 941 1792 et

116 1837 216 1888 tenera
232 1832 336 1904 atat).
354 1833 450 1894 Quam
464 1831 500 1885 sit
513 1847 584 1898 ergo
599 1828 718 1884 odibilis
741 1825 823 1898 apud
851 1829 943 1880 iteum

113 1919 238 1976 lascivia
250 1924 276 1975 et
289 1919 465 1992 procacitas,
482 1936 518 1973 ex
535 1919 592 1973 hoc
608 1921 742 1988 patenter
767 1914 941 1980 ostenditur,

114 2009 197 2082 quod
225 2009 375 2082 Scriptura
398 2013 458 2065 tam
481 2007 613 2063 districta
637 2003 896 2060 ititimmtversioue
917 2008 944 2057 et

115 2098 311 2169 dejectionem
322 2098 543 2168 arrogantibus,
558 2100 585 2151 et
600 2095 789 2167 asperitatem
802 2091 943 2147 mollibus

116 2195 364 2263 superventurum
392 2190 602 2246 comminatur.
646 2187 719 2241 Hinc
749 2190 791 2241 cst
824 2201 944 2240 rursum

114 2280 196 2352 quod
212 2296 266 2352 per
281 2280 421 2335 eumdem
439 2279 544 2335 isaiam
557 2283 660 2332 contra
674 2274 801 2331 lascivos
826 2279 853 2329 ct
877 2290 944 2346 pro-

115 2364 199 2425 caces
214 2369 341 2424 dieitur:
362 2370 435 2425 Hac
455 2369 526 2423 dicit
551 2368 694 2431 Qotttittus
710 2380 721 2420 .·
742 2366 802 2419 Pro
818 2380 850 2420 eo
865 2363 944 2434 qaod

115 2460 236 2515 clematis²
250 2464 319 2514 sant
332 2460 404 2526 titia
418 2458 499 2525 Sion,
525 2462 551 2513 et
572 2457 802 2511 attitulaverant
825 2457 943 2508 extenta

115 2548 203 2618 cotta,
219 2554 246 2603 et
261 2548 383 2602 uatibus
406 2547 560 2602 oculorum
586 2545 667 2600 ibant
691 2549 717 2599 et
745 2542 942 2611 ptamtettnnt,

115 2636 360 2704 ambulabatque
375 2636 498 2705 pedibas
513 2636 574 2689 suis
587 2634 745 2702 cottrposita
758 2632 857 2701 pirata
868 2633 945 2685 ince-

116 2723 405 2792 debattt,decataabit
419 2725 563 2778 Dominus
575 2723 711 2777 verticem
725 2721 858 2787 t‘lt'aram
874 2719 944 2773 Sion

117 2813 185 2882 (isa.
200 2814 250 2885 ui).
265 2813 469 2868 Atnbutabant
485 2817 602 2868 extento
614 2812 690 2865 collo
702 2815 727 2865 et
741 2809 861 2864 rudibus
877 2823 944 2862 ocri·

117 2901 274 2971 latrandum
289 2906 408 2957 notatur
423 2900 602 2970 arrogantia.
613 2899 698 2954 Ibtrtit
709 2905 736 2960 et
746 2897 941 2966 platalebaut,

998 1742 1174 1797 occidendas
1189 1758 1251 1797 sunt
1278 1742 1377 1812 (Pron.
1394 1743 1475 1810 xxii).
1503 1745 1574 1795 ttem
1591 1757 1597 1795 z
1614 1741 1699 1796 Stetit
1722 1742 1823 1795 ostium

998 1827 1029 1880 itt
1043 1827 1166 1882 cardine
1178 1843 1241 1896 suo,
1263 1828 1305 1881 sic
1316 1828 1405 1896 piper
1420 1826 1548 1882 vertitur
1573 1826 1603 1880 in
1625 1826 1702 1881 tecto
1728 1824 1822 1894 (Pron.

996 1920 1086 1987 xxvi).
1103 1919 1134 1970 Et
1148 1917 1179 1970 iu
1194 1915 1269 1971 libro
1287 1915 1490 1981 Ecclesiastico
1513 1913 1550 1969 de
1577 1915 1674 1986 pigra,
1700 1913 1785 1968 tardo
1798 1918 1824 1970 ct

997 2004 1141 2059 dissoluto
1155 2004 1262 2059 <licitur
1278 2023 1284 2058 :
1301 2005 1336 2059 Ia
1362 2005 1461 2073 lapide
1478 2005 1556 2059 lateo
1574 2003 1763 2072 lapidabitur
1782 2004 1824 2072 pi-

997 2110 1060 2165 per,
1075 2100 1102 2150 et
1117 2110 1216 2150 crines
1231 2094 1392 2164 toquentur
1414 2109 1505 2162 supet·
1530 2094 1771 2162 aspernationem
1792 2093 1824 2147 ii-

999 2184 1066 2238 tias.
1081 2185 1122 2239 lte
1136 2192 1263 2239 stercore
1279 2183 1364 2238 baton
1381 2183 1568 2252 lapidabitur
1575 2183 1673 2251 piper,
1691 2187 1717 2237 et
1734 2183 1823 2237 omnis

998 2275 1051 2342 (μα’
1063 2274 1192 2341 tetiperit
1207 2273 1414 2335 carnencatiet
1430 2287 1614 2327 trianassuas
1629 2271 1735 2341 (Ereti.
1745 2272 1821 2340 xxa).

998 2362 1085 2418 autin
1099 2366 1168 2417 suut
1183 2362 1241 2417 alia
1256 2362 1279 2416 si
1295 2378 1470 2417 enumerare
1489 2361 1588 2428 selim,
1598 2377 1666 2432 quoe
1681 2359 1723 2416 ad
1735 2360 1822 2415 incre-

998 2450 1160 2522 pationem,
1184 2450 1230 2505 sel
1246 2451 1285 2504 ad
1299 2449 1466 2505 irrisionem
1488 2451 1597 2504 hurum
1611 2449 1643 2503 iu
1670 2447 1823 2520 seripturis

998 2540 1147 2608 dicuntur,
1173 2540 1210 2594 de
1230 2539 1423 2612 quibustuae
1448 2539 1488 2594 ad
1502 2538 1742 2594 exhortationem
1756 2552 1825 2610 prm

998 2633 1111 2684 sentent
1126 2628 1211 2683 vobis
1227 2628 1305 2684 dieta
1319 2628 1453 2684 sufficere
1467 2633 1603 2701 possunt.

1035 2718 1145 2773 ditatus
1172 2717 1217 2773 vel
1240 2718 1391 2790 inquietus
1420 2718 1555 2772 simulet
1575 2716 1825 2785 turbidusgestus

997 2824 1051 2880 per
1065 2807 1256 2864 Salomonem
1273 2807 1380 2862 iterum
1391 2806 1661 2879 reprehenduntur,
1675 2805 1739 2873 ubi,
1754 2805 1826 2861 sicut

996 2897 1061 2967 jam
1075 2897 1261 2968 insuperiori
1274 2897 1412 2968 exemplo
1424 2895 1710 2962 demonstravimus,
1719 2895 1756 2951 de
1765 2894 1825 2950 viro

115 2991 321 3059 arabatabant,
331 2999 358 3047 et
368 2991 493 3061 praelibas
505 2992 566 3045 sitis
583 2990 742 3058 composita
752 2988 852 3057 prada
864 2988 943 3041 iace·
965 3012 986 3069 C
1000 2991 1137 3057 apostata
1150 2986 1257 3041 dicitur
1275 3004 1281 3040 :
1295 2988 1390 3041 Hatita
1399 2991 1547 3056 apostata,
1564 2987 1610 3041 uir
1623 2986 1752 3053 inutilis,
1761 2999 1827 3055 pra·

115 3079 234 3145 debant,
250 3079 298 3135 hic
309 3079 571 3136 notaturlascivia.
595 3078 752 3149 Sequatur:
769 3075 941 3131 ttecalaabit

114 3168 257 3224 Dominus
269 3171 406 3225 aetticetn
419 3170 553 3237 tiliarum
570 3169 651 3233 Siata,
663 3167 726 3221 liaec
738 3171 784 3221 est
794 3180 886 3236 timna
898 3179 944 3218 ar·

113 3257 336 3326 rogantiumb't
347 3260 490 3312 Dominus
502 3258 613 3311 crinem
625 3271 726 3310 euram
740 3252 943 3319 nudabit‚luuc

115 3349 158 3400 est
169 3360 261 3417 penna
274 3346 474 3402 lasciviorum.
492 3348 525 3399 ut
539 3344 611 3416 quia
621 3345 685 3398 ltiec
701 3343 867 3397 vitiatusns
879 3356 943 3412 prc-
966 3392 969 3398 .

114 3433 260 3490 tiosnrum
274 3437 400 3489 vestium
421 3434 505 3504 sequi
520 3432 603 3496 solet,
620 3446 709 3503 ptnua
731 3446 852 3501 quoquc
877 3429 941 3499 cjiis

114 3524 295 3580 subinfertur
308 3539 376 3578 cum
392 3522 499 3577 dicitur
515 3538 521 3575 :
539 3521 573 3576 Itt
587 3521 634 3575 die
648 3520 703 3574 itta
715 3521 829 3586 uerteret
846 3519 943 3572 ttond-

113 3629 169 3669 nas
184 3620 324 3669 ornatam
339 3614 608 3668 calceamentorum
624 3616 650 3665 et
669 3611 803 3673 lanatas,
829 3614 855 3663 et
881 3614 942 3662 tar-

112 3718 192 3774 qaes,
209 3709 235 3760 et
248 3703 383 3772 monilia,
400 3707 428 3758 et
441 3704 589 3770 armillas,
606 3707 632 3757 et
648 3701 765 3764 mitras,
786 3705 812 3754 et
836 3699 941 3753 discri-

51 3836 54 3840 .
110 3795 279 3861 minutioni
287 3793 491 3860 periscelidas,
501 3802 527 3847 et
538 3792 756 3859 alemannicae!
769 3789 940 3857 olfactoria,

112 3886 139 3935 et
154 3883 285 3947 inaures,
300 3887 326 3934 et
340 3883 478 3946 annitius,
502 3888 529 3935 et
550 3896 680 3947 ¹aertatats
705 3881 736 3934 in-
754 3882 856 3947 frontr
867 3893 941 3946 pett-

111 3968 223 4034 dentes,
235 3972 261 4021 et
273 3970 446 4032 mutatoria,
456 3973 482 4022 et
493 3970 601 4034 pallia,
616 3969 801 4033 linteamina,
817 3973 842 4021 et
858 3983 940 4034 acus,

114 4059 138 4109 et
153 4055 315 4122 sperabant
330 4055 478 4119 stationes,
501 4060 527 4109 et
542 4057 627 4123 tritas,
637 4061 663 4108 et
675 4055 818 4109 theristra
830 4060 873 4115 :et
886 4056 940 4109 erit

111 4157 166 4215 pra
180 4144 268 4200 sanai
280 4144 380 4214 odore,
395 4145 493 4214 fetam·
505 4149 531 4199 et
545 4160 601 4212 pra
615 4158 700 4205 zotta,
716 4144 873 4212 [terriculas
883 4158 893 4209 ‚·
913 4149 941 4198 et

1000 3076 1083 3131 ditur
1095 3092 1145 3132 ore
1152 3092 1304 3145 peruersa,
1321 3078 1428 3132 annuit
1440 3077 1544 3145 oculis,
1560 3077 1631 3131 terit
1637 3077 1725 3145 pede,
1736 3076 1824 3145 dipito

1002 3166 1145 3236 loquitar,
1157 3182 1254 3234 prauo
1270 3167 1358 3221 carde
1371 3166 1565 3221 marttinatur
1581 3167 1696 3221 trintum
1707 3169 1734 3221 et
1750 3164 1826 3219 amni

1000 3262 1130 3325 tempore
1139 3257 1245 3326 pat-pta
1263 3256 1387 3311 santam
1404 3257 1504 3325 (Proo.
1522 3255 1570 3324 vit.
1595 3255 1668 3309 Huic
1691 3252 1824 3327 exempto

998 3345 1095 3401 veniet
1108 3345 1233 3416 perditio
1245 3362 1308 3410 sua,
1324 3361 1379 3400 nec
1395 3344 1518 3400 hattcbit
1534 3345 1610 3401 ultra
1630 3344 1822 3399 medicinam.

998 3437 1093 3499 Quam
1108 3435 1144 3489 sit
1158 3434 1237 3489 enirn
1253 3434 1412 3506 perditioni
1427 3433 1592 3505 proximus,
1614 3434 1679 3505 ipse
1709 3450 1765 3489 sua
1782 3448 1824 3488 nc·

998 3524 1076 3580 tiouc
1092 3524 1163 3579 satis
1176 3525 1370 3593 demonstrat,
1387 3523 1439 3596 qui
1464 3540 1517 3596 per
1545 3514 1761 3596 inquietudinis
1788 3521 1824 3577 vi·

997 3613 1071 3668 tiam
1087 3613 1117 3667 in
1133 3612 1291 3684 semetipso
1305 3628 1413 3684 pacem
1427 3613 1525 3685 perdit
1538 3614 1628 3668 etiam
1649 3613 1823 3686 priusquam

997 3703 1068 3758 toris
1083 3702 1277 3757 ol‘tsistentem
1290 3702 1431 3757 inveniat.
1459 3705 1492 3758 nt
1504 3718 1566 3775 qua
1591 3701 1822 3775 praecipitandus

997 3793 1033 3847 sit
1048 3797 1136 3866 patet,
1162 3793 1186 3847 si
1210 3792 1399 3848 occasionem
1422 3792 1529 3847 luroris
1552 3792 1707 3858 invenerit,
1737 3807 1823 3864 quem

996 3882 1078 3937 nullo
1094 3881 1233 3936 turltautc
1247 3882 1374 3937 exterius
1388 3897 1444 3936 sua
1459 3880 1538 3936 intus
1553 3879 1657 3935 levitas
1679 3885 1710 3936 ct
1733 3879 1825 3949 impa-

997 3971 1097 4026 tientia
1112 3970 1151 4026 ad
1173 3971 1303 4026 terrorem
1320 3970 1502 4043 principitem
1527 3969 1614 4041 rapit.
1643 3968 1727 4025 Unde
1751 3967 1824 4022 benc

996 4065 1157 4131 postquam
1172 4059 1377 4114 inconstantius
1388 4064 1416 4114 et
1430 4058 1554 4114 levitatis
1570 4057 1654 4127 signa
1669 4070 1825 4110 enumera-

995 4148 1046 4210 vit,
1071 4150 1192 4204 iliacus:
1208 4151 1324 4205 Attttait
1347 4151 1440 4205 acatis
1468 4150 1561 4219 dipita
1584 4147 1726 4217 loquitar,
1756 4146 1823 4201 terit

105 4249 165 4304 pro
176 4235 323 4305 crispanti
336 4235 428 4304 crine,
443 4235 597 4290 catin'tiant
607 4249 619 4304 ,·
631 4240 658 4288 et
672 4249 728 4302 pro
736 4234 834 4302 fascia
845 4238 942 4300 pecto·
992 4241 1078 4308 pede,
1095 4239 1257 4293 novissime
1268 4239 1412 4294 indicium
1425 4238 1533 4294 furoris
1543 4234 1698 4310 expressit,
1705 4235 1824 4300 dieens;

110 4326 180 4391 tali,
197 4326 327 4381 Cilicium
345 4324 450 4394 (ibid).
476 4327 548 4379 Ecce
564 4340 657 4395 quam
673 4322 826 4391 diligenter
839 4321 941 4377 Omnia
958 4366 980 4420 D
997 4330 1084 4382 (lintri
1099 4330 1343 4397 tcntporcjatpia
1358 4331 1493 4385 seminat.
1510 4328 1594 4392 Quia,
1617 4325 1694 4381 sicut
1713 4324 1825 4380 dictum

109 4413 249 4468 sanitatis
259 4413 563 4480 insiguiacnumerat,
574 4417 604 4466 ut
614 4414 676 4465 tinec
686 4409 836 4481 inquibus
849 4411 941 4465 homi-

109 4515 163 4554 ucs
184 4500 299 4555 nullam
325 4500 372 4554 vel
396 4500 562 4556 admodum
587 4515 712 4571 parvam
738 4499 858 4571 culpam
874 4517 941 4555 esse

110 4590 226 4659 putant,
242 4583 480 4658 quam'distriete
493 4603 511 4642 a
525 4592 583 4643 tteo
604 4593 775 4659 pensentur,
793 4589 938 4646 ostendat.

88 4720 90 4726 ι
146 4684 328 4740 bissulatum
345 4689 373 4740 et
388 4685 507 4741 tardum
523 4686 664 4742 Salomon
688 4687 785 4757 arguit
808 4688 910 4743 (licens
932 4707 938 4742 :

108 4774 169 4829 Per
183 4789 289 4844 aarum
304 4775 430 4830 bominis
443 4776 527 4845 pipri
541 4777 678 4841 transiri,
705 4783 732 4831 et
753 4792 810 4846 pet·
826 4779 940 4831 aitteam

109 4863 168 4919 atti
178 4864 273 4932 stulti,
284 4870 312 4919 et
326 4880 391 4919 eece
404 4870 497 4919 totam
520 4867 709 4934 repleverant
733 4868 847 4933 urtica,
872 4880 940 4934 opr-

108 4954 427 5022 rtterantsaperfirt'em
440 4957 648 5024 eja.ssptntr‚ct
660 4958 792 5010 inacerin
805 4957 940 5024 [atridam

108 5041 259 5098 destructa
273 5049 348 5099 erat.
366 5043 451 5109 Qttott
465 5060 531 5099 curn
549 5045 694 5110 aitttssetn,
710 5045 799 5113 posui
818 5046 850 5098 in
875 5060 940 5099 cor-

107 5130 144 5187 de
157 5147 220 5188 meo
235 5138 262 5187 et
278 5134 414 5202 erempta
427 5133 521 5189 didici
532 5134 721 5202 disciplinata
734 5134 835 5203 (Pron.
848 5136 939 5200 xxiv).

112 5221 266 5294 Usqtteqaa
286 5225 376 5293 piper
398 5223 537 5291 dormies,
552 5239 702 5294 usqueque
717 5224 753 5277 de
765 5239 866 5276 somno
883 5239 941 5278 non

108 5313 265 5380 consurpis
279 5314 293 5365 t
309 5311 408 5380 (t'tca.
425 5312 475 5382 vi).
504 5313 671 5367 Pardalarii
689 5311 827 5376 dormies,
853 5311 942 5363 tttotti-

108 5414 174 5456 cuttt
183 5401 358 5456 damnitabis
363 5401 539 5469 praerutilum
551 5418 618 5456 tttuu
624 5416 657 5454 ns
669 5412 802 5453 corneres
811 5403 841 5450 at
851 5399 943 5467 nititu-

107 5490 421 5559 casaromaniana
447 5506 551 5545 cursor
565 5493 676 5556 caestus
693 5491 755 5555 tua,
779 5491 805 5541 et
830 5489 944 5542 metati-

108 5575 181 5630 citas
196 5581 248 5632 taa
263 5580 350 5647 qitasi
363 5580 409 5632 uir
423 5581 558 5631 (minatus
579 5577 680 5645 (Prae.
708 5578 799 5635 xxivt.
830 5578 861 5630 tlt
880 5593 943 5631 rur·

120 5674 174 5716 am
188 5676 200 5719 .·
216 5665 347 5723 Vadead
371 5667 539 5735 formicam,
569 5678 585 5720 a
608 5665 710 5735 piper,
739 5671 766 5722 et
790 5668 946 5727 considera

996 4422 1049 4484 est,
1065 4417 1198 4488 primurn
1210 4432 1264 4489 per
1278 4417 1404 4473 levitatis
1417 4417 1522 4472 vitium
1546 4422 1574 4471 et
1589 4413 1824 4487 inquietudinem

995 4522 1056 4578 pax
1071 4506 1193 4561 interme
1211 4508 1430 4580 tranquillitatis
1442 4506 1622 4571 dissolvitur,
1635 4520 1672 4560 ac
1691 4505 1734 4560 sic
1748 4503 1826 4559 dein-

995 4595 1156 4665 deagitata
1179 4613 1264 4652 meus
1279 4597 1310 4652 in
1337 4597 1456 4652 foveam
1481 4596 1588 4651 fluoris
1614 4593 1823 4667 principitatur.

999 4686 1141 4750 Otiamvis
1156 4686 1236 4741 euim
1251 4686 1280 4740 id
1296 4686 1396 4758 ipsum
1411 4685 1494 4757 quod
1519 4684 1602 4752 dixit,
1626 4682 1764 4752 graditur
1778 4696 1825 4737 ore

994 4779 1262 4849 pe1·rers0,annuit
1278 4777 1382 4845 accitis,
1398 4779 1465 4832 terit
1474 4775 1559 4844 pede,
1573 4775 1668 4843 dipito
1682 4774 1823 4844 loquitur,

995 4870 1057 4920 tam
1072 4865 1178 4919 luroris
1193 4880 1285 4936 quam
1301 4864 1515 4936 inquietudinis
1528 4862 1650 4932 signnm
1664 4861 1711 4929 sit,
1728 4866 1825 4918 umen

995 4953 1042 5007 hio
1055 4969 1121 5007 esse
1137 4952 1211 5007 solet
1227 4953 1301 5008 ordo
1315 4952 1501 5025 perditionis,
1530 4956 1563 5007 ut
1587 4950 1723 5024 primum
1737 4951 1824 5007 hamc

995 5057 1048 5112 per
1060 5040 1306 5112 inquietudinem.
1315 5041 1514 5097 constantiam
1530 5039 1684 5110 gravitatis
1698 5039 1824 5105 deserat,

996 5150 1030 5188 ac
1044 5134 1067 5188 si
1081 5134 1203 5189 taudem
1218 5150 1310 5206 usque
1326 5135 1364 5189 ad
1380 5133 1599 5206 impatientiam
1610 5131 1723 5187 luroris
1734 5146 1825 5188 erum-

996 5227 1057 5294 pat.
1083 5224 1176 5279 Haltet
1204 5225 1293 5279 etiarn
1321 5224 1368 5280 liic
1394 5229 1506 5294 gestus
1532 5223 1563 5277 ia
1580 5226 1627 5277 cst
1647 5222 1825 5277 citatussirc

998 5311 1157 5382 inquietus,
1170 5330 1238 5368 cum
1251 5312 1332 5367 molli
1352 5329 1386 5369 ac
1401 5312 1521 5386 procaci
1544 5310 1736 5379 affinitatem,
1758 5310 1826 5384 quia

998 5399 1101 5456 linitas
1116 5402 1278 5474 aliquando
1297 5402 1459 5469 lasciviam,
1484 5399 1648 5474 aliquando
1672 5401 1827 5473 impatien·

1000 5489 1070 5545 tiam
1086 5492 1231 5559 (insinuat.
1249 5491 1400 5564 inquietus
1413 5498 1513 5559 aestus
1527 5489 1639 5546 lascivo
1666 5493 1695 5545 ct
1709 5488 1826 5563 procaei

1000 5582 1180 5650 contantini,
1207 5582 1282 5637 sient
1309 5598 1362 5653 per
1386 5581 1578 5638 Salomonem
1610 5578 1722 5635 dicitur
1749 5596 1757 5635 ε
1786 5580 1826 5634 De

999 5671 1132 5739 tetrastra
1146 5671 1249 5728 doinus
1260 5686 1334 5729 mea
1342 5686 1400 5742 per
1413 5673 1562 5729 cancettas
1570 5672 1729 5742 prospect,
1750 5675 1779 5727 et
1789 5667 1827 5726 ai
