3742 6082
74 176 127 232 att

377 166 553 226 HUGONIS
571 165 624 224 Da
642 164 672 223 S.
693 160 863 221 VICTORE
881 158 965 216 OPP.
985 159 1086 220 PARS
1104 162 1143 221 II.
1163 193 1199 206 -
1221 164 1465 224 DOGMATICA.

1723 170 1781 230 aa
1802 125 1808 139 .

79 295 248 354 tantisliter
260 294 340 350 idem
354 298 451 365 erant,
476 297 506 349 ct
533 293 572 349 ab
598 292 647 347 his
670 290 800 345 sormam
815 285 898 342 dedit
911 284 938 340 A
953 299 1013 357 quo
1029 291 1074 343 θεῖ
1081 303 1091 357 ;
1106 288 1151 344 ita
1163 289 1292 362 alicujus
1308 291 1441 363 estquis
1462 291 1499 346 de
1516 291 1620 364 aliquo
1635 299 1690 349 cst.
1707 294 1781 352 Om-

79 385 162 442 oderi
178 399 233 439 suo
246 384 356 440 artifex
369 383 462 452 Deus,
476 382 590 453 quibus
605 378 817 434 consummata
829 376 902 428 sunt

78 476 182 532 omnia
194 474 233 529 ab
247 488 310 528 aevo
324 472 539 539 inchoationis,
556 472 585 524 et
600 465 781 523 aeternitatis
794 463 902 535 princi·

76 565 128 638 pio
143 563 293 620 ordinata.

81 651 155 710 Car.
171 651 240 708 XII.
257 653 344 712 Quod
358 651 425 704 tria
441 648 587 701 visibilia
610 646 738 711 mundi,
768 645 836 698 tria
852 644 901 695 iu·

258 740 402 794 visibilia
414 737 473 794 Dei
485 738 722 791 demonstrant.

116 832 154 886 Et
171 830 297 885 iuventa
312 830 356 880 est
371 826 403 880 in
416 825 515 880 tribus
529 825 578 879 his
592 823 729 878 Trinitas
738 818 902 876 ineffabilis

79 935 147 992 quae
174 918 207 972 in
234 915 375 971 Creatore
400 913 524 985 quidem
543 928 642 967 unum
672 914 754 978 sunt,
782 908 834 965 sed
848 922 902 979 per

80 1008 225 1064 oreaturae
240 1004 370 1076 speciem
384 1003 507 1058 divisim
527 1017 558 1056 se
581 1001 620 1057 ad
634 1000 837 1071 cognitionem
859 997 899 1052 ci·

76 1094 221 1152 fundunt.
238 1093 377 1164 Suscepit
389 1078 470 1146 enim
479 1092 610 1147 formam
625 1089 786 1162 potestatis
800 1101 901 1141 rerum

78 1183 288 1250 immensitas;
305 1181 461 1253 sapientiae
474 1176 831 1252 pulchritudo,bonitatis
845 1173 902 1231 uti·

78 1272 160 1328 litas.
186 1271 225 1326 Et
240 1269 424 1327 videbantur
443 1269 507 1346 haec
528 1268 602 1323 ioris
627 1270 656 1322 et
680 1264 902 1321 concurrebant

79 1376 148 1417 cum
163 1358 223 1414 alio
237 1357 399 1413 simulacro
414 1357 497 1429 quod
511 1357 596 1411 intus
610 1355 774 1427 perfectius
789 1356 863 1407 erat.

76 1449 150 1505 Car.
180 1447 262 1503 Xlil.
290 1449 378 1508 Orroei
397 1447 584 1500 similitudo
602 1447 660 1499 Dei
683 1446 718 1497 in
739 1441 902 1498 rationali

167 1541 321 1592 creatura
331 1534 509 1604 perfectior
528 1538 576 1589 est
589 1548 688 1603 quam
709 1532 802 1600 foris.

956 375 1005 428 nis
1019 377 1100 430 enim
1116 378 1170 448 qui
1191 379 1258 448 scit,
1274 379 1391 451 aliquid
1407 380 1478 448 scit,
1506 384 1536 436 et
1557 396 1618 436 non
1644 384 1698 453 qui
1725 385 1784 440 scit

956 462 1083 535 aliquid,
1100 465 1180 520 nihil
1192 467 1258 522 scit.
1275 467 1409 523 Scientia
1423 469 1537 541 quippe
1551 470 1588 525 de
1610 471 1695 528 nullo
1712 476 1782 543 est3

956 554 986 606 et
997 552 1065 623 ipsa
1079 553 1165 609 nulla
1179 558 1233 610 est.
1260 555 1367 612 Omnis
1388 572 1459 627 ergo
1475 558 1603 614 scientia
1625 558 1664 616 de
1678 560 1784 633 aliquo

956 643 1020 708 est3
1045 643 1119 713 quia
1144 643 1169 697 si
1194 643 1273 698 nihil
1297 647 1377 700 esset
1403 645 1439 701 de
1466 661 1528 717 quo
1543 648 1671 704 scientia
1692 654 1785 720 esset,

956 730 1083 785 scientia
1110 731 1195 787 nulla
1221 738 1309 789 esset.
1337 735 1407 789 Non
1434 750 1504 805 ergo
1530 735 1563 791 iu
1578 734 1642 792 Deo
1668 742 1785 794 aeterna

956 817 1084 873 scientia
1094 819 1144 875 vel
1157 821 1348 891 praescientia
1362 826 1442 877 esset
1457 823 1517 878 nisi
1542 823 1682 880 futurum
1700 830 1782 883 esset

956 904 1074 976 aliquid
1088 906 1124 961 de
1140 924 1200 979 quo
1214 913 1301 964 esset.
1328 910 1359 966 Si
1386 926 1457 981 ergo
1484 918 1619 968 creatum
1643 914 1784 971 nihilve]

956 994 1121 1050 creandum
1145 996 1264 1067 luisset,
1291 999 1369 1054 nihil
1383 1001 1416 1055 in
1437 999 1580 1056 Crantore
1602 1002 1713 1059 scitum
1735 1004 1785 1060 vel

955 1083 1129 1155 praescitum
1144 1085 1263 1142 fuisset.
1290 1087 1334 1145 Ao
1348 1105 1402 1161 per
1413 1089 1471 1145 hoc
1483 1091 1610 1147 scientia
1636 1092 1723 1148 nulla
1735 1091 1784 1148 vel

954 1173 1147 1243 praescientia
1165 1176 1284 1232 inisset.
1312 1177 1342 1233 Si
1367 1182 1469 1234 autem
1493 1180 1621 1234 scientia
1641 1181 1728 1236 nulla
1748 1182 1782 1237 in

955 1259 1096 1316 Creatore
1105 1263 1225 1332 fuisset,
1237 1265 1400 1323 manifeste
1410 1268 1617 1339 consequitur,
1632 1269 1782 1340 quoniam

956 1364 1011 1405 nec
1021 1350 1086 1422 ipse
1099 1350 1224 1408 Creator
1239 1354 1363 1423 fuisset,
1379 1355 1433 1426 qui
1448 1357 1556 1428 utique
1569 1357 1635 1412 sine
1650 1359 1780 1414 scientia

956 1453 1022 1493 esse
1036 1454 1098 1494 non
1111 1442 1271 1512 potuisset,
1292 1444 1341 1498 cui
1356 1444 1437 1499 idem
1451 1448 1497 1500 est
1518 1447 1679 1517 essequod
1694 1449 1781 1504 scire.

957 1525 998 1581 Ut
1013 1542 1083 1597 ergo
1096 1529 1223 1584 scientia
1238 1531 1286 1585 vel
1298 1533 1489 1603 praescicntia
1508 1534 1540 1588 in
1556 1534 1697 1591 Creatore
1717 1553 1784 1592 esse

112 1624 283 1681 Rationalis
312 1625 393 1678 anim
414 1627 553 1678 creatura
577 1623 661 1678 venit
681 1622 799 1675 habens
816 1620 848 1673 in
871 1633 902 1671 sc
917 1623 942 1678 B
956 1602 1116 1686 petiisset,
1138 1634 1258 1674 necesse
1284 1625 1348 1675 erat
1363 1621 1480 1693 aliquid
1495 1638 1560 1677 esse
1574 1623 1623 1679 vei
1643 1624 1784 1681 futurum

77 1714 285 1787 perfectiorem
308 1712 417 1767 horum
441 1711 673 1767 similitudinem
695 1711 727 1764 in
741 1708 900 1764 voluntate

79 1806 109 1858 θῖ
124 1801 250 1857 consilio
268 1805 297 1855 et
311 1801 467 1872 potentia,
483 1805 513 1854 et
535 1799 723 1872 comparavit
735 1813 803 1869 quar
825 1795 900 1850 foris

76 1891 195 1947 invenit
209 1906 277 1945 eum
290 1889 339 1944 his
355 1905 423 1960 quae
441 1887 550 1943 habuit
565 1887 660 1956 intus,
690 1891 720 1942 et
741 1885 900 1957 conjunxit

78 1980 138 2036 duo
152 1980 227 2047 haec,
243 1982 278 2033 ut
296 1994 349 2049 per
363 1977 499 2033 visibilis
514 1976 684 2032 invisibilia
707 1975 832 2030 videret.
861 1973 900 2027 Et

75 2068 155 2124 vidit
166 2067 318 2124 Creatoris
332 2067 502 2138 potentiam
516 2069 546 2120 et
568 2065 750 2138 sapientiam
766 2067 795 2118 et
813 2062 899 2117 boni·

76 2159 171 2212 tatem
184 2172 202 2209 a
216 2155 399 2226 semet-ipsa,
411 2170 464 2226 per
473 2169 509 2209 ea
519 2170 587 2225 (pua¹
602 2154 677 2209 ioris
692 2154 901 2224 apparuerunt

76 2244 109 2299 in
124 2243 313 2314 agnitionem
328 2243 469 2297 excitata.
498 2242 536 2297 Et
552 2242 615 2297 haec
635 2244 722 2296 erant
737 2239 826 2311 quasi
848 2237 898 2292 ad·

76 2331 206 2388 monitio
221 2335 250 2386 et
265 2330 434 2386 recordatio
446 2331 545 2402 prima
561 2331 677 2385 trinum
702 2345 768 2384 esse
781 2327 898 2396 Deum;

76 2420 129 2476 sed
152 2418 289 2474 nondum
308 2419 443 2490 perlecta
465 2419 688 2474 consummatio
717 2417 899 2488 agnitionis,

77 2509 224 2581 quoniam
249 2507 287 2562 ad
311 2507 517 2562 substantiam
547 2511 634 2562 erant
642 2523 651 2576 3
677 2523 731 2563 nec
760 2508 901 2580 poterant

78 2597 277 2668 singulariter
302 2595 398 2651 dividi
420 2612 488 2667 quae
505 2612 601 2651 unum
623 2599 718 2651 erant.
734 2597 803 2652 Non
819 2595 900 2649 enim

77 2685 275 2757 singulariter
295 2700 433 2755 personat
456 2685 556 2741 Patris
582 2686 719 2758 potentia
743 2687 808 2739 erat
833 2699 901 2755 quae

81 2775 153 2831 Filii
168 2777 233 2829 erat
248 2778 277 2829 at
291 2773 424 2845 Spiritus
437 2776 534 2829 sancti
549 2778 633 2844 erat;
649 2790 747 2847 neque
766 2772 900 2844 singula-

80 2865 155 2919 riter
182 2863 331 2936 sapientia
359 2879 494 2935 pcrsouae
518 2863 587 2918 Filii
609 2866 683 2931 erat,
713 2880 781 2936 quae
801 2863 902 2917 Patris

954 1717 1019 1759 esse
1033 1704 1069 1759 dc
1085 1722 1146 1777 quo
1160 1723 1224 1762 esse
1236 1709 1405 1780 potuisset:
1423 1726 1493 1765 cum
1509 1712 1587 1766 sicut
1602 1711 1720 1767 dictum
1736 1718 1783 1769 est

955 1792 981 1846 si
994 1793 1030 1847 de
1040 1793 1136 1850 nihilo
1147 1802 1225 1851 esset
1235 1796 1320 1852 nulla
1330 1802 1418 1853 esset.
1434 1799 1542 1855 Omnis
1551 1802 1632 1856 enim
1649 1803 1781 1857 scientia

955 1879 1084 1952 alicujus
1097 1888 1143 1937 ast
1158 1885 1294 1954 scientia,
1311 1886 1391 1941 etde
1406 1886 1508 1958 aliquo
1531 1893 1586 1944 est.
1603 1889 1634 1944 Si
1656 1906 1728 1961 crgo
1745 1907 1783 1946 ex

954 1972 1106 2025 creaturis
1120 1972 1231 2044 pendet
1239 1975 1432 2045 praescientia
1442 1976 1593 2032 Creatoris
1607 1979 1784 2048 causaliter,

954 2058 1040 2127 prius
1067 2075 1131 2114 esse
1152 2061 1307 2118 videbitur
1322 2064 1403 2135 quod
1419 2068 1553 2120 creatum
1569 2070 1624 2136 est,
1640 2067 1708 2138 ipso
1728 2068 1784 2139 qui

955 2148 1069 2203 creavit
1083 2148 1168 2204 illud.

990 2235 1063 2293 Car.
1081 2237 1146 2292 XV.
1162 2241 1321 2299 Quomodo
1336 2243 1449 2296 omniu
1469 2244 1505 2296 iu
1519 2245 1581 2298 Deo
1596 2245 1634 2300 ab
1658 2251 1782 2301 oeterm

955 2331 1052 2380 erant
1060 2328 1261 2396 priusquam
1277 2330 1313 2382 in
1329 2332 1510 2399 semetipsis
1522 2333 1781 2401 subsisterent-et

955 2427 1068 2469 eorum
1085 2417 1158 2470 illic
1173 2420 1528 2486 nanpraescieuttasea
1543 2422 1682 2477 scientia
1695 2427 1780 2477 erat.

990 2503 1037 2556 An
1053 2502 1188 2558 dicemus
1200 2505 1282 2576 quod
1297 2508 1400 2561 omnia
1415 2508 1447 2562 in
1458 2509 1599 2565 Creatore
1613 2511 1652 2565 ab
1666 2516 1782 2566 aeterno

955 2591 1090 2645 increata
1105 2592 1231 2648 luerunt
1245 2609 1314 2665 quae
1328 2594 1366 2649 ab
1381 2596 1447 2668 ipso
1463 2597 1670 2669 temporaliter
1680 2605 1783 2654 creata

956 2682 1039 2748 sunt,
1053 2683 1082 2734 ct
1107 2681 1170 2735 illic
1189 2681 1365 2738 sciebantur
1388 2684 1440 2739 ubi
1462 2683 1672 2754 habebantur,
1692 2691 1724 2742 et
1747 2703 1783 2743 eo

955 2767 1045 2822 modo
1062 2769 1237 2825 sciebantur
1257 2771 1409 2842 quomodo
1425 2772 1620 2830 habebantur
1635 2791 1643 2843 3
1666 2779 1695 2830 et
1721 2792 1783 2831 non

956 2856 1099 2926 cognovit
1114 2857 1230 2928 aliquid
1244 2863 1331 2914 extra
1346 2876 1377 2914 se
1394 2860 1476 2916 Deus
1496 2863 1549 2934 qui
1564 2863 1667 2918 narnia
1693 2864 1783 2920 habe·

76 2956 153 3021 erat,
180 2955 210 3007 ct
237 2951 369 3024 Spiritus
396 2953 494 3007 sancti
524 2955 607 3021 erat3
646 2968 742 3024 neque
767 2951 900 3022 singula·
920 2945 1009 3021 chat
1023 2946 1056 3000 in
1071 2943 1127 3000 se?
1141 2947 1203 3002 Nec
1216 2948 1284 3002 ideo
1295 2949 1482 3019 ibiiuerunt,
1497 2951 1762 3022 quiahicfuerunt
1770 2968 1778 3021 ;

78 3041 153 3096 riter
165 3056 302 3113 personae
325 3040 458 3113 Spiritus
478 3042 576 3096 sancti
598 3041 722 3097 bonitas
736 3045 818 3110 erat,
834 3057 901 3113 quae
956 3050 1010 3089 nec
1025 3050 1118 3118 causa
1131 3035 1252 3091 illorum
1269 3037 1361 3092 luisse
1375 3038 1515 3093 credatur
1530 3055 1567 3094 ex
1581 3040 1661 3107 istis,
1678 3056 1779 3113 neque

79 3128 181 3183 Patris
200 3132 275 3197 erat,
291 3131 321 3183 et
336 3129 407 3184 Filii
427 3133 511 3198 erat3
532 3129 584 3185 sed
596 3130 821 3202 praedicabatur
839 3130 903 3185 Tri·
955 3123 1023 3179 ideo
1032 3123 1092 3179 huc
1106 3129 1257 3180 venerunt
1271 3126 1345 3197 quia
1359 3126 1402 3180 ibi
1430 3128 1566 3194 fuerunt,
1597 3129 1687 3200 qrrasi
1716 3145 1782 3185 esse

77 3216 160 3272 nitas
175 3232 212 3273 ex
222 3217 365 3285 istis,non
379 3217 611 3287 significabatur
624 3219 656 3273 in
668 3219 748 3287 istis;
763 3222 901 3288 ettamen
956 3228 1017 3268 non
1029 3214 1201 3285 potuissent
1215 3214 1268 3268 illa
1281 3216 1346 3270 sine
1360 3216 1437 3271 istis.
1448 3216 1527 3271 Nam
1543 3221 1572 3272 et
1587 3216 1641 3271 illa
1650 3217 1783 3274 fuissent

77 3304 141 3361 haec
155 3305 214 3360 tria
228 3309 342 3360 aeterna
362 3309 458 3374 erant,
486 3309 515 3361 et
536 3322 627 3361 causa
652 3307 790 3362 omnium
814 3311 901 3362 erant
955 3301 1047 3356 etiam
1060 3302 1087 3356 si
1101 3303 1161 3357 ista
1175 3319 1212 3357 ex
1222 3302 1283 3359 illis
1299 3304 1406 3359 futura
1418 3306 1641 3374 nonfuissent3
1659 3310 1782 3364 tantum

76 3396 107 3449 et
120 3393 247 3466 perhaec
257 3393 340 3447 iacta
352 3396 426 3448 sunt
440 3393 588 3459 omnia‚et
602 3394 669 3465 ipsa
680 3411 740 3451 uon
752 3399 825 3450 sunt
839 3396 899 3451 fac·
953 3388 1083 3444 istorum
1097 3405 1189 3445 causa
1211 3406 1273 3446 non
1296 3391 1438 3462 fuissent,
1464 3394 1490 3449 si
1508 3394 1569 3449 ista
1592 3393 1700 3452 lutura
1720 3412 1782 3453 non

75 3484 128 3550 ta3
142 3484 172 3537 et
197 3478 423 3550 assignavimus
441 3481 573 3536 bonitati
588 3482 789 3553 voluntatem,
813 3487 843 3539 et
858 3499 901 3539 sa·
954 3477 1094 3532 fuissent-

75 3570 187 3644 pientes
202 3569 454 3641 dispositionem,
471 3572 500 3625 et
522 3573 666 3644 potestati
681 3574 898 3645 operationem.
954 3564 1027 3621 CAP·
1044 3565 1123 3621 XVI·
1139 3569 1175 3620 Si
1188 3583 1240 3623 res
1259 3569 1386 3638 futurae
1403 3585 1468 3626 uon
1489 3570 1634 3639 fuissent
1649 3575 1780 3643 sapien·

74 3660 113 3716 m
138 3659 276 3715 oboritur
311 3659 496 3730 conquisitio
526 3661 628 3730 gravis
652 3665 681 3716 et
703 3663 899 3733 investigatio

74 3747 230 3820 profunda
260 3747 297 3802 de
327 3747 485 3803 voluntate
511 3749 577 3818 Dei,
601 3754 630 3806 et
652 3750 689 3807 de
708 3753 900 3823 praescientia

74 3835 203 3903 illius,et
216 3835 418 3905 providentia,
431 3840 461 3891 et
468 3837 678 3909 dispositione,
695 3844 724 3895 θῖ
736 3845 896 3913 potestate.

76 3920 150 3977 Haec
164 3922 246 3976 euim
259 3923 363 3975 omnia
382 3923 414 3977 in
430 3925 531 3979 causis
547 3941 648 3981 rerum
671 3929 854 3997 consistunt,
871 3932 900 3983 st

77 4010 226 4081 objiciunt
247 4025 305 4080 que
322 4010 522 4079 questionem
543 4014 774 4084 investigationi
796 4033 901 4089 propo

76 4100 151 4155 sitae.

77 4187 136 4240 Gar.
153 4185 215 4237 Xltl.
227 4183 261 4236 lle
276 4185 424 4236 scientiori
435 4185 605 4250 prescientia
621 4186 682 4252 llei3
696 4195 720 4240 et
733 4189 806 4255 quod
822 4205 854 4242 ea
869 4205 900 4243 ea

198 4265 228 4317 in
252 4264 331 4316 rebus
345 4265 483 4317 necessitas
498 4267 644 4331 provenire
659 4268 775 4321 videtm.

111 4348 239 4404 Videtur
254 4347 335 4402 enim
355 4347 388 4400 in
414 4347 512 4402 Deum
539 4350 704 4405 necessitas
728 4353 833 4408 cadere
855 4369 899 4409 re·

76 4453 145 4493 rum
159 4435 380 4505 faciendarum,
396 4437 485 4507 quasi
500 4436 624 4492 Creator
636 4453 701 4495 esse
721 4456 784 4496 non
797 4448 900 4513 posset

76 4526 137 4580 nisi
152 4527 292 4579 creatura
302 4526 390 4578 esset.
404 4522 522 4578 Deinde
537 4540 573 4579 ex
585 4526 652 4598 ipsa
667 4530 857 4599 praescientia
872 4536 901 4587 ct

76 4612 269 4686 providentia
284 4610 339 4665 Dei
365 4610 425 4665 alia
448 4614 612 4669 necessitas
640 4617 672 4670 in
697 4619 787 4673 rebus
811 4621 900 4676 iactis

74 4701 124 4756 vel
137 4699 285 4755 iaciendis
299 4701 469 4771 provenire,
487 4703 575 4773 quasi
600 4704 663 4759 fieri
680 4721 740 4761 non
754 4709 851 4779 possit
865 4713 900 4764 ut

76 4805 138 4845 non
154 4789 274 4843 eveniat
294 4788 376 4860 quod
391 4790 554 4860 praevisum
566 4795 611 4846 est
633 4792 681 4848 vel
695 4797 868 4866 praescitum
882 4814 899 4851 a

75 4879 139 4936 Deo
149 4892 156 4946 ;
167 4876 249 4949 quod
257 4881 421 4948 utrumque
432 4880 498 4950 pari
510 4880 898 4940 inconvenientiaanimum

75 4966 179 5040 pulsat
204 4969 233 5019 et
260 4965 533 5023 considerationem
562 4971 731 5040 perturbat.
760 4973 898 5029 Primum

76 5072 148 5127 ergo
163 5052 417 5109 considerandum
440 5058 485 5109 est
505 5072 566 5127 qua
585 5059 704 5114 ratione
727 5077 827 5117 rerum
854 5064 897 5118 ia·

76 5143 250 5201 ciendarum
268 5142 432 5196 necessitas
454 5144 486 5197 in
510 5144 607 5199 Deum
632 5147 737 5204 cadere
759 5152 899 5208 videatur

74 5250 112 5290 ex
140 5230 330 5305 praescientia
356 5234 385 5284 et
408 5230 600 5301 providentia
626 5249 663 5288 ex
697 5235 897 5308 dispositione

76 5325 105 5378 et
118 5318 385 5395 praedestinatione
406 5333 510 5373 corum
532 5336 600 5391 quae
622 5322 761 5378 iacienda
775 5326 898 5383 fuerant

74 5411 113 5466 ab
129 5411 206 5483 ipso.
225 5409 332 5465 Omnis
353 5407 433 5462 enim
455 5407 591 5477 scientia,
606 5413 635 5464 θῖ
652 5412 854 5484 praescientia,
868 5421 897 5472 et

72 5498 276 5572 providentia,
300 5501 329 5552 et
348 5494 508 5567 dispositio
531 5495 580 5551 vel
604 5498 831 5568 praedestinatio
859 5506 897 5562 ad

991 3658 1040 3709 tia
1057 3657 1113 3710 bei
1134 3659 1274 3713 scientia
1300 3664 1392 3727 esset,
1415 3662 1470 3715 sed
1486 3663 1699 3728 praescientia
1716 3678 1781 3719 non

990 3747 1164 3800 diceretur.
1809 3806 1815 3820 Ι

990 3833 1029 3887 Et
1041 3833 1151 3890 suisset
1164 3834 1287 3906 quidem
1303 3835 1430 3890 scientia
1445 3851 1549 3892 eorum
1570 3853 1637 3909 quaa
1662 3842 1781 3906 esseut3

953 3921 1145 3992 praescientia
1159 3927 1261 3978 autem
1276 3939 1338 3978 non
1353 3924 1463 3979 luisset
1475 3940 1660 3997 eorumquae
1676 3927 1784 3983 lutura

954 4024 1015 4064 non
1031 4014 1141 4065 essent.
1158 4011 1222 4067 Noc
1236 4012 1346 4066 idcirco
1361 4012 1465 4068 minus
1480 4014 1597 4086 aliquid
1610 4015 1644 4069 in
1658 4015 1781 4071 Creato-

954 4111 986 4151 re
997 4096 1106 4154 luisset
1124 4099 1149 4154 si
1173 4100 1483 4170 praescientiaeorum
1508 4118 1576 4173 quae
1599 4118 1659 4157 non
1681 4107 1784 4159 essent

954 4185 1060 4241 futura
1071 4203 1132 4242 non
1147 4189 1266 4258 fuisset,
1281 4189 1432 4261 quiaipsa
1444 4205 1512 4261 quaa
1526 4192 1719 4262 praescientia
1735 4196 1782 4247 est

954 4275 1081 4330 seientia
1093 4276 1213 4342 suisset,
1230 4277 1320 4331 etiam
1338 4277 1364 4331 si
1379 4277 1571 4348 praescientia
1583 4295 1646 4334 non
1660 4279 1783 4349 luisset,

954 4365 1101 4433 quoniam
1116 4365 1257 4419 futurum
1272 4365 1389 4436 aliquid
1404 4381 1466 4421 non
1483 4367 1602 4422 luisset.

955 4450 1029 4507 Car.
1046 4452 1140 4507 XVII.
1160 4455 1320 4513 Quomodo
1342 4459 1521 4523 utrumque
1536 4461 1699 4512 oelernum
1723 4463 1781 4526 est,

1049 4545 1081 4594 et
1090 4543 1282 4609 praescitum
1297 4557 1364 4596 esse
1380 4547 1410 4596 et
1431 4542 1587 4610 ficturum
1604 4559 1681 4600 esse.

990 4627 1079 4683 Nune
1092 4632 1195 4684 autem
1211 4628 1292 4700 quod
1308 4630 1347 4684 ab
1362 4634 1475 4684 aeterno
1489 4632 1663 4702 praecitum
1679 4636 1726 4689 est
1743 4633 1781 4688 ab

954 4718 1067 4770 aeterno
1082 4717 1221 4771 futurum
1237 4722 1304 4785 estg
1321 4719 1350 4771 et
1371 4734 1433 4772 non
1450 4722 1495 4795 est
1510 4723 1657 4774 aeternum
1678 4721 1781 4793 ipsum

953 4805 1035 4876 quod
1049 4805 1188 4860 futurum
1201 4805 1337 4869 estQuia
1348 4806 1373 4860 si
1383 4810 1531 4862 aeternum
1545 4808 1781 4877 esset,iuturum

954 4907 1014 4947 non
1030 4897 1109 4947 esset
1124 4893 1177 4948 sed
1198 4908 1340 4964 praesens.
1357 4894 1396 4948 Et
1422 4911 1483 4950 non
1498 4896 1586 4968 prius
1604 4899 1780 4969 praescitum

952 4982 1012 5036 fuit
1026 4997 1119 5053 quam
1134 4981 1274 5036 futurum
1286 4982 1345 5037 luit
1355 4983 1408 5038 sed
1421 4986 1507 5056 prius
1520 4987 1698 5058 praescitum
1710 4989 1780 5058 fuit,

952 5071 1075 5142 etprius
1085 5070 1224 5124 luturum
1234 5071 1292 5125 fuit
1305 5087 1398 5142 quam
1410 5074 1479 5129 luit.
1490 5074 1780 5147 Etautequamluit‚

952 5158 1075 5229 quando
1086 5158 1185 5212 adhuc
1196 5158 1336 5213 futurum
1349 5160 1523 5233 luitpotuit
1535 5179 1601 5218 esse
1612 5165 1781 5220 secundum

951 5247 1240 5315 contingensutnon
1251 5247 1452 5316 fieret;ethoc
1463 5266 1581 5335 semper
1588 5253 1779 5323 potuitesse,

952 5333 1088 5405 quandiu
1103 5335 1243 5390 futurum
1254 5336 1314 5390 fuit
1329 5340 1362 5391 ut
1379 5353 1440 5392 non
1455 5339 1550 5409 fieret,
1567 5340 1648 5395 sicut
1659 5357 1779 5415 semper

950 5422 1090 5477 futurum
1105 5423 1165 5478 luit
1180 5427 1214 5479 ut
1228 5425 1321 5480 fieret.
1338 5425 1425 5490 Quod
1439 5428 1580 5484 futurum
1594 5428 1655 5483 fuit
1670 5431 1710 5484 ad
1723 5430 1779 5486 hoc

951 5513 1108 5584 spectabat
1122 5512 1204 5585 quod
1219 5514 1359 5569 futurum
1374 5515 1453 5584 fuit3
1480 5517 1562 5589 quod
1577 5533 1643 5573 esse
1665 5520 1777 5591 potuit,

74 5586 192 5658 aliquid
205 5601 269 5642 esse
277 5584 408 5654 videtur,
423 5588 452 5640 et
466 5583 596 5656 alicujus
607 5600 672 5642 esse
686 5587 816 5647 videtur.
831 5593 897 5651 Om-
950 5599 989 5655 sd
1015 5601 1071 5656 hoc
1099 5602 1256 5673 spectabat
1281 5603 1362 5674 quod
1384 5619 1450 5659 esse
1464 5606 1566 5677 potuit
1581 5610 1611 5661 et
1632 5607 1776 5664 futurum

72 5674 122 5732 nis
136 5675 250 5748 quippe
262 5675 391 5733 scicntia
403 5674 482 5732 sicut
497 5672 626 5747 alicujus
641 5678 687 5733 est
706 5679 779 5750 quia
792 5681 826 5740 in
841 5685 894 5743 ali·
949 5704 1012 5745 nou
1025 5689 1095 5747 luit.
1111 5690 1151 5746 m
1165 5691 1329 5750 currebant
1343 5692 1435 5751 simul
1449 5693 1489 5749 ab
1506 5698 1620 5753 aeterno
1633 5695 1696 5754 duo
1712 5696 1778 5757 haec
