3742 6082
11 192 22 212 ‘
79 175 132 234 331
382 179 562 240 HUGONIS
580 180 634 241 DE
651 181 682 241 S.
701 179 874 241 VICTORE
891 178 977 236 OPP.
997 176 1097 236 PARS
1115 175 1154 234 H.
1174 207 1209 220 -
1228 176 1472 237 DoaMATmn.
1732 184 1790 244 332

82 309 112 362 et
125 307 286 364 aestimare.
303 308 407 366 Minus
421 309 489 367 dico
507 326 568 366 non
590 313 741 382 quantum
765 308 803 363 ad
815 306 904 362 meri·
921 304 949 361 A
961 304 1084 362 illorum
1097 308 1354 383 nonpertingunt.
1367 309 1519 382 Scriptum
1531 312 1577 366 est
1588 327 1594 366 ι
1604 313 1703 368 Boves
1713 327 1790 367 ara

83 395 220 465 tum‚sed
234 401 386 469 quantum
397 399 436 454 ad
451 400 666 469 cognitionem.
678 398 745 453 Nisi
758 397 839 452 enim
852 411 910 451 cre
963 396 1042 451 bont
1055 401 1087 451 et
1110 399 1215 452 osinoe
1236 398 1458 467 poscebantur
1478 402 1578 466 justa
1593 415 1645 455 eoa
1661 400 1737 472 (lob.
1752 400 1787 472 1).

83 483 153 541 dere
167 486 332 559 aliquando
346 491 496 560 quantum
516 488 554 541 ad
578 487 721 541 meritum
745 486 814 558 plus
831 488 909 541 esset
963 483 1121 556 Simplices
1131 486 1244 558 quippe
1256 487 1289 542 in
1301 491 1407 542 saneta
1416 486 1550 544 Ecclesia
1564 490 1707 560 quamvis
1716 505 1789 545 curn

85 576 910 650 quamveravidere,nequaqnamvisiosubtraheretur
962 574 1104 645 perfectis
1119 575 1238 630 occulta
1252 580 1512 631 sacramentorum
1533 578 1589 632 Dei
1604 579 1709 633 rimari
1725 594 1789 634 non

86 668 122 720 ut
143 665 218 721 fides
238 670 413 722 mereretur.
435 666 498 722 Nec
522 667 638 722 dictum
657 667 767 721 fuisset
788 682 793 719 :
814 665 909 720 Beati
962 661 1096 732 valeant;
1112 664 1185 735 quia
1202 667 1303 718 tamen
1320 679 1352 720 se
1366 665 1405 719 ab
1430 664 1552 721 illorum
1568 667 1711 722 societate
1725 683 1789 724 non

45 744 52 756 '
85 757 144 824 qui
166 770 230 811 non
252 757 406 810 viderunt
428 761 458 811 et
484 757 697 811 crediderunt
720 757 824 826 (loon.
840 753 906 823 xx).
962 751 1104 807 dividunt
1120 753 1208 824 quasi
1220 753 1311 824 juxta
1325 768 1376 809 eos
1399 754 1492 826 positi
1512 755 1545 809 in
1561 755 1665 811 eadem
1680 756 1740 812 fide
1760 759 1790 812 et

84 844 245 916 Propterea
260 844 324 899 dixi
338 844 457 900 credere
472 844 638 916 ahquando
653 844 722 917 plus
736 858 907 915 essequam
963 857 1016 913 spe
1028 841 1105 896 hene
1120 841 1273 913 operando
1289 857 1319 896 se
1332 847 1471 913 pascunt.
1486 842 1534 898 Sic
1549 858 1619 914 ergo
1643 844 1718 900 fides
1734 845 1788 900 ali·

83 933 196 1001 videre,
212 932 265 987 sed
288 936 438 1005 quantum
454 934 494 989 ad
517 935 660 989 meritum
675 949 738 988 non
756 935 908 1005 quantum
963 930 1086 1002 quando
1101 946 1171 986 cum
1186 932 1360 1001 cognitione
1381 935 1437 1001 eet,
1454 932 1577 1004 quando
1593 933 1688 989 scitur
1705 934 1790 1006 quod

85 1021 123 1076 ad
137 1021 293 1092 gaudium.
306 1023 613 1096 Alioquinquantum
628 1023 666 1078 ad
677 1022 832 1078 cumulum
844 1021 907 1076 feli·
962 1019 1105 1089 creditur;
1116 1019 1283 1092 aliquando
1291 1020 1671 1093 sinecognitione,quando
1680 1024 1790 1081 scienti

83 1111 185 1166 citatis
199 1114 229 1167 et
243 1112 459 1183 perfectionem
471 1113 610 1168 veritatis
625 1112 695 1184 plus
718 1115 763 1167 est
778 1126 907 1183 praesen·
962 1113 1084 1166 tantum
1099 1113 1130 1165 et
1154 1109 1294 1165 credendi
1318 1109 1459 1165 creditur.
1476 1111 1605 1167 Necesse
1620 1116 1666 1168 eet
1684 1116 1789 1168 tamen

83 1203 144 1255 tem
160 1200 262 1256 videre
277 1217 371 1272 quam
385 1203 543 1258 absentem
558 1201 687 1271 credere,
701 1202 781 1256 sicut
796 1204 825 1256 et
838 1199 909 1272 plus
963 1215 1081 1271 semper
1095 1199 1231 1271 aliquam
1254 1199 1459 1270 cognitionem
1473 1215 1538 1256 esse
1561 1216 1631 1256 cum
1645 1201 1704 1257 fide
1719 1219 1789 1274 quae

85 1292 132 1344 est
145 1289 204 1344 fide
219 1293 299 1345 stare
314 1306 407 1362 quam
422 1292 565 1364 opinione
580 1295 698 1346 nutare.
711 1291 801 1347 Recte
814 1290 909 1360 igitur
961 1288 1061 1360 ipsam
1071 1288 1161 1343 fidem
1172 1303 1226 1360 per
1238 1288 1439 1343 intentionem
1450 1288 1572 1359 dirigat3
1582 1289 1655 1361 quia
1668 1291 1695 1345 si
1708 1291 1790 1347 nihil

83 1378 260 1434 dictumest
277 1397 282 1434 :
301 1402 312 1429 ι
330 1381 420 1436 Fides
440 1385 486 1437 est
510 1381 660 1437 certitudo
684 1396 785 1435 rerum
801 1379 908 1434 absen·
962 1391 999 1432 ex
1015 1376 1144 1449 hisquae
1159 1376 1307 1432 credenda
1323 1380 1397 1432 sunt
1409 1381 1649 1448 cognosceretur,
1662 1393 1725 1434 non
1740 1378 1791 1435 ha·

83 1469 161 1524 tium
176 1484 269 1541 supra
284 1469 458 1541 opinionem
473 1475 503 1526 et
525 1470 608 1526 inira
623 1470 781 1525 scientiam
796 1468 906 1524 consti·
961 1465 1046 1522 beret
1060 1466 1134 1521 fides
1149 1481 1211 1538 quo
1226 1481 1258 1521 se
1272 1481 1326 1538 per
1339 1466 1542 1521 intentionem
1554 1467 1586 1521 in
1602 1467 1683 1523 bono
1698 1483 1789 1540 opere

84 1556 466 1623 tuta.1Quamvisetiam
483 1575 685 1632 nonunquam
704 1560 772 1631 ipsa
787 1573 856 1630 quae
871 1572 908 1612 ex
962 1555 1115 1626 dirigeret,
1141 1571 1239 1628 neque
1261 1555 1299 1611 ad
1323 1556 1397 1627 quid
1420 1557 1497 1611 hene
1523 1557 1676 1629 operando
1703 1565 1789 1631 spem

82 1648 226 1719 praesenti
241 1647 495 1721 contemplatione
510 1650 647 1705 nascitur
661 1647 821 1716 certitudo,
838 1647 947 1713 ahu-13
963 1661 1051 1700 suam
1064 1645 1219 1701 excitaret.
1236 1645 1294 1701 Sed
1309 1645 1393 1701 eliud
1417 1650 1462 1701 est
1483 1647 1516 1700 in
1538 1646 1725 1717 quibusdam
1740 1663 1788 1703 co·

84 1738 148 1792 aive
162 1738 237 1793 fides
252 1738 430 1812 appelletur.
446 1740 491 1795 De
505 1739 558 1795 illa
584 1743 685 1795 autem
705 1752 773 1810 quaa
788 1737 909 1809 proprie
962 1736 1131 1806 gnitionem
1144 1735 1203 1791 nde
1216 1735 1438 1804 transcendere,
1455 1735 1539 1790 aliud
1556 1735 1609 1790 illa
1624 1751 1693 1808 quae
1708 1752 1788 1793 nun-

84 1827 255 1899 appellatur
278 1828 362 1899 fides,
385 1829 500 1885 dictum
525 1832 572 1884 est
597 1847 602 1883 :
627 1852 637 1878 ι
658 1828 738 1883 Nam
762 1827 789 1882 si
811 1826 907 1896 vides,
962 1840 1056 1896 quam
1070 1824 1241 1895 ignoranda
1255 1828 1328 1880 sunt
1342 1825 1490 1880 credenda
1506 1825 1630 1881 nescire.
1645 1825 1711 1881 illic
1725 1841 1788 1882 me·

83 1920 204 1973 nonest
218 1917 301 1973 fides.
325 1939 337 1967 »
962 1915 1057 1969 ritum
1090 1914 1164 1969 fides
1190 1914 1283 1969 habet
1315 1914 1369 1969 ubi
1400 1915 1492 1969 etiam
1519 1915 1693 1986 cognitione
1724 1931 1789 1971 non

359 2062 364 2073 ,
423 2062 428 2074 ,
500 2061 506 2074 .
597 2062 603 2074 .
962 2003 1117 2072 discernit3
1134 2003 1183 2058 hic
1197 2003 1272 2075 quia
1287 2019 1304 2057 a
1319 2003 1492 2074 cognitione
1507 2004 1633 2059 omnino
1647 2004 1788 2060 destitui·

84 2057 157 2116 Car.
172 2058 228 2114 ΙΙΙ.
246 2062 321 2121 Quoe
333 2065 403 2115 erat
416 2062 478 2116 atla
494 2076 530 2114 cn
544 2062 661 2130 quibua
676 2061 756 2132 fides
769 2065 905 2117 constat.
961 2095 1013 2147 tur
1026 2091 1108 2147 cadit
1121 2093 1199 2164 ipsa,
1217 2094 1247 2148 et
1260 2091 1335 2148 fides
1349 2093 1415 2164 ejus
1429 2091 1559 2147 desistit·
1597 2067 1602 2079 '

117 2185 187 2240 Duo
199 2189 272 2241 sunt
285 2186 318 2240 in
331 2185 445 2257 quibus
454 2186 528 2241 fides
536 2189 672 2242 constat:
684 2187 818 2257 cognitio
830 2191 860 2242 et
868 2185 909 2241 ai·

84 2273 192 2344 fectus,
205 2274 237 2328 id
250 2277 296 2329 est
310 2275 483 2330 constantia
497 2274 688 2330 velfirmitas
703 2274 853 2331 credendi.
871 2275 907 2332 In

84 2362 179 2417 altero
195 2365 315 2418 constat
328 2363 402 2435 quia
424 2364 492 2435 ipsa
512 2361 589 2418 illud
602 2367 662 2430 est;
680 2364 713 2419 in
726 2363 821 2419 altero
836 2379 906 2419 con·
997 2362 1066 2417 Duo
1082 2365 1155 2417 sunt
1170 2361 1336 2417 secundum
1347 2376 1416 2433 quae
1426 2360 1501 2416 fides
1515 2374 1646 2416 crescere
1661 2359 1784 2416 dicitur:

83 2454 146 2507 stat
160 2452 233 2523 quia
247 2452 315 2523 ipsa
328 2452 361 2507 in
369 2451 421 2507 illo
437 2455 491 2507 est.
505 2451 541 2507 In
552 2452 660 2508 affectu
673 2453 755 2507 enim
766 2452 909 2508 substan·
961 2452 1095 2523 cognitio
1110 2454 1140 2506 et
1154 2451 1290 2520 affectus,
1303 2450 1335 2505 id
1350 2454 1395 2505 est
1409 2451 1583 2505 constantia
1597 2449 1646 2505 vel
1656 2449 1790 2507 firmitas

84 2541 127 2596 tia
139 2540 211 2596 fidei
223 2541 396 2609 invenitur3
411 2541 445 2596 in
464 2541 646 2612 cognitione,
663 2542 800 2597 materia.
815 2542 908 2598 Aliud
963 2540 1114 2596 credendi.
1139 2539 1312 2595 Secundum
1336 2539 1540 2610 cognitionem
1565 2537 1640 2594 fides
1668 2540 1789 2608 crescit,

82 2631 164 2687 enim
176 2634 221 2686 est
235 2631 310 2686 fides
325 2645 387 2702 qua
401 2629 581 2698 creditur3et
594 2631 677 2686 aliud
688 2631 771 2703 quod
783 2632 841 2687 fide
850 2648 908 2688 cre·
960 2630 1084 2702 quando
1093 2629 1232 2685 eruditur
1239 2628 1278 2684 ad
1284 2628 1453 2684 scientiam.
1463 2627 1636 2683 Secundum
1644 2627 1788 2684 affectum

82 2720 175 2776 ditur.
192 2721 227 2776 In
242 2721 351 2776 affectu
363 2721 520 2776 invenitur
532 2719 622 2790 fides;
641 2721 675 2775 in
690 2720 862 2792 cognitione
876 2721 908 2777 id
960 2719 1076 2788 crescit,
1093 2717 1217 2791 quando
1231 2718 1270 2773 ad
1283 2717 1474 2773 devotionem
1490 2717 1641 2772 excitatur
1652 2720 1682 2772 et
1697 2716 1786 2772 robo-

83 2809 165 2881 quod
180 2809 238 2864 fide
253 2809 396 2865 creditur.
413 2810 576 2882 Propterea
590 2809 665 2865 fides
679 2809 713 2864 in
727 2810 836 2865 affectu
854 2811 906 2866 ha·
960 2806 1602 2872 raturadconetuntiam.Quorumdamfides
1612 2806 1788 2877 cognitione

81 2897 133 2953 het
148 2899 365 2969 substantiam,
381 2900 455 2971 quia
475 2900 601 2955 affectus
623 2899 688 2971 ipse
706 2898 780 2954 fides
800 2902 861 2968 est;
874 2899 907 2954 in
959 2901 1136 2969 magnaest3
1148 2895 1787 2971 afiactnprrranuorumdamveroatlectu

80 2987 252 3058 cognitione
266 2988 360 3043 habet
373 2990 544 3059 materiam,
561 2990 635 3061 quia
657 2989 694 3045 de
705 2989 758 3045 illo
774 2993 804 3045 et
818 2989 857 3044 ad
869 2989 902 3044 il·
923 3007 946 3063 (χ
960 3003 1073 3059 magna
1085 2987 1258 3059 cognitione
1270 3002 1374 3058 parva.
1390 2985 1452 3040 Alii
1466 2986 1555 3041 fidem
1569 2988 1599 3040 et
1612 2985 1786 3056 cognitione

79 3075 134 3131 lud
145 3077 226 3149 quod
235 3078 268 3131 in
279 3079 451 3148 cognitione
462 3079 599 3149 est,fides
607 3083 661 3135 est.
670 3079 798 3135 Credere
809 3079 906 3149 igitur
959 3078 1110 3133 etaffectu
1131 3091 1277 3147 magnam
1289 3075 1413 3131 hahent.
1427 3075 1488 3130 Alii
1511 3078 1542 3129 et
1562 3074 1736 3144 cognitione
1756 3077 1787 3129 et

81 3163 113 3218 in
129 3164 239 3218 affectu
263 3168 319 3233 est,
334 3166 656 3236 quodvero=creditur
676 3168 709 3223 in
732 3169 904 3240 cognitione
959 3167 1068 3222 affectu
1087 3182 1224 3239 parvam.
1243 3166 1458 3221 Verumtamen
1472 3164 1614 3219 affectum
1637 3179 1786 3235 magnum

80 3251 356 3323 est.Gognitionem
365 3258 467 3310 autem
475 3254 524 3310 hic
534 3256 735 3327 intelligimus
746 3257 903 3312 scientiam
958 3256 991 3311 in
1005 3256 1064 3311 fide
1076 3256 1175 3326 magis
1190 3254 1376 3310 laudabilem
1389 3270 1454 3309 esse
1471 3269 1564 3325 quarn
1579 3254 1785 3325 cognitionem

80 3356 181 3397 rerum
197 3357 259 3397 non
272 3341 357 3397 illam
372 3358 441 3414 quae
455 3359 492 3397 ex
502 3345 666 3415 praesentia
676 3346 813 3416 ipsarum
824 3361 903 3402 com·
958 3361 1103 3416 magnam
1127 3346 1279 3400 Dominus
1299 3345 1461 3400 manifeste
1475 3343 1608 3400 ostendit
1622 3343 1675 3398 uhi
1694 3343 1785 3398 fidem

80 3431 290 3503 prehenditur,
299 3432 351 3487 sed
362 3432 447 3488 illam
459 3449 527 3505 quaa
536 3432 643 3488 auditu
653 3433 717 3489 solo
727 3435 903 3506 percipitur,
959 3449 1054 3505 grano
1065 3434 1181 3505 sinapis
1190 3432 1653 3505 comparavit,quodquantitate
1661 3431 1785 3503 quidem

80 3523 110 3576 et
124 3536 161 3576 ex
175 3521 337 3578 verborum
353 3522 574 3593 significatione
588 3522 814 3578 manifestatur.
827 3522 904 3578 Cum
958 3538 1088 3595 parvum
1103 3521 1210 3578 estsed
1223 3537 1284 3577 non
1295 3522 1421 3577 fervore.
1432 3522 1523 3576 Hunc
1532 3519 1653 3576 mulieri
1663 3519 1784 3575 Chana-

80 3609 157 3666 illud
172 3611 254 3682 quod
266 3610 378 3667 dicitur
387 3615 417 3666 et
427 3612 466 3666 ab
479 3611 531 3666 illo
542 3612 596 3683 qui
606 3611 702 3681 audit,
711 3611 902 3683 intelligitur,
959 3628 1023 3668 nere
1047 3628 1156 3685 parum
1178 3610 1301 3683 quidem
1322 3610 1422 3666 adhuc
1444 3610 1550 3666 scienti
1576 3609 1629 3664 sed
1650 3609 1784 3664 multum

80 3700 163 3772 quod
178 3700 299 3770 dicitur,
311 3700 403 3756 etiam
419 3701 566 3756 sinesciat
582 3703 686 3756 utrum
695 3702 735 3756 sit
743 3717 782 3756 an
791 3716 853 3757 non
864 3703 905 3758 sit
959 3702 1133 3770 confidenti,
1148 3700 1263 3756 dictum
1280 3703 1326 3755 est
1344 3717 1349 3753 :
1366 3701 1489 3754 Mulier
1503 3712 1625 3768 maana
1638 3704 1688 3752 est
1702 3699 1785 3770 fides

78 3787 123 3842 ita
137 3791 172 3842 ut
182 3788 305 3856 dicitur;
315 3789 442 3844 scientia
453 3792 556 3844 tamen
567 3792 613 3844 est
621 3789 809 3861 inquantum
819 3789 905 3845 intel·
959 3796 1018 3846 tua
1033 3791 1161 3861 (Mutat.
1178 3789 1242 3858 xv).
1259 3789 1314 3845 Illa
1340 3804 1473 3860 namque
1497 3786 1577 3859 apud
1596 3786 1696 3841 Deum
1710 3787 1786 3843 fides

79 3872 245 3944 ligitetscit
256 3875 330 3947 quid
343 3880 388 3932 est
397 3876 480 3948 quod
489 3877 610 3933 dicitur.
624 3878 905 3933 Haecautenrscien·
958 3895 1071 3951 magna
1084 3879 1261 3951 repudatur,
1271 3893 1339 3949 quaa
1351 3878 1407 3932 etsi
1418 3878 1521 3932 minus
1531 3875 1633 3946 vigeat
1643 3876 1783 3945 scientia,

82 3963 125 4017 tia
131 3964 264 4033 cognitio
271 3968 326 4031 est,
334 3980 403 4034 quae
414 3966 564 4020 sicutsine
570 3965 624 4020 illa
633 3967 761 4021 scientia
770 3982 903 4023 essenon
957 3985 1012 4043 per
1021 3968 1226 4023 constantiam
1239 3970 1342 4021 tamen
1352 3966 1428 4021 soris
1438 3963 1703 4021 ostenditur.Gum
1712 3979 1785 4035 ergo

78 4054 180 4124 potest
193 4068 256 4124 qua
269 4067 318 4107 res
333 4067 397 4107 esse
420 4053 469 4108 vel
487 4069 549 4108 non
572 4069 636 4108 esse
660 4055 765 4125 scitur,
778 4056 823 4109 ita
838 4057 903 4112 sine
957 4057 1032 4112 fides
1046 4057 1218 4128 cognitione
1238 4055 1354 4125 crescit,
1370 4054 1545 4126 adjuvatur,
1561 4068 1630 4109 curn
1653 4068 1726 4108 vero
1740 4053 1785 4107 af·

78 4140 137 4197 fide
152 4156 217 4196 esse
229 4144 399 4214 potestque
409 4157 457 4197 ree
467 4157 532 4197 esse
545 4141 593 4197 vel
608 4157 669 4197 non
680 4158 745 4198 esse
759 4144 901 4202 creditur.
957 4142 1786 4216 iectucrescitprorneretur.ltemsecundumincremen-

78 4231 126 4288 Ad
139 4232 220 4288 hano
231 4233 436 4303 cognitionem
450 4232 476 4287 si
490 4231 565 4288 fides
580 4232 688 4287 accede
703 4237 739 4288 ut
762 4233 904 4289 credatur
958 4238 1024 4290 tum
1046 4234 1126 4303 fidei,
1146 4234 1205 4288 tria
1229 4249 1340 4304 genera
1361 4233 1549 4289 credentium
1569 4231 1783 4288 inveniuntur.

79 4321 162 4395 quod
175 4322 358 4378 audiebatur
380 4326 410 4378 et
428 4322 666 4394 intelligebatur,
682 4326 728 4379 est
740 4322 903 4380 credulitas
917 4345 944 4402 D
957 4323 1087 4390 Quidam
1096 4323 1177 4377 enim
1191 4321 1294 4378 fideles
1303 4328 1376 4378 sunt
1388 4323 1441 4394 qui
1466 4320 1530 4377 sola
1539 4321 1652 4392 pietate
1662 4320 1785 4376 credere

77 4410 110 4465 in
125 4413 308 4482 cognitione,
318 4412 511 4467 etinvenitur
521 4413 553 4467 in
562 4412 740 4467 credulitate
750 4413 820 4468 fidei
831 4414 901 4468 suh·
957 4413 1084 4483 eligunt,
1096 4411 1177 4483 quod
1191 4414 1293 4467 tamen
1305 4416 1408 4466 utrum
1424 4412 1464 4467 sit
1474 4409 1657 4466 credendum
1668 4424 1708 4463 an
1721 4425 1785 4465 non

79 4499 205 4569 stantia,
228 4501 261 4555 in
284 4500 478 4570 cognitionne
500 4501 638 4555 materia.
666 4502 771 4557 Potest
800 4505 901 4558 autem
957 4501 1138 4558 credendum
1163 4501 1203 4556 sit
1217 4501 1335 4556 ratione
1357 4516 1418 4556 non
1434 4498 1705 4572 comprehendunt.
1722 4497 1785 4553 Alii

77 4588 211 4657 cognitio
223 4589 317 4659 hujus
338 4589 403 4644 sine
428 4589 511 4644 omni
534 4589 593 4645 fide
607 4605 687 4660 esse,
702 4591 776 4646 fides
800 4593 901 4646 autem
956 4592 1074 4648 ratione
1083 4591 1255 4663 approbant
1266 4590 1348 4662 quod
1357 4590 1416 4645 fide
1434 4589 1571 4645 credunt.
1580 4587 1640 4643 Alii
1649 4587 1786 4659 puritate

77 4677 143 4733 sine
155 4679 239 4732 omni
261 4679 433 4748 cognitione
458 4694 523 4734 esse
548 4694 609 4734 non
628 4684 739 4753 potest,
755 4681 902 4752 quoniam
956 4681 1055 4737 cordis
1069 4685 1099 4737 et
1112 4682 1227 4737 munda
1239 4681 1425 4736 conscientia
1436 4680 1567 4735 interius
1578 4679 1640 4750 jam
1658 4681 1785 4748 gustare

77 4767 131 4839 qui
144 4766 231 4821 audit
243 4766 359 4838 aliquid
374 4771 404 4823 et
417 4767 572 4839 intelligit,
585 4784 646 4824 non
662 4785 780 4842 semper
797 4771 901 4840 credit3
955 4771 1108 4843 incipiunt
1118 4770 1201 4842 quod
1211 4770 1269 4825 fide
1279 4769 1415 4825 credunt.
1428 4768 1463 4824 In
1479 4768 1597 4840 primis,
1609 4765 1673 4821 sola
1683 4766 1784 4837 pietas

79 4855 133 4928 qui
156 4858 257 4910 autem
282 4856 360 4911 nihil
380 4856 524 4928 intelligit
543 4857 620 4913 nihil
642 4859 746 4928 credit,
761 4860 903 4930 quamvis
955 4859 1029 4914 tacit
1041 4858 1234 4927 electionem,
1250 4858 1282 4912 in
1304 4857 1455 4926 secundis,
1470 4856 1549 4912 ratio
1573 4853 1716 4926 adjungit
1729 4868 1783 4925 ap·

78 4942 243 5016 aliquando
254 4943 372 4999 credere
385 4946 483 5017 possit
494 4947 576 5019 quod
585 4963 646 5003 non
656 4947 809 5020 intelligit.
822 4949 901 5004 Nam
955 4948 1182 5020 probationem,
1200 4947 1232 5001 in
1247 4946 1356 5015 tertiis,
1372 4945 1491 5017 puritas
1504 4942 1716 5014 intelligentiae
1732 4958 1785 5014 ap·

78 5037 109 5091 et
119 5034 194 5089 fides
206 5032 298 5088 etiam
313 5037 359 5087 est
373 5033 409 5088 de
423 5034 481 5090 fide
497 5051 558 5107 qua
569 5037 702 5093 creditur·
712 5037 795 5108 quod
807 5037 901 5093 nesci·
957 5036 1119 5109 prehendit
1133 5035 1331 5090 certudinem.
1346 5033 1496 5098 Quartum
1512 5048 1609 5104 genus
1622 5031 1787 5086 hominum

78 5126 139 5193 tur,
156 5120 228 5195 quia
242 5121 349 5178 scienti
374 5124 405 5176 et
425 5123 564 5179 credendi
588 5126 730 5180 creditur.
745 5125 799 5182 llle
820 5128 903 5183 enim
957 5126 1002 5179 est
1016 5124 1130 5195 quihus
1145 5122 1264 5178 credere
1279 5125 1335 5191 est,
1353 5120 1451 5176 solum
1467 5121 1537 5176 fidei
1554 5135 1616 5175 non
1632 5118 1787 5174 contradi·

79 5212 133 5284 qui
147 5210 429 5279 credunturcredit,
444 5227 505 5266 non
520 5214 768 5270 inconvenienter
783 5216 902 5271 credere
956 5227 1032 5281 cere,
1048 5213 1101 5284 qui
1116 5210 1336 5267 consuetudine
1350 5210 1475 5265 vivendi
1499 5209 1598 5280 magis
1613 5224 1708 5281 quam
1725 5209 1786 5263 vir·

79 5300 190 5357 dicitur
202 5301 285 5383 quod
299 5301 350 5356 ille
364 5300 460 5358 credit
474 5302 523 5357 cui
537 5302 641 5371 credit3
658 5307 687 5358 et
701 5304 727 5358 si
743 5305 858 5359 nesciat
871 5303 904 5359 il·
957 5304 1022 5357 tute
1037 5300 1176 5356 credendi
1187 5301 1289 5356 fideles
1301 5301 1510 5355 nominantur.
1520 5299 1599 5354 Solis
1612 5299 1694 5353 enim
1706 5301 1791 5353 tran·

77 5388 131 5445 lud
145 5390 220 5461 quid
235 5390 291 5444 scit
306 5390 389 5461 quod
401 5391 505 5460 credit,
522 5395 551 5446 et
566 5392 622 5446 scit
637 5392 686 5446 cui
701 5392 902 5449 creditTales
957 5391 1136 5447 secuntibus
1149 5391 1260 5446 intenti
1278 5406 1438 5462 nunquam
1462 5391 1595 5444 mentem
1614 5386 1653 5442 ad
1680 5386 1789 5442 futura

78 5481 151 5533 sunt
166 5479 318 5551 simplices
332 5479 365 5533 in
381 5484 486 5534 sancta
499 5479 632 5534 Ecclesia
648 5481 702 5551 qui
720 5482 902 5552 perfectiori·
956 5479 1118 5550 cogitanda
1133 5480 1305 5547 sublevant;
1319 5483 1349 5534 et
1359 5479 1501 5550 quamvis
1509 5478 1586 5533 'fidei
1598 5475 1786 5531 Christianae

75 5566 135 5620 bus
149 5567 342 5623 credentibus
364 5571 393 5623 et
417 5569 670 5639 cognoscentibus
692 5568 831 5638 credunt,
848 5570 901 5641 qui
955 5574 1146 5624 sacramenta
1159 5585 1228 5625 curn
1243 5570 1358 5624 caeteris
1367 5568 1508 5624 fidelibus
1524 5583 1582 5622 usu
1597 5565 1785 5638 percipiunt,

74 5655 221 5711 nimirum
235 5658 268 5712 in
281 5674 337 5713 sua
349 5657 544 5731 simplicitate
557 5658 726 5727 salvantur,
748 5674 802 5714 nec
815 5659 853 5714 ab
866 5657 901 5714 il·
955 5674 1050 5730 quare
1063 5662 1166 5714 tamen
1181 5659 1375 5714 Christianus
1391 5659 1431 5713 sit
1455 5659 1546 5714 homo
1560 5655 1609 5713 vel
1631 5670 1699 5727 quae
1715 5669 1787 5726 ερεε

73 5743 175 5800 lorum
184 5746 293 5802 merito
301 5747 393 5805 alieni
404 5749 637 5823 sunt,quamvis
647 5747 686 5804 ad
696 5748 900 5820 cognitionem
955 5746 1114 5803 Chistiano
1125 5746 1205 5803 sitin
1215 5748 1440 5818 exspectatione
1449 5744 1785 5803 bonorumfuturorum

1109 2235 1183 2291 Gna.
1201 2235 1251 2290 IV.
1268 2237 1312 2291 De
1327 2237 1535 2291 incremendo
1549 2235 1637 2306 fidei.
