3756 6074
583 209 629 265 DE
647 206 889 265 lusrnunortn
908 208 1134 268 uotlttontnt.
1395 257 1399 264 .
1652 213 1706 272 m
1744 269 1747 274 .

61 338 215 405 paruulos,
243 336 397 391 considero
425 336 577 391 vecordem
600 338 752 404 juvenem,
769 334 822 404 qui
840 335 1151 406 Aquemtignrantes,
1166 328 1330 392 'oculorum
1354 336 1430 392 inter
1454 337 1706 396 ridendumalte·

63 427 101 480 sit
124 441 178 495 per
191 427 308 494 plateas
318 427 412 492 ,tuctu
426 427 583 494 (rupertum,
595 431 621 480 et
635 440 730 493 prope
743 425 821 478 tu'um
874 441 940 479 rum
952 424 1105 490 claudunt,
1132 425 1258 480 alterum
1283 426 1428 496 aperiunt.
1445 427 1499 482 nbi
1515 428 1623 497 majori
1637 429 1706 484 ridi-

61 529 95 568 us
107 515 216 569 cliente
228 513 369 582 cruditur
383 514 414 567 tn
441 513 577 579 obscuro,
607 513 822 581 advesperante
874 513 941 567 rulo
960 513 1116 570 dimidiato
1130 530 1180 569 ore
1195 513 1369 586 loquuntur.
1385 517 1457 571 Sunt
1471 521 1614 588 praterea
1624 516 1704 572 millo

63 603 94 656 ln
109 604 203 657 rroetis
228 603 355 657 tenebris
370 608 397 657 et
413 603 550 671 calipius.
566 603 604 656 Et
620 618 686 657 ecee
712 603 823 655 rrrcdier
872 602 973 670 tarsen,
989 601 1069 657 mille
1094 603 1344 658 subsannationes
1367 608 1395 658 et
1414 605 1638 673 corrugationes
1653 621 1705 661 na-

63 693 120 746 rrit
135 693 182 747 itlt
195 698 305 746 orrurtu
321 693 498 759 meretricio,
527 697 704 760 preparata
720 691 760 746 ud
775 706 822 745 ‹ru-
872 691 962 757 rium,
977 691 1057 746 mille
1074 692 1172 761 valgia
1185 697 1214 747 et
1235 693 1436 748 contortiones
1452 693 1612 760 labiorum,
1635 711 1705 767 qum

61 782 116 836 dns
128 782 387 850 onirnu.s,ynr·r·utu
401 788 427 836 et
443 782 641 851 rupaquietts
651 782 819 849 impediens,
872 779 1125 851 pulchrittulinem
1137 781 1220 837 faciei
1232 787 1260 837 ct
1274 783 1413 838 decorem
1427 782 1591 854 disciplima
1604 783 1705 839 delor-

61 871 162 925 raleus
176 872 206 925 tn
219 871 305 925 (torreo
320 872 478 925 cortststere
496 871 623 938 pedibus
638 871 698 923 suis
716 887 722 929 ;
739 885 820 925 utum
871 875 965 926 ritant.
984 873 1031 925 Fst
1048 873 1128 925 enim
1154 872 1252 940 laeies,
1273 872 1437 945 disciplinis
1464 872 1629 944 speculum,
1656 875 1705 930 cui

60 976 160 1027 nanae
174 961 203 1014 tn
216 961 419 1028 platersauurr
423 962 516 1027 justu
525 961 652 1028 crispulos
663 960 819 1028 insidians,
871 963 955 1014 tanto
963 961 1061 1030 major
1085 960 1221 1015 custodia
1236 960 1410 1015 adhibenda
1441 965 1495 1027 est,
1522 964 1636 1033 quanto
1650 960 1704 1015 mi·

60 1051 269 1119 eternumque
287 1049 480 1105 deosculatur
494 1051 645 1118 jacencia,
659 1055 685 1104 et
698 1050 822 1117 procuri
872 1066 930 1103 nus
943 1049 967 1104 si
986 1050 1058 1122 quid
1075 1051 1105 1105 in
1119 1067 1154 1105 eu
1181 1054 1337 1121 peecatum
1358 1049 1453 1111 luerit,
1482 1049 1570 1104 celari
1594 1054 1700 1122 potest.

60 1155 77 1191 u
94 1138 366 1202 ttarrduurtrruo.
383 1146 440 1202 snt.
471 1137 572 1193 Statim
597 1154 664 1191 eam
689 1136 822 1208 sequitur
872 1140 1080 1211 temperanda
1095 1145 1138 1194 est
1166 1139 1254 1204 icitur
1282 1139 1372 1194 lacics
1400 1144 1427 1194 et
1453 1137 1703 1194 mortiticandnin

60 1228 80 1281 η’
93 1227 142 1281 lros
157 1228 197 1282 ud
209 1228 358 1282 uictimam
372 1227 489 1293 ebertus,
511 1234 537 1282 et
554 1229 640 1296 quast
654 1242 749 1295 apriles
766 1228 823 1280 tus·
873 1233 958 1293 cestu
973 1245 1038 1295 sno,
1064 1229 1104 1284 ita
1129 1234 1159 1283 ut
1188 1244 1242 1283 nee
1269 1233 1406 1300 proterve
1422 1231 1623 1298 exasperetur.
1648 1243 1704 1282 nco

60 1332 101 1370 urs
117 1322 144 1370 et
159 1319 314 1386 ipnornus,
327 1322 354 1371 et
370 1319 461 1371 nescit
472 1316 552 1386 qttod
561 1317 601 1370 uel
613 1317 735 1370 utruutu
749 1316 822 1370 stut-
873 1317 999 1372 molliter
1009 1318 1200 1379 dissolvatur,
1214 1318 1266 1373 sed
1283 1334 1401 1390 semper
1411 1317 1521 1372 habeat
1532 1322 1559 1371 et
1574 1316 1703 1383 rigidam

60 1405 303 1472 trultotur,donec
328 1407 487 1473 trunstlpat
512 1407 622 1474 suptttu
646 1406 735 1472 secur
746 1407 820 1471 ejus,
872 1405 1073 1474 dulcedinem,
1090 1412 1116 1461 ct
1130 1407 1249 1462 dulcem
1264 1405 1625 1473 risun·en1..iliinavigant
1638 1405 1704 1461 bra-

62 1495 119 1549 tisi
134 1496 197 1549 cris
209 1496 330 1564 festinet
345 1495 386 1548 ud
394 1496 577 1564 tuquriolum
593 1495 685 1548 nescit
700 1495 770 1563 qtda
786 1495 823 1549 de
872 1493 945 1549 chiis
957 1494 1139 1558 incedentes,
1160 1501 1187 1550 et
1201 1496 1312 1568 duplici
1327 1496 1461 1569 quodam
1481 1499 1625 1560 monstro,
1641 1509 1703 1549 uno

60 1583 240 1637 sulcanium*
249 1583 331 1636 illius
342 1583 457 1651 sepitur:
467 1582 602 1649 riariuser
613 1583 622 1634 i
632 1583 736 1636 dantus
747 1585 821 1649 epus,
872 1588 901 1636 et
914 1583 1020 1637 eodem
1037 1587 1169 1655 ternpore
1194 1584 1322 1656 pedibus
1335 1584 1476 1639 deorsum
1492 1583 1522 1638 in
1547 1588 1623 1637 tetra
1637 1598 1703 1637 nni-

60 1678 179 1726 ttrnntes
204 1672 349 1726 interiora
371 1671 474 1726 rrrnrtr's
502 1670 607 1740 (ibid).
638 1674 731 1725 Nemo
751 1687 823 1734 eruo
842 1671 978 1745 sslndant
990 1677 1018 1727 ct
1032 1672 1148 1728 lacertis
1162 1690 1283 1727 sursum
1304 1673 1334 1728 in
1349 1688 1416 1727 aere
1431 1671 1541 1726 volant.
1559 1670 1643 1736 Quod
1660 1674 1705 1725 cst

62 1776 131 1832 ceps
151 1764 234 1831 putet
256 1776 365 1831 parum
393 1759 559 1830 relinquere
576 1758 693 1829 eosqui
718 1763 822 1813 eontra
872 1776 976 1832 quasso
1001 1766 1169 1817 monstrum
1191 1763 1259 1825 hoc,
1272 1763 1355 1834 qnod
1380 1761 1469 1816 simul
1488 1760 1563 1815 inse
1578 1758 1705 1826 tinguet

59 1849 179 1922 plinam
195 1849 233 1905 nd
250 1853 352 1921 turpes
366 1853 476 1917 motus,
492 1853 520 1902 et
535 1847 722 1903 inordinatas
737 1848 823 1913 retesti·
872 1849 1003 1904 hominis
1017 1851 1177 1916 incessum,
1191 1851 1311 1906 ctnaris
1324 1851 1492 1919 remigium,
1508 1853 1536 1904 ct
1548 1848 1612 1904 avis
1623 1847 1703 1903 vola-

60 1937 153 1994 bones
164 1938 302 1994 membra
318 1954 373 1992 sna
400 1938 563 2004 inflectunt,
578 1937 650 2008 quia
665 1952 822 2008 nunquam
873 1939 960 1994 turn‘t
977 1938 1058 1993 ttbct
1079 1940 1108 1993 in
1132 1940 1199 2009 boe,
1225 1939 1346 2011 poeticen
1367 1939 1443 1994 illius
1458 1935 1704 1993 subsannationis

59 2032 142 2100 ptura
157 2032 218 2083 tam
235 2044 336 2083 severe
346 2027 421 2082 istos
435 2027 595 2082 exteriores
607 2027 741 2098 corporis
756 2044 823 2082 mo·
873 2026 970 2095 elogio
980 2028 1168 2100 proclamare
1186 2045 1192 2083 :

60 2133 81 2173 n
94 2117 183 2173 nobis
208 2116 447 2189 reprehenderet,
463 2116 519 2170 nisi
544 2116 641 2171 omnis
671 2116 823 2171 exterioris
978 2119 1119 2173 llurucno
1135 2119 1229 2188 cupiti
1243 2119 1385 2173 cervicem
1397 2119 1497 2186 pictor
1510 2131 1648 2188 equinam

59 2207 121 2262 unis
138 2207 295 2262 inhonesta
310 2206 449 2274 linusano
461 2210 489 2261 ct
502 2207 594 2261 motio
614 2206 766 2274 indecens,
784 2206 822 2260 ab
979 2209 1111 2276 decerpere
1127 2208 1152 2261 si
1167 2209 1247 2273 retit,
1261 2213 1287 2262 et
1315 2208 1416 2262 curtas
1429 2206 1570 2262 iuducere
1581 2206 1702 2275 plumos

60 2296 121 2352 'iori
141 2296 248 2351 inentis
278 2297 467 2368 corruptione
495 2301 640 2351 manaret.
665 2299 823 2368 l’mpterea
983 2297 1119 2366 Undique
1133 2296 1250 2351 collatis
1259 2296 1447 2362 urerulrris,ut
1460 2296 1590 2363 turpiter
1601 2300 1703 2350 utrum

59 2391 121 2441 tum
136 2386 381 2459 saletdisciplina
392 2387 430 2442 ad
440 2387 622 2442 coercendos
639 2404 749 2458 prauos
759 2404 823 2441 mo·
979 2386 1102 2439 llestnnt
1117 2386 1146 2439 tn
1160 2386 1270 2453 piscem
1297 2385 1406 2438 uudier
1418 2385 1550 2452 tomitosa
1564 2397 1701 2451 superne.

59 2473 151 2541 inimi,
168 2478 317 2546 qnatenus
332 2474 413 2530 mala
433 2475 581 2529 desideria
597 2474 671 2529 dum
687 2491 739 2547 per
755 2492 822 2529 ctis·
1193 2476 1311 2540 (llousr.
1328 2474 1358 2527 in
1374 2474 1448 2528 Arte
1459 2478 1536 2541 poet.
1553 2488 1580 2526 v.
1599 2474 1660 2541 tii).

58 2579 102 2618 sm
116 2563 279 2634 disciplima
288 2563 474 2630 stringuntur
482 2580 518 2619 ne
530 2564 610 2618 toras
623 2564 823 2628 etlluanttan-
873 2568 954 2620 Certe
965 2563 1022 2619 talc
1038 2564 1109 2619 milri
1123 2563 1239 2619 ridetur
1252 2564 1309 2618 boe
1325 2566 1504 2634 portentosos¹
1515 2561 1703 2631 figurationis

76 2652 237 2725 aliquando
265 2653 354 2709 ctiam
373 2653 497 2709 interius
513 2670 633 2720 surttcre
660 2671 695 2708 ac
708 2655 823 2710 moveri
872 2655 1016 2709 schema:

58 2742 114 2798 dno
126 2743 316 2799 desuescant.
341 2743 416 2808 Quia
428 2744 518 2817 igitur
532 2744 603 2798 vitia
626 2743 822 2811 gesticulatio·
980 2784 1080 2797 .........
1086 2742 1179 2809 Cujus
1194 2742 1272 2796 relut
1288 2742 1365 2811 capri
1373 2741 1489 2795 soruuio
1505 2753 1584 2794 verear

58 2832 299 2903 idescripsimuS,
316 2832 390 2888 ordo
406 2832 506 2902 exigit,
520 2837 552 2886 ut
562 2848 642 2887 nunc
662 2832 730 2903 quis
743 2833 779 2886 sit
793 2832 822 2888 in
977 2832 1147 2899 Flupentur
1159 2831 1279 2899 spectes,
1296 2838 1327 2884 ut
1349 2845 1402 2884 uec
1414 2844 1466 2897 pes
1482 2844 1535 2885 nec
1548 2832 1638 2897 caput
1650 2827 1704 2883 uui

58 2920 75 2975 ii
90 2926 176 2990 gestu
196 2920 306 2975 modus
332 2919 507 2990 disciplinas,
523 2919 715 2989 definiemus,
738 2920 822 2991 quod
977 2920 1133 2976 Reddatur
1142 2921 1259 2987 forrare.

58 3010 182 3065 tortasse
195 3009 377 3081 pessinunte
392 3008 488 3064 lacere
504 3024 565 3063 non
576 3026 821 3081 possumusma·
841 3053 860 3108 c
1402 3006 1489 3077 (told.
1504 3022 1533 3061 v.
1545 3005 1630 3076 r-to).

58 3115 151 3155 nmen
168 3099 288 3171 expedit
302 3097 415 3170 aliquid
426 3099 495 3154 inde
514 3099 553 3154 nd
568 3099 766 3155 eruditionem
781 3100 823 3155 di·
873 3099 930 3156 Sed
942 3115 979 3155 ne
996 3102 1068 3155 torte
1084 3099 1204 3154 satiram
1216 3097 1316 3170 potius
1330 3112 1424 3169 quani
1434 3095 1602 3152 doctrinam
1615 3094 1702 3151 edere

59 3187 317 3260 ,quamomnino
333 3186 427 3242 silere.
458 3187 591 3242 Primum
606 3203 677 3255 crgo
697 3187 822 3257 diligen·
871 3189 1123 3258 videamurtcum
1151 3187 1280 3260 plurima
1308 3186 1407 3241 adbuc
1436 3184 1642 3241 enumeranda
1656 3200 1703 3239 su-

58 3277 269 3333 ›bservandum
296 3281 351 3343 cst,
373 3282 404 3332 ut
429 3276 547 3346 singula
575 3276 713 3332 membra
732 3294 821 3334 suum
872 3278 994 3350 persint)
1010 3278 1165 3334 modestius
1182 3278 1228 3333 bic
1243 3292 1364 3349 quoqne
1390 3275 1524 3332 oblivisci
1537 3291 1597 3330 non
1614 3274 1703 3329 debe·

58 3372 111 3422 ant
125 3366 268 3433 officium,
282 3382 379 3438 neque
393 3370 537 3438 usurpent
550 3365 691 3433 alienum,
713 3365 821 3421 deinde
870 3386 949 3424 mus.
964 3370 1057 3424 Etiam
1067 3370 1108 3424 sie
1120 3369 1255 3424 tortassis
1267 3366 1486 3438 negbgentibus
1498 3363 1703 3437 etindisoipli·

58 3457 276 3529 numquodque
291 3473 378 3512 sumn
391 3473 467 3528 opus
483 3463 544 3511 tum
560 3456 698 3512 decenter
711 3473 746 3512 ue
758 3474 821 3512 mo·
870 3459 948 3514 natis
959 3463 1107 3530 quantum
1122 3457 1179 3530 ipsi
1199 3457 1228 3512 in
1243 3457 1288 3512 bis
1298 3456 1472 3511 erubescere
1486 3454 1625 3522 debeant,
1640 3469 1702 3509 me·

57 3547 218 3619 eimpleat,
249 3551 397 3618 quatenus
421 3561 474 3618 per
493 3545 714 3618 indisciplinam
743 3547 822 3618 aspi·
870 3546 928 3601 lius
967 3547 1082 3602 silendo
1108 3545 1312 3601 ostendemus.
1343 3544 1421 3599 Scire
1454 3547 1554 3598 tamen
1592 3541 1703 3596 debent

58 3635 131 3691 tium
145 3637 250 3692 oculos
262 3652 323 3692 non
335 3628 478 3692 offendat.
494 3640 569 3692 Nam
580 3636 752 3707 inquolibet
767 3637 820 3691 lio·
871 3653 966 3692 unum
981 3653 1047 3691 esso
1066 3635 1169 3690 vitium
1183 3635 1265 3706 quod
1292 3633 1376 3704 prius
1400 3631 1578 3687 intrinsecus
1591 3633 1701 3685 statum

72 3731 220 3798 peccetur,
237 3725 363 3795 dignum
374 3725 605 3798 reprehensione
620 3730 673 3791 est,
690 3725 750 3780 sire
765 3725 821 3779 sci·
871 3725 978 3780 mentis
1005 3725 1139 3797 dtssipat,
1172 3739 1206 3778 ao
1231 3720 1425 3795 postmodum
1461 3718 1646 3773 extrinsecus
1670 3717 1701 3772 in

71 3814 209 3871 membra
224 3815 298 3869 inter
315 3832 346 3869 se
358 3820 441 3870 actus
453 3829 525 3869 suos
540 3814 736 3877 confundant,
760 3814 821 3869 sivo
871 3814 1015 3870 memhris
1042 3813 1178 3869 ordinem
1206 3810 1331 3866 actionis
1361 3807 1524 3882 perturbat,
1553 3807 1701 3878 sicutjam

57 3902 116 3957 uod
128 3902 206 3972 justo
236 3918 323 3971 agere
350 3902 470 3971 debent,
493 3906 571 3956 reete
595 3918 656 3957 non
671 3902 818 3974 expleant.
871 3904 980 3977 sapius
993 3908 1159 3958 memorato
1182 3900 1350 3958 Salomonis
1374 3897 1545 3954 testimonio
1561 3912 1701 3971 compro·

57 3992 131 4048 retio
146 3992 299 4048 actionum
311 3991 340 4047 in
353 3991 498 4047 membris
509 3992 776 4062 conseruandacst,
790 3997 821 4048 ut
869 3993 974 4048 batum
989 3997 1042 4057 est,
1060 3991 1111 4046 ubi
1135 3990 1164 4045 in
1181 3993 1317 4062 apostata
1341 3987 1461 4042 homine
1482 3985 1565 4059 prius
1578 3984 1702 4058 quidem

57 4086 100 4136 cet
110 4081 141 4135 id
156 4086 226 4150 aglu
243 4079 483 4153 unumquodque
495 4080 666 4135 membrum
686 4080 724 4135 ad
736 4081 820 4152 quod
870 4080 978 4137 urentis
993 4080 1110 4137 aversio
1125 4085 1214 4152 atque
1232 4076 1363 4133 detlunio
1377 4076 1567 4148 praecessisse
1582 4075 1700 4143 dicitur,

57 4174 165 4240 rmest,
180 4176 211 4225 ut
225 4186 323 4243 neque
353 4169 493 4242 loquatur
517 4186 637 4238 manus,
666 4184 820 4235 nequeas
870 4188 905 4225 ae.
917 4168 1114 4242 postmodum
1125 4167 1260 4222 contusio
1273 4170 1363 4237 atque
1377 4163 1560 4236 perturbatio
1575 4162 1700 4218 actionis

57 4260 104 4330 iat,
118 4277 173 4316 nec
188 4261 292 4316 oculus
314 4260 423 4330 linguae
439 4259 572 4315 officium
587 4266 730 4315 assumat.
748 4265 821 4317 Sunt
870 4259 1030 4315 subsecuta
1046 4260 1240 4312 memoratur.
1258 4259 1289 4309 ln
1315 4271 1350 4308 eo
1366 4252 1445 4306 enim
1471 4251 1553 4324 quod
1568 4251 1697 4306 dicitur:

57 4350 269 4423 iquidamqui
282 4351 340 4404 nisi
351 4350 453 4405 buc-cis
464 4350 634 4421 patentibus
650 4351 819 4406 auscultare
869 4350 965 4403 Homo
980 4351 1118 4415 apostata
1135 4347 1181 4399 rtr
1199 4344 1314 4398 inutilis
1331 4343 1430 4412 (l’roo.
1451 4342 1499 4410 u),
1515 4344 1634 4395 notatur
1648 4339 1701 4394 de-

56 4440 134 4503 tunt.
156 4441 283 4512 etquasi
306 4455 407 4510 poros
423 4456 530 4493 sensus
556 4440 594 4496 ad
623 4457 674 4496 eor
695 4441 819 4496 intlucre
840 4456 842 4461 ·
869 4436 962 4491 fluxio
973 4433 1092 4502 mentis,
1106 4433 1136 4489 in
1152 4448 1185 4488 eo
1210 4436 1309 4486 autem
1329 4428 1411 4502 quod
1425 4427 1541 4494 dicitur,
1558 4428 1701 4497 proditur

56 4532 107 4596 eat,
124 4529 258 4601 palatum
275 4527 315 4583 ad
327 4527 419 4581 verba
440 4526 590 4597 loquentis
603 4529 748 4600 aperiunt.
766 4529 820 4584 atii
870 4541 920 4582 ore
932 4539 1084 4595 perverso,
1099 4524 1168 4580 terit
1189 4523 1273 4592 pecte,
1293 4521 1401 4576 currerit
1420 4519 1535 4583 oculus,
1549 4517 1643 4587 diplto
1659 4518 1699 4572 to·

56 4616 83 4672 n
97 4617 196 4673 adhuc
212 4617 298 4688 pejus
313 4619 357 4670 est
374 4615 393 4684 l)
420 4614 581 4683 iungendo
594 4615 641 4668 vel
669 4617 819 4671 cridiendo
869 4616 972 4685 petitur
984 4614 1090 4684 (ilict),
1106 4612 1328 4667 demonstratur
1336 4607 1473 4665 conlusio
1482 4606 1616 4662 actionis.
1628 4605 1700 4662 ilinc

56 4706 76 4762 si
90 4722 180 4762 cenos
200 4706 329 4761 sitientes
357 4704 492 4773 linguam
518 4704 710 4775 protendunt,
736 4707 818 4761 etad
869 4703 959 4758 etiarn
975 4706 1019 4757 est
1031 4700 1104 4756 illud
1119 4701 1203 4772 quod
1220 4700 1327 4754 dieitur
1349 4698 1380 4753 in
1394 4696 1470 4752 libro
1486 4694 1698 4751 Ecclesiastici:

56 4796 124 4852 ulas
137 4794 355 4852 actionesrolut
368 4792 480 4848 molum
488 4792 569 4847 labia
579 4793 747 4863 torquendo
763 4795 818 4849 cir·
868 4794 918 4847 Er
929 4793 993 4847 uisu
1004 4795 1192 4859 cupreoscrtur
1204 4790 1258 4853 uir,
1266 4793 1293 4842 ct
1304 4788 1341 4843 ab
1349 4800 1474 4840 occursu
1481 4785 1573 4852 faciei
1580 4799 1701 4851 capnos·

56 4884 183 4941 ducunt.
198 4885 252 4939 ulii
268 4885 423 4956 loquentes
436 4881 563 4951 digitum
577 4880 750 4945 extendunt,
768 4899 819 4937 su·
869 4878 1239 4937 citursensatus.druietus
1250 4875 1383 4943 corporis
1394 4878 1420 4928 ct
1434 4873 1512 4928 risus
1523 4873 1655 4929 dentium
1671 4878 1700 4928 ct

56 4973 111 5028 :ilia
124 4974 251 5044 erigunt,
268 4978 296 5029 et
308 4973 411 5028 oculos
435 4971 466 5026 in
479 4971 584 5026 orbem
604 4975 745 5036 rotantes,
768 4976 820 5028 aut
868 4972 1020 5040 inpressus
1028 4967 1155 5022 ltonttru’s
1164 4965 1322 5020 cumulant
1335 4963 1371 5018 de
1381 4963 1434 5018 illo
1443 4962 1610 5033 (dcclxix).
1624 4961 1700 5028 Quia

56 5062 140 5117 unda
154 5062 287 5134 quadum
311 5060 548 5118 consideratione
578 5060 752 5133 defigentes,
769 5077 818 5117 cu·
868 5058 1005 5114 uidelicet
1015 5073 1069 5130 per
1084 5054 1168 5114 illud.
1183 5054 1266 5127 quod
1280 5052 1352 5109 loris
1366 5052 1427 5108 sive
1440 5051 1517 5107 bene
1533 5052 1594 5107 sive
1618 5050 1697 5106 male

59 5168 109 5210 em
124 5152 300 5208 intrinsecus
326 5149 555 5220 rnagniticcntitc
577 5156 703 5207 conatus
718 5156 817 5206 osten·
868 5150 976 5220 agitur,
1005 5146 1127 5202 interior
1150 5144 1243 5201 animi
1257 5143 1387 5216 qualitas
1410 5142 1587 5198 intuentium
1603 5139 1697 5195 oculis

56 5248 73 5299 t.
86 5242 140 5297 Alii
154 5244 245 5314 caput
266 5240 389 5311 jactant,
403 5256 524 5295 comam
548 5240 710 5309 excutiunt,
732 5241 818 5296 sesti·
868 5241 1003 5311 patenter
1018 5235 1175 5291 indicatur.
1200 5236 1233 5289 Et
1259 5232 1370 5287 idcirco
1385 5234 1501 5304 oportet
1519 5234 1552 5284 ut
1565 5227 1604 5282 ad
1616 5225 1696 5280 hanc

55 5337 90 5389 te
103 5330 279 5404 adaptando
290 5333 486 5401 componunt,
496 5333 523 5384 et
533 5329 626 5385 latera
641 5330 815 5399 cubitando,
868 5324 1124 5400 perturbationem
1135 5322 1301 5378 sedandam
1319 5321 1456 5376 custodia
1465 5311 1630 5388 disciplina*
1641 5329 1696 5386 op-

55 5436 141 5493 esque
156 5418 345 5476 extendendo
358 5417 515 5474 ridiculam
531 5418 602 5472 satis
610 5419 816 5474 ostentationis
867 5421 1007 5490 ponatur,
1022 5431 1089 5487 (pne
1107 5411 1345 5485 unumquodque
1359 5408 1531 5464 membrum
1555 5404 1594 5460 ud
1607 5418 1696 5457 suum

55 5524 118 5564 rem
144 5511 270 5578 lincunt.
293 5508 346 5563 Alii
372 5506 459 5580 quasi
486 5505 584 5561 ambre
615 5505 818 5561 auresadau·
868 5506 1001 5562 ottieinm
1013 5504 1182 5574 restringat,
1202 5506 1351 5575 quatenus
1377 5495 1589 5552 dumalterum
1602 5508 1696 5547 mem-

55 5597 133 5653 dum
158 5596 241 5654 tactae
268 5613 329 5653 non
353 5597 419 5665 sint,
448 5595 573 5650 alteram
599 5599 715 5649 tantum
741 5593 817 5650 collo
868 5593 1259 5666 brumoperutur,altcrum
1281 5594 1332 5645 aut
1349 5582 1617 5655 omninoquictum
1633 5598 1696 5638 ma-

55 5691 104 5745 ·rto
116 5688 183 5744 voci
196 5686 325 5745 venienti
340 5691 509 5761 opponunt.
525 5685 581 5743 Alii
596 5689 703 5758 typum
715 5683 818 5744 neseio
868 5687 947 5752 nect,
957 5689 1009 5739 aut
1023 5683 1048 5738 si
1062 5683 1136 5738 torte
1148 5683 1213 5752 ejus
1228 5676 1368 5752 operailli
1383 5671 1550 5730 necessaria
1567 5686 1633 5729 esse
1648 5687 1696 5729 oo-
