3742 6082
84 203 138 263 289
583 209 638 267 DE
656 205 941 268 SACRAMENTIS.
961 209 1070 272 LIBRI
1090 215 1104 272 Ι
1122 216 1222 278 PARS
1240 218 1296 277 ΠΙ.
1648 262 1653 270 -
1734 220 1789 282 290

85 346 152 403 quie
167 332 233 387 tiro
255 332 393 405 subjecta
411 333 471 391 fuit
490 335 629 392 divinum
648 338 829 395 mandatum
844 354 907 396 non
921 334 948 389 Α
963 342 1045 399 tione
1060 349 1361 407 attractadescendit
1375 349 1538 406 adactum.
1552 349 1588 406 In
1602 350 1787 422 superbiant

84 420 143 475 nisi
155 420 311 477 mediante
325 422 391 478 viro
411 425 544 496 accipere
557 425 673 495 debuit,
689 430 723 482 ut
738 443 837 484 sermo
851 428 907 483 Dei
962 434 1093 489 avaritia
1105 437 1194 508 pretii
1207 439 1373 511 cupiditate
1395 439 1503 495 allecta
1526 454 1557 494 se
1582 439 1733 506 vendidit;
1752 439 1786 495 in

81 509 216 579 primum
229 510 318 580 quasi
331 512 505 567 immediate
521 513 560 568 ad
579 515 680 569 virum
691 516 787 583 tieret,
800 516 908 571 deinde
962 521 1035 590 gula
1050 528 1152 581 autem
1168 532 1273 597 postea
1295 527 1443 584 delectata
1465 528 1596 584 libenter
1611 527 1675 597 jam
1690 528 1786 597 gratis

82 596 235 653 mediante
243 597 310 653 viro
323 598 361 653 ad
377 600 534 656 mulierem
548 617 680 674 quoque,
692 618 760 674 quie
771 605 908 674 subjecta
963 611 1074 666 servire
1087 615 1351 685 capriniacum
1365 632 1467 671 amore
1476 616 1690 689 promissionis
1700 616 1786 687 prius

81 685 148 740 viro
163 686 226 741 fuit
240 691 271 741 et
285 687 412 743 oonsilio
424 689 483 744 viri
495 691 685 746 instituenda
700 692 880 763 perveniret.
962 712 1048 752 mens
1061 701 1157 757 stulta
1170 704 1357 760 flecteretur:
1381 705 1478 774 Vidit,
1494 706 1596 776 inquit
1617 704 1784 776 Scriptura,

233 773 307 831 Cae.
325 775 374 831 VI.
389 779 432 832 De
448 781 541 834 inodo
558 782 761 835 tentationis.
931 773 934 778 ¹
963 789 1085 842 niniier
1109 792 1237 860 tionum
1251 797 1335 861 qnod
1360 800 1442 849 esset
1465 795 1642 863 palearum
1657 794 1731 848 ann
1753 797 1786 847 et

115 862 182 918 Hoc
193 867 297 919 autem
309 864 470 936 diligenter
481 867 735 923 considerandum
749 883 842 940 quam
853 868 909 923 cal·
962 877 1006 928 ud
1019 881 1208 933 vescendum
1226 896 1337 949 suave,
1349 887 1379 938 et
1396 885 1475 938 tulit
1485 886 1524 938 cte
1538 882 1653 951 sanctu
1668 884 1739 948 ejus
1752 886 1784 936 et

80 949 141 1005 lide
155 950 255 1006 hostis
270 954 403 1023 primum
419 955 501 1025 quod
526 956 636 1012 mulier
660 956 764 1012 timuit
792 956 907 1012 malum
963 967 1101 1020 comedit
1114 967 1202 1035 (Gen.
1220 969 1278 1037 111).

83 1039 224 1110 negando
234 1042 372 1111 removit,
380 1057 414 1098 ac
422 1043 530 1099 deiude
538 1044 620 1115 quod
629 1044 834 1117 ipseintendit
844 1060 906 1099 ma·
997 1052 1135 1109 Primum
1160 1070 1215 1127 per
1229 1057 1404 1127 superbiam
1433 1062 1463 1113 et
1492 1060 1653 1115 avaritiam
1681 1058 1785 1114 videre

81 1127 146 1182 ium
158 1128 254 1184 libere
270 1132 433 1201 persuasit.
445 1131 618 1189 Novissime
633 1138 736 1190 autern
750 1134 789 1189 ad
807 1135 907 1205 ipsam
962 1143 1126 1211 consensit,
1136 1148 1243 1216 postea
1255 1146 1287 1200 in
1297 1146 1367 1201 visu
1383 1147 1512 1218 speciem
1528 1148 1664 1217 agnovit,
1675 1146 1785 1202 deinde

81 1218 312 1288 persuasionem
318 1218 503 1275 fulciendam
511 1222 743 1292 promissionem
755 1221 906 1294 adjunxit,
961 1229 994 1284 in
1003 1232 1101 1302 specie
1111 1234 1296 1289 suavitatem
1307 1234 1518 1307 apprehendit.
1530 1236 1587 1290 Per
1597 1236 1783 1291 suavitatem

81 1309 110 1359 et
123 1309 158 1360 ut
174 1305 279 1361 eadem
295 1309 453 1378 persuasio
467 1310 559 1365 citius
580 1310 763 1382 reciperetur
776 1312 906 1383 promis·
962 1321 1783 1395 autemiaconcupiscentiam‚gulaeexarsit‚novissime

82 1394 201 1450 tionem
214 1394 455 1467 duplicavit-Qui
469 1399 551 1454 enim
562 1402 908 1455 unamtaniumcomefl·
960 1422 1015 1478 per
1025 1412 1302 1482 concupiscentiam
1321 1412 1441 1469 devicta
1455 1413 1570 1485 accepit
1588 1417 1619 1468 et
1640 1412 1788 1476 mmedit.

81 1483 197 1538 tionem
210 1485 320 1551 suasit,
335 1500 389 1557 per
403 1501 466 1541 una
488 1486 548 1542 duo
570 1503 720 1560 reponens
732 1489 766 1544 in
780 1489 907 1561 praemio
960 1495 1009 1552 sic
1022 1498 1118 1568 igitur
1131 1501 1265 1570 primum
1279 1517 1333 1574 pro
1346 1503 1443 1573 pretio
1458 1501 1704 1558 inserviendum
1719 1517 1786 1573 pee-

81 1571 314 1627 similitudinem
327 1573 383 1629 Dei
398 1575 619 1647 scientiamque
631 1577 703 1632 boni
712 1581 742 1632 et
753 1576 827 1632 mali
842 1592 906 1648 spo·
961 1589 1029 1641 cato
1037 1601 1069 1642 se
1077 1587 1224 1658 vendidit,
1233 1593 1340 1660 postea
1348 1592 1472 1662 propria
1482 1590 1679 1646 delectatione
1687 1590 1786 1645 evicta

78 1659 237 1731 pondit.ln
245 1662 767 1733 persuaticneigiturcibihominem
775 1665 906 1721 tentavit
920 1676 945 1732 Β
959 1672 1091 1731 libenter
1099 1677 1163 1746 jam
1179 1679 1274 1749 gratis
1288 1680 1381 1734 etiam
1397 1680 1489 1751 capit
1505 1680 1627 1735 servire.
1645 1678 1693 1735 Ita
1707 1693 1782 1734 non·

78 1749 159 1818 gula.
171 1749 904 1824 Inpromissionedivinitatisetcognitionisvana
961 1778 1120 1835 nunquam
1134 1782 1220 1822 mens
1233 1769 1317 1837 justa
1328 1769 1361 1823 in
1376 1783 1433 1823 sua
1447 1768 1631 1840 perfectione
1646 1768 1781 1840 primum

31 1912 38 1923 θ
77 1836 174 1906 gloria
196 1841 226 1891 et
250 1839 390 1894 avaritia.
408 1839 612 1897 Immoderata
638 1858 772 1914 namque
796 1843 905 1899 edendi
959 1852 1092 1922 quodam
1117 1856 1273 1927 proposito
1292 1857 1417 1927 praemio
1438 1856 1477 1910 ad
1499 1856 1693 1912 serviendum
1717 1856 1782 1912 Deo

75 1925 332 1996 concupiscentia,
344 1927 417 1997 gula
431 1932 486 1983 est.
499 1929 693 1985 Desiderium
704 1934 807 1986 autem
820 1931 903 1986 inor·
960 1942 1119 2010 excitatur3
1128 1943 1276 1999 deindein
1288 1959 1422 2000 amorem
1434 1945 1582 2000 bonitatis
1592 1959 1784 2000 cumexcres·

76 2011 217 2068 dinatum
247 2014 423 2084 excellendi,
444 2032 525 2072 vana
551 2017 656 2087 gloria.
684 2019 807 2074 Nimius
833 2034 905 2076 vero
959 2043 1024 2084 cers
1049 2032 1174 2102 coeperit
1197 2033 1229 2086 in
1253 2033 1319 2102 eius
1344 2032 1492 2088 servitute
1521 2031 1584 2088 sols
1608 2031 1783 2088 voluntaria

78 2102 233 2172 appetitus
247 2102 380 2157 habendi
393 2103 440 2159 vel
453 2105 628 2175 possidendi
645 2107 785 2161 avaritia.
814 2121 817 2127 ·
959 2116 1158 2174 delectatione
1170 2123 1300 2175 tenetur.

118 2205 180 2256 ω’
195 2207 248 2299 vii.
264 2206 412 2301 ΜΨ
426 2208 540 2272 suerum
555 2210 586 2261 ²7²
601 2211 736 2304 ⁰⁷Ji⁹infffi
749 2217 865 2277 imm·
987 2242 1061 2298 Cin.
1075 2242 1128 2298 IX.
1145 2246 1188 2299 De
1203 2245 1326 2300 duobus
1339 2246 1510 2315 peceribus
1527 2245 1759 2300 tentationum.

114 2286 151 2340 In
165 2287 308 2356 originali
329 2291 425 2358 igitur
447 2293 569 2362 peccato
594 2295 654 2347 trin
669 2298 746 2348 vitia
767 2292 903 2363 fuerunt,

79 2373 295 2431 inobedientiae
307 2376 386 2445 dnm,
402 2382 431 2433 et
445 2383 602 2449 peccatum
617 2396 724 2435 unum.
739 2381 812 2436 Tria
825 2382 903 2437 vitia
995 2350 1088 2404 P⁰ff⁰
1113 2350 1269 2451 meudun}
1284 2354 1330 2406 est
1346 2350 1407 2405 ‘¹¹¹⁰
1422 2365 1490 2452 esse,
1504 2352 1709 2450 tentssamnum
1733 2365 1781 2450 ‘fe'

79 2462 216 2519 fuerunt:
231 2465 384 2537 superbia,
397 2467 536 2536 avaritia,
551 2468 632 2539 gula;
644 2468 755 2524 ducein
766 2469 905 2526 obedien·
958 2453 1042 2508 Μ’
1054 2455 1151 2539 ΨΒ)
1175 2444 1320 2508 menn&
1332 2439 1465 2541 aiterum,
1481 2443 1620 2495 mmm
1640 2438 1782 2540 Enerfm

77 2551 142 2606 Μ
160 2567 223 2607 una
237 2553 270 2608 in
285 2557 434 2626 praeoepto
448 2559 576 2626 natm,
593 2556 689 2613 altem
704 2557 737 2613 in
750 2562 902 2632 praeoepto
958 2530 1088 2628 tentati-o
1099 2528 1275 2628 e⁸¹.q⁰²¹.¹¹d‘.³
1287 2528 1376 2628 nobis
1390 2532 1579 2628 extrinsecus
1589 2526 1780 2627 malumsive

78 2639 258 2713 ffimipfinae·
269 2641 308 2696 Et
321 2641 385 2698 haec
399 2643 503 2698 omnia
517 2644 591 2715 quia
605 2645 638 2700 in
659 2660 722 2701 uno
737 2651 808 2702 actu
829 2651 904 2703 sunt
957 2615 1582 2716 visibibtersive‘invisibiliteriaciendum
1592 2619 1777 2686 suggeritur.

77 2729 704 2803 completa'unumpeccatumdicuntur.In
711 2735 904 2807 vitfisprima
958 2703 1224 2805 Interiortentatio
1236 2703 1413 2803 estquando
1427 2720 1464 2759 ex
1474 2707 1558 2759 motu
1567 2701 1778 2802 pravtefldelec·

76 2818 136 2875 fuit
164 2820 320 2892 superbia,
336 2820 469 2876 secunda
494 2821 634 2890 avaritia,
651 2823 742 2878 mia
768 2823 902 2895 311an
957 2795 1083 2848 tationis
1097 2794 1183 2847 intus
1201 2791 1371 2892 animusad
1385 2790 1571 2891 peccandum
1587 2789 1778 2890 solbcitatur.

76 2907 693 2978 superbiastararitia,inobedientiatuit
705 2912 742 2968 de
752 2918 902 2986 praecepto
957 2879 1030 2980 H³ff⁰
1045 2884 1147 2935 autem
1163 2882 1292 2936 tentam
1311 2878 1467 2935 d¹ffi⁰¹hu⁵
1485 2881 1630 2947 vmmmr'
1645 2892 1718 2949 qma
1732 2892 1778 2932 ω’

75 2999 211 3064 natum
221 2996 255 3050 in
264 2996 336 3067 gula
346 2997 631 3067 sola’inobedienfia
640 3000 700 3055 fuit
706 3000 742 3055 de
750 3007 902 3074 praeoepto
919 3012 944 3071 G
958 2972 1054 3024 terius
1068 2983 1250 3041 oppugnans
1264 2967 1301 3022 de
1315 2971 1594 3024 nostrocontranos
1606 2964 1778 3022 roboratur.

76 3083 256 3156 ‹bsciplina
276 3085 437 3158 Nusquam
459 3088 541 3143 enim
564 3087 676 3159 legitur
695 3089 779 3144 Deus
798 3091 899 3161 probi,
958 3056 1122 3129 Propterea
1133 3055 1274 3157 diabolus
1288 3055 1411 3157 veniam
1421 3069 1483 3110 non
1494 3053 1619 3155 meruit.
1630 3053 1704 3126 quia
1715 3053 1780 3109 sine

75 3171 180 3228 puisse
194 3173 314 3230 homini
329 3190 367 3231 ne
390 3175 624 3232 similitudinem
653 3177 836 3248 divinitatis,
852 3180 901 3237 vel
956 3145 1019 3200 ulla
1034 3148 1202 3201 tentatione
1216 3148 1362 3217 peccavit.
1379 3144 1641 3216 Homoveroquia
1656 3142 1720 3199 sola
1734 3158 1782 3198 ex·

76 3263 237 3318 scientiam
250 3263 324 3319 boni
334 3268 363 3319 et
373 3265 446 3320 mah
459 3266 693 3338 concupisceret·
705 3264 783 3330 Quia
798 3271 901 3325 tamen
956 3233 1060 3290 teriori
1075 3233 1242 3290 tentatione
1259 3233 1401 3306 pulsatus
1422 3232 1540 3301 cecidit,
1554 3235 1641 3288 tanto
1655 3231 1781 3302 gravius

74 3350 901 3424 monh-natehocooncupisoemommuamrationem
955 3321 1781 3398 plectenduserat‚quantolevioriimpulsuprostratus

76 3438 158 3507 iecit,
170 3439 397 3510 quodammodo
408 3441 559 3497 naturalis
569 3444 712 3516 praecepti
727 3446 904 3516 praevarica·
955 3412 1066 3482 fueram
1075 3413 1301 3485 ettamen’qum
1310 3410 1607 3485 aliquam(qu³mVi⁸
1616 3410 1780 3480 micam)

76 3529 124 3582 tor
137 3528 268 3583 emim·
280 3528 325 3584 De
340 3529 404 3586 3010
415 3529 500 3600 ligno
522 3531 656 3588 scientim
683 3533 756 3589 boni
776 3537 806 3589 et
828 3537 903 3592 mali
957 3501 995 3557 ad
1020 3500 1188 3557 cadendum
1214 3501 1403 3557 occasionem
1424 3500 1544 3567 babuit,
1566 3499 1677 3555 idcirco
1699 3498 1781 3554 hunc

75 3613 207 3684 legimus
217 3616 301 3688 quod
311 3617 470 3688 prohibuit
480 3619 689 3677 muniamini
701 3637 737 3677 ne
749 3622 826 3679 illud
837 3640 903 3681 con·
957 3590 1080 3645 tandem
1104 3588 1143 3644 ad
1164 3589 1291 3688 'veniam
1310 3588 1366 3643 Dei
1389 3587 1489 3658 gratia
1507 3586 1611 3686 crexit.
1625 3587 1694 3687 ⁸⁰⁸.
1709 3601 1781 3643 vero

76 3702 228 3773 fingerem
245 3707 275 3760 ot
295 3705 407 3762 idcirco
420 3707 494 3763 dum
508 3706 619 3763 mulier
632 3708 709 3764 Μ
732 3713 902 3782 appetendo
957 3681 1073 3751 quanto
1086 3692 1257 3749 graviorem
1269 3691 1302 3731 111
1310 3674 1462 3747 peccando
1476 3677 1656 3731 tentationis
1666 3673 1779 3730 violen-

75 3791 186 3862 tetigit,
205 3791 244 3849 de
271 3798 422 3867 praecepto
450 3799 570 3853 reatum
597 3797 766 3870 disciplinae
798 3799 901 3855 inobe,
956 3769 1032 3867 tiam
1055 3767 1201 3839 patimur,
1217 3767 1303 3821 tanto
1323 3763 1430 3821 leviori
1453 3761 1573 3836 piaculo
1595 3762 1633 3819 ad
1647 3762 1779 3833 gratiam

75 3878 199 3936 dientiae
214 3881 355 3939 incurrit,
957 3870 1103 3911 amissam
1118 3868 1312 3909 renovamur.

75 3966 241 4025 cartili.
258 3973 346 4032 Quod
377 3975 498 4031 mulier
527 3976 743 4030 delectatione
760 3980 902 4045 promis·
999 3960 1125 4019 Cep-X·
1147 3961 1644 4029 Uterplnepecenoitnduman
1659 3959 1737 4013 an.

175 4060 283 4114 sionis
292 4063 505 4131 persuasioni
521 4077 693 4119 maenium
710 4066 811 4120 dedit.
991 4067 1140 4133 Quaerunt
1161 4066 1253 4122 etiam
1279 4066 1414 4138 quidem,
1434 4070 1502 4121 uter
1525 4065 1595 4138 plus
1612 4064 1781 4137 peccaverit

108 4146 226 4203 idcirco
240 4152 343 4204 autem
358 4151 534 4222 superbiam
548 4157 578 4208 et
590 4153 755 4209 avaritiam
769 4155 801 4209 in
812 4155 902 4226 origi·
957 4157 1055 4213 Adam
1071 4172 1111 4212 aa
1125 4156 1200 4211 Eva.
1209 4154 1268 4210 Sed
1283 4155 1363 4210 sicut
1374 4154 1448 4211 dicit
1457 4153 1623 4239 apostolus
1637 4169 1643 4207 :
1659 4154 1782 4209 Mulier

75 4233 136 4291 nali
148 4241 275 4308 peccato
287 4239 468 4310 priusquam
481 4240 560 4311 gulas
574 4241 686 4296 vitium
701 4246 834 4298 mentem
849 4244 901 4300 ho·
957 4250 1091 4302 reductu
1104 4250 1161 4311 eit,
1177 4259 1243 4299 aion
1259 4245 1311 4298 vir
1326 4243 1354 4313 (1
1374 4245 1453 4297 Tim.
1471 4242 1515 4311 11).
1531 4242 1596 4297 Eva
1608 4242 1721 4313 quippe
1736 4255 1780 4296 se·

76 4325 167 4381 minis
187 4325 347 4398 deceptam
369 4328 540 4384 obtinuisse
566 4329 696 4385 dicimus
712 4347 720 4399 3
747 4332 821 4402 quia
841 4333 900 4388 nisi
915 4337 1119 4414 Dductaest,
1135 4332 1328 4403 quieveram
1343 4346 1409 4387 esse
1429 4331 1525 4386 credit
1536 4329 1619 4402 quod
1639 4328 1781 4385 diabolus

76 4413 160 4483 prius
173 4415 287 4470 mulier
300 4416 333 4471 id
348 4416 429 4491 quod
443 4417 682 4490 promittebatur
703 4409 901 4492 appetivisset
954 4423 1042 4480 dixit.
1060 4423 1098 4478 Et
1112 4420 1223 4475 idcirco
1238 4434 1300 4476 non
1314 4418 1413 4474 solum
1423 4418 1596 4474 inordinate
1611 4416 1781 4473 similitudi·

78 4515 274 4574 nequaquam
297 4505 492 4576 postmodum
510 4507 543 4561 in
558 4521 593 4561 eo
606 4506 690 4578 quod
714 4508 901 4565 suadebatur
954 4527 1024 4568 nem
1039 4510 1095 4565 Dei
1111 4524 1179 4564 curn
1197 4508 1325 4563 scientia
1346 4507 1419 4563 boni
1443 4511 1473 4562 et
1487 4506 1560 4561 mali
1574 4505 1713 4578 appetiit,
1728 4505 1782 4560 sed

78 4602 237 4646 wunsam
260 4593 452 4663 praebuisset.
469 4593 537 4663 Sed,
554 4594 627 4666 quia
650 4595 736 4666 prius
759 4612 900 4668 perverse
952 4602 1114 4658 intentam
1125 4593 1780 4669 prolapsaperversitatemverisimiliterpu·

79 4675 226 4733 delectata
240 4683 288 4736 est
299 4681 333 4735 in
345 4682 760 4754 promissione‚pcstmodum
771 4685 900 4740 stultum
953 4694 1047 4756 tatur,
1063 4690 1099 4741 ut
1111 4686 1208 4740 Deum
1223 4700 1260 4739 ex
1284 4684 1402 4739 invidia
1419 4684 1537 4754 iignum
1553 4683 1688 4738 scientiae
1706 4681 1780 4737 boni

78 4779 238 4822 assensum
251 4768 385 4839 prebuit
399 4770 431 4825 in
445 4771 651 4841 persuasione.
665 4772 803 4828 Primum
818 4774 901 4829 enim
954 4783 983 4835 et
996 4775 1070 4832 mali
1085 4774 1202 4829 homini
1216 4774 1350 4828 vetuisse
1360 4772 1503 4840 crederet,
1516 4786 1554 4825 ne
1564 4771 1629 4843 ipse
1641 4771 1733 4827 homo
1742 4785 1779 4826 ex

80 4855 263 4923 promissam
276 4857 487 4914 excellentiam
500 4874 554 4931 per
568 4860 742 4931 superbiam
758 4863 900 4934 appetiit3
953 4882 988 4922 eo
1003 4862 1155 4936 gustando
1171 4861 1209 4915 ad
1224 4860 1432 4931 aequalitatem
1458 4859 1557 4930 ipsius
1569 4859 1713 4930 prolicere
1728 4873 1780 4931 po-

79 4941 186 4999 deiiide
200 4945 385 5016 promissam
398 4948 620 5003 abundantiam
634 4949 675 5018 (et
694 4949 793 5021 qiimis
808 4949 901 5006 talem
954 4955 1073 5011 inisset.
1085 4951 1159 5006 Haec
1169 4949 1304 5005 estenim
1315 4947 1367 5003 illa
1378 4963 1522 5020 perversa
1533 4948 1703 5003 similitudo
1712 4963 1781 5019 quae

83 5032 295 5089 excellentiam
307 5034 442 5104 decebat)
456 5052 511 5108 per
533 5038 694 5094 avaritiam
716 5040 899 5112 concupivit.
954 5045 1100 5099 creaturis
1124 5054 1186 5094 non
1213 5036 1366 5106 convenit,
1381 5052 1451 5108 quaa
1474 5051 1512 5091 ex
1535 5036 1707 5092 imitatione
1720 5050 1782 5091 non

79 5117 235 5178 Postremo
249 5122 357 5179 utheec
369 5124 430 5180 duo
441 5140 495 5197 pro
504 5129 576 5182 voto
587 5127 724 5182 obtinere
736 5132 903 5184 mereretur
954 5131 1114 5205 quaeritur,
1125 5126 1179 5183 sed
1190 5142 1228 5182 ex
1239 5126 1476 5197 comparatione.
1486 5126 1574 5182 Hanc
1589 5141 1660 5196 ergo
1673 5125 1783 5180 mulier

80 5209 179 5265 cibum
195 5210 326 5267 vetitum
341 5212 420 5283 gula>
434 5213 511 5269 vitio
534 5219 676 5287 corrupta
695 5218 817 5286 gustare
833 5232 901 5273 con-
954 5221 987 5277 in
1001 5217 1176 5290 superbiam
1204 5216 1284 5270 elata
1306 5215 1434 5287 appetiit
1442 5231 1451 5283 ;
1467 5218 1496 5270 et
1522 5231 1561 5271 ne
1576 5215 1656 5271 hanc
1669 5213 1781 5269 habere

81 5300 183 5354 sensit.
191 5299 330 5355 Primum
342 5301 465 5373 quidem
474 5305 824 5375 consensitprcpteralia
834 5323 902 5379 quas
955 5306 1223 5382 potuissetipsnm
1232 5303 1654 5359 Creatoreminvidiatactum
1662 5301 1781 5370 lignum

80 5385 185 5444 dilexit
195 5404 203 5457 ;
220 5389 416 5460 postmodum
437 5392 603 5463 respiciens
618 5397 648 5447 et
670 5395 903 5465 concupiscibile
955 5398 1012 5454 hoc
1025 5395 1158 5451 vetuisse
1181 5393 1312 5465 putavit.
1330 5392 1511 5448 Voluntaria
1523 5407 1594 5461 ergo
1617 5388 1735 5444 malitia
1748 5403 1781 5442 se

81 5475 320 5533 iidenstautum
336 5478 368 5532 iu
381 5481 658 5550 concupiscentiam
669 5482 831 5551 exarsitmt
839 5484 903 5553 jain
956 5488 1061 5542 contra
1075 5485 1240 5538 creatorem
1260 5497 1350 5536 suum
1375 5481 1489 5545 erexit3
1511 5493 1650 5551 perverse
1673 5479 1780 5531 contra

81 5565 209 5620 etiamsi
220 5568 382 5638 praemium
395 5566 514 5623 nullum
527 5573 606 5624 osset
621 5574 743 5640 propter
756 5586 788 5625 se
802 5574 903 5628 tamen
955 5576 1057 5647 ipsum
1069 5571 1209 5639 volendo,
1220 5575 1249 5625 et
1263 5570 1356 5641 impie
1370 5570 1406 5623 de
1420 5570 1487 5640 ipso
1501 5564 1668 5621 sentiendo.
1679 5564 1778 5621 Adam

81 5651 211 5722 placeret
220 5655 304 5726 quod
311 5654 398 5710 vidit.
407 5656 646 5727 Primumigitur
657 5657 746 5728 quasi
755 5659 905 5715 conducta
956 5677 1102 5718 veronen
1118 5664 1164 5715 ost
1178 5659 1331 5726 seductus,
1347 5657 1421 5728 quia
1442 5655 1525 5727 quod
1547 5653 1689 5710 diabolus
1710 5670 1777 5727 pro·

80 5742 177 5811 pretio
189 5746 238 5799 eat
251 5743 291 5798 ad
303 5759 497 5816 consensum,
514 5750 620 5819 postea
634 5747 758 5818 propria
774 5747 901 5805 delecta·
957 5751 1042 5806 misit
1056 5748 1169 5805 salsum
1183 5762 1248 5802 esse
1262 5746 1388 5800 sciebat.
1404 5743 1645 5816 Nmiueidcueo
1661 5755 1803 5812 numum
