3742 6082
73 195 126 253 187
375 191 555 251 HUGONIS
572 190 626 249 be
643 189 674 248 S.
694 187 866 247 VICTORE
884 184 969 242 OPP.
990 183 1090 244 PARS
1108 184 1146 243 11.
1166 202 1202 229 ‘-
1220 186 1464 246 DOGMA'I'IGA.
1727 192 1785 253 188

510 470 768 587 INCIPIT
812 468 1018 583 LIBER
1063 465 1345 583 PRIMUS.

663 668 667 675 ⁴
746 722 884 807 raus
915 721 1103 806 nurui.

552 924 806 984 HEXAMERON
826 923 870 981 IN
889 921 1021 980 OPERA
1039 920 1305 980 CONDITIONIS.

110 1209 249 1268 Arduum
259 1201 900 1282 proiectoopusetlabcrlosumcrebraves
912 1197 940 1254 Α
953 1197 1031 1254 falsa
1047 1199 1195 1256 credendo
1206 1200 1240 1256 in
1251 1214 1382 1255 errorem
1402 1197 1553 1267 incidunt,
1570 1213 1625 1254 nec
1650 1214 1725 1255 vera
1740 1215 1783 1256 re·

74 1303 125 1358 tra
136 1298 318 1372 praecatione
332 1284 430 1352 iterus
441 1294 620 1368 aggredior,
636 1292 811 1348 universam
825 1287 901 1344 divi·
953 1286 1168 1359 prehendenda
1178 1288 1349 1345 elationem.
1359 1287 1424 1342 Nos
1434 1301 1504 1358 ergo
1515 1287 1548 1342 in
1561 1290 1704 1361 neutram
1715 1304 1783 1361 par-

75 1402 187 1445 uarum
203 1385 429 1458 Scripturarum
452 1385 560 1440 seriem
581 1397 644 1439 non
659 1378 758 1437 solum
773 1377 898 1434 restrin-
954 1379 1014 1431 tem
1025 1377 1174 1450 praecipiti
1186 1379 1353 1433 assertione
1362 1376 1561 1446 declinantes,
1571 1376 1604 1432 id
1614 1377 1663 1432 cui
1675 1381 1781 1433 noster

76 1475 175 1548 gendo
195 1475 235 1532 ad
258 1474 470 1547 compendium
488 1472 633 1542 redigere,
649 1469 703 1525 sed
720 1464 899 1540 exponendo
952 1480 1061 1522 sensus
1082 1466 1205 1522 interim
1231 1467 1330 1537 magis
1354 1465 1469 1521 accedit
1484 1465 1647 1537 (quantum
1673 1482 1782 1538 capere

77 1562 423 1638 quoqueproinnditatis
431 1563 497 1633 ejus
504 1558 896 1617 arcauainlucemevccare.
953 1556 1128 1627 possumus)
1147 1556 1310 1628 aperimus.
1328 1555 1386 1620 Qui
1399 1554 1498 1610 Deum
1521 1555 1624 1610 omnia
1639 1554 1734 1611 simul
1749 1556 1782 1611 in

77 1653 305 1727 Cujusqnidem
317 1651 417 1724 operis
426 1650 652 1706 inchoationem
663 1649 806 1721 prompta
815 1643 901 1699 devo·
953 1645 1082 1721 materia
1104 1647 1134 1700 et
1161 1643 1260 1700 forma
1273 1644 1381 1699 fecisse
1403 1643 1602 1712 contendunt,
1618 1646 1782 1716 propterea

78 1744 161 1799 tione
175 1743 277 1811 offero,
292 1755 346 1813 spe
360 1739 654 1795 consummationem
669 1735 825 1808 promitto.
954 1733 1094 1790 fortassis
1106 1750 1194 1790 suam
1209 1735 1406 1790 assertionem
1420 1734 1536 1805 Justam
1551 1749 1615 1789 csse
1630 1733 1783 1789 arbitran-

77 1830 152 1888 Cae.
166 1829 189 1885 Ι.
199 1832 303 1885 Unum
319 1843 387 1885 erre
395 1828 601 1897 principium
613 1840 633 1881 o
645 1839 707 1894 quc
719 1822 810 1892 foeta
821 1823 901 1874 aaut
954 1826 1015 1893 tur,
1032 1823 1114 1894 quod
1129 1823 1358 1895 omnipotentiae
1382 1822 1535 1878 Creatoris
1562 1822 1725 1893 indignum
1740 1822 1783 1877 vi-

340 1918 453 1973 omm'a
468 1919 508 1971 de
523 1916 638 1970 attilo.
954 1912 1063 1968 dentur
1077 1912 1127 1981 (ad
1142 1912 1285 1968 humanae
1299 1911 1518 1967 imbecillitatis
1532 1911 1779 1982 similitudinem>

113 2012 155 2064 ln
167 2008 334 2079 principio
355 2006 479 2060 creavit
493 2005 577 2058 Deus
596 2005 713 2058 coetum
729 2006 760 2057 et
775 2005 900 2056 terram
955 2017 1045 2058 suum
1066 2017 1143 2073 opus
1156 2016 1211 2073 per
1230 2001 1392 2057 intervalla
1415 2004 1586 2074 temporum
1609 2000 1647 2056 ad
1662 2001 1778 2074 perfec·

80 2098 167 2170 (Gen.
182 2095 212 2167 Ι).
228 2093 316 2160 Quod
338 2094 475 2149 creatum
490 2094 536 2148 θεῖ
550 2090 587 2147 de
601 2089 698 2146 nihilo
712 2089 827 2145 factum
843 2090 899 2144 est.
954 2091 1068 2147 tionem
1078 2105 1265 2164 promovere,
1275 2090 1419 2164 quodque
1430 2091 1523 2147 etiam
1533 2090 1674 2164 quaedam
1685 2090 1782 2163 scrip

77 2187 157 2244 Nam
171 2183 303 2258 quodde
318 2182 421 2255 aliquo
436 2181 551 2238 iactum
566 2183 622 2249 est,
636 2178 753 2236 factum
775 2176 900 2251 quidem
953 2182 1094 2236 turarum
1122 2180 1199 2250 loca,
1228 2179 1453 2252 quodammodo
1491 2179 1571 2236 idern
1609 2179 1780 2235 asserentia

79 2277 126 2332 est
140 2271 193 2330 sed
206 2274 343 2328 creatum
357 2284 420 2325 non
435 2273 499 2336 est;
516 2267 589 2340 quia
603 2267 640 2322 de
665 2265 762 2322 nihilo
783 2265 900 2321 tactum
954 2268 1163 2325 inveniuntur.
1177 2269 1218 2325 Ut
1232 2272 1277 2324 est
1289 2267 1375 2324 illud:
1387 2267 1451 2333 Qut
1462 2271 1545 2324 vivit
1556 2285 1592 2322 an
1604 2273 1779 2336 aternum,

77 2376 141 2420 non
156 2364 211 2417 est.
223 2359 307 2416 Fecit
319 2373 390 2429 ergo
402 2357 486 2414 Deus
510 2356 620 2412 caelum
642 2358 672 2411 et
698 2359 830 2422 terram;
846 2369 901 2410 uec
955 2359 1079 2413 creavit
1093 2359 1206 2413 omnia
1218 2360 1322 2413 simut
1336 2358 1444 2428 (Eccti.
1462 2356 1561 2428 xviri).
1575 2357 1646 2430 Ipsa
1658 2372 1781 2430 quoque

78 2451 178 2510 solum
189 2449 262 2507 fecit
283 2447 336 2504 scd
358 2446 482 2515 creavit,
507 2445 565 2502 hoc
578 2448 625 2501 est
645 2444 682 2500 de
695 2443 791 2499 nihilo
817 2443 898 2498 iecit.
955 2446 1107 2503 Geneseos
1121 2447 1272 2520 scriptura
1290 2447 1382 2517 (uude
1392 2447 1492 2519 prima
1503 2447 1541 2501 ad
1556 2462 1613 2503 nos
1626 2446 1722 2518 hujus
1738 2446 1781 2502 rei

76 2538 255 2612 Philosophi
270 2537 431 2609 gentilium
445 2537 506 2591 tria
529 2534 669 2608 quaedam
691 2547 793 2589 rerum
817 2531 899 2604 prin-
915 2543 941 2600 Β
954 2536 1093 2591 manavit
1108 2535 1233 2607 agnitio)
1250 2535 1293 2591 sic
1308 2536 1451 2606 ambigue
1466 2534 1503 2590 de
1526 2522 1704 2608 operatione
1728 2550 1781 2590 sex

76 2629 157 2703 cipia
171 2627 400 2699 sluepriucipic
421 2628 605 2698 posueruut:
631 2623 780 2694 opificem,
805 2623 898 2677 mate·
955 2623 1073 2680 dierum
1087 2623 1234 2695 loquitur,
1250 2627 1285 2679 ut
1313 2639 1520 2696 sepenumero
1547 2625 1650 2681 omnia
1678 2625 1782 2698 potius

75 2719 154 2776 riam
170 2720 201 2774 θῖ
214 2717 366 2785 formam;
383 2714 560 2788 prolitentes
575 2727 610 2768 ea
632 2727 701 2784 quae
723 2711 805 2766 iacta
828 2712 902 2765 sunt
956 2712 1048 2770 simul
1059 2713 1141 2769 tacta
1154 2712 1250 2768 fuisse
1262 2713 1391 2784 probare
1405 2712 1555 2769 videatur.
1572 2712 1700 2786 Propter
1724 2714 1782 2769 has

77 2807 182 2865 omnia
193 2821 231 2863 ex
243 2805 373 2861 materia
384 2803 507 2875 quidem
518 2802 551 2857 iu
561 2801 692 2856 formam
699 2814 753 2872 per
763 2798 901 2871 opificem
955 2801 1051 2873 igitur
1064 2801 1276 2873 ethujusmodi
1283 2802 1416 2857 rationes
1425 2801 1513 2857 aiunt
1524 2801 1708 2857 credendum
1717 2817 1782 2858 esse

78 2912 143 2954 esse
153 2894 311 2969 producta.
318 2892 377 2949 Sed
385 2891 438 2947 isti
451 2891 596 2947 factorem
608 2887 708 2946 solum
719 2903 781 2944 non
792 2890 905 2944 creato·
955 2891 1117 2962 mysticam
1128 2890 1214 2946 illam
1226 2891 1259 2945 in
1271 2890 1382 2947 Genesi
1395 2891 1448 2946 sed
1461 2890 1579 2947 dierum
1592 2890 1783 2948 distributio

78 3000 143 3042 rem
157 2982 255 3040 Deum
268 2980 399 3056 professi
414 2983 497 3036 suut.
508 2978 598 3035 Fides
609 2979 711 3033 autem
721 2991 794 3033 vera
805 2991 902 3032 unum
956 2995 1037 3049 nem,
1053 2980 1096 3035 rei
1111 2983 1214 3035 autern
1242 2980 1371 3035 veritate
1401 2995 1521 3036 omnem
1544 2984 1726 3037 creaturam.
1743 2981 1782 3036 ab

79 3070 305 3131 solummodum
312 3070 447 3142 primum
457 3067 641 3140 principium
650 3066 812 3122 confitetur
821 3063 903 3138 quod
956 3069 1024 3141 ipso
1038 3069 1186 3142 temporis
1201 3066 1325 3123 exordio
1340 3083 1401 3139 quo
1415 3084 1481 3123 esse
1500 3069 1601 3141 coepit,
1619 3069 1710 3125 talem
1724 3086 1780 3125 θω-

80 3159 280 3232 compererat
295 3173 302 3223 ;
327 3160 357 3212 et
370 3171 425 3229 per
439 3157 541 3228 ipsum
556 3154 655 3211 solum
677 3154 792 3210 tactum
808 3157 855 3210 est
862 3155 904 3209 ut
956 3158 1038 3230 pisse
1052 3156 1168 3229 talique
1180 3157 1289 3226 forma,
1302 3156 1424 3228 qualern
1435 3173 1517 3212 nunc
1525 3157 1646 3213 videtur
1659 3158 1781 3229 habere,

78 3251 159 3306 esset
179 3244 263 3318 quod
276 3243 442 3316 aliquando
456 3258 519 3299 non
542 3246 617 3300 erat.
630 3242 725 3315 Cujus
739 3241 904 3298 ineffabilis
958 3248 1110 3316 quantum
1127 3245 1160 3301 id
1178 3244 1217 3300 ad
1234 3245 1445 3302 univcrsitatis
1463 3245 1695 3318 dispositionem
1715 3262 1781 3320 per-

79 3335 310 3409 omuipctentiae
320 3329 904 3403 virtus,sicutnonpotuitaliudpraeter
958 3334 1046 3389 tinet.

44 3429 47 3432 ’
79 3440 113 3482 se
126 3424 238 3481 habere
252 3425 447 3489 coaeternum,
459 3435 521 3493 quo
535 3418 569 3474 in
580 3418 719 3475 iaciendo
730 3419 901 3491 juvaretur,
958 3420 1031 3478 Cas.
1042 3421 1097 3476 III.
1111 3423 1207 3477 Ratio
1217 3436 1320 3491 quare
1330 3424 1590 3492 colaitDeusper
1599 3428 1781 3493 temporam

77 3516 124 3573 ita
136 3513 197 3587 ipsi
222 3526 292 3569 cum
319 3509 417 3566 voluit
445 3509 580 3578 suberat,
591 3511 627 3564 ut
641 3507 724 3580 quod
747 3507 846 3563 voluit
874 3511 904 3564 et
995 3512 1174 3566 intervallo
1183 3525 1278 3580 opera
1287 3525 1351 3566 aaa
1359 3513 1403 3566 ad
1414 3513 1659 3581 completionem
1664 3515 1782 3581 perda-

79 3603 204 3679 quando
225 3605 255 3658 et
269 3601 421 3673 quantum
436 3596 534 3655 voluit
557 3596 594 3653 de
619 3595 716 3652 nihilo
738 3599 901 3653 crearetur.
994 3599 1508 3669 cere5etpriuaessefacerequam
1516 3602 1780 3669 pulchrumesae.

78 3693 190 3752 Omnia
204 3705 275 3761 ergo
289 3705 358 3762 quae
373 3688 551 3757 factasunt,
567 3684 652 3743 Deus
674 3702 736 3743 non
752 3685 851 3742 solum
866 3701 904 3743 ex
994 3688 1091 3745 Nobis
1107 3691 1208 3744 autem
1224 3687 1346 3744 videtur
1359 3690 1493 3760 (excepto
1508 3704 1543 3745 eo
1558 3690 1640 3762 quod
1656 3690 1735 3745 nihil
1750 3690 1783 3745 in

77 3782 209 3841 materie
233 3779 316 3848 fecit,
345 3778 398 3835 sed
424 3778 584 3833 materiam
609 3775 748 3833 omnium
776 3776 841 3848 ipse
867 3775 904 3831 de
959 3776 1016 3833 hac
1037 3794 1068 3832 re
1087 3780 1199 3833 temere
1221 3776 1350 3832 diffinire
1372 3778 1528 3848 volumus)
1553 3779 1783 3850 omnipotentiae

78 3869 177 3928 nihilo
189 3868 313 3924 creavit.
921 3890 945 3947 C
960 3865 1111 3921 Creatoris
1125 3868 1155 3922 tn
1168 3865 1253 3921 nullo
1265 3865 1414 3936 derogari,
1431 3867 1457 3922 si
1471 3883 1525 3938 per
1537 3866 1697 3923 intervella
1712 3872 1785 3923 tem·

78 3957 153 4016 Cae.
161 3951 771 4024 11.uepriusfaetoestmarertaquam
780 3951 900 4021 forma.
958 3954 1040 4025 peris
1052 3969 1129 4025 opus
1141 3969 1231 4009 suum
1244 3955 1282 4010 ad
1297 3957 1590 4013 consummationem
1600 3956 1781 4029 perduxisse

114 4045 173 4104 Sed
186 4058 247 4100 non
261 4055 357 4115 parva
368 4041 497 4112 quaestio
508 4043 553 4096 est
568 4045 674 4096 utrum
688 4056 725 4096 ea
738 4056 807 4112 quae
822 4041 904 4098 facta
957 4041 1087 4111 dicitur;
1111 4043 1156 4097 ita
1178 4046 1213 4097 ut
1233 4045 1338 4099 tamen
1360 4044 1572 4100 indubitanter
1586 4045 1680 4101 etiam
1695 4045 1784 4101 aliter

80 4129 307 4204 sunt,simulin
316 4128 446 4185 materia
457 4131 488 4184 et
499 4129 598 4184 forma
608 4128 713 4184 adesse
722 4128 902 4200 prodierint,
957 4130 1056 4186 facere
1069 4131 1206 4202 potuisse
1222 4131 1260 4203 (si
1276 4133 1354 4188 ratio
1370 4133 1589 4205 omnipotentis
1612 4132 1784 4190 voluntatis

80 4238 120 4280 an
131 4221 219 4296 prius
232 4234 286 4295 per
298 4217 459 4274 materiam
475 4217 598 4290 quidem
612 4215 817 4273 essentialiter
832 4231 901 4273 con·
957 4219 1023 4290 ejus
1045 4220 1261 4292 expotulasset)
1278 4220 1428 4276 credatur.
1446 4222 1647 4294 Omnipotens
1670 4224 1784 4279 etenim

79 4311 145 4370 dita
172 4310 245 4379 sint,
270 4305 466 4382 postmodum
492 4305 633 4361 formate.
658 4303 726 4360 Scio
753 4305 903 4377 quosdam
957 4307 1041 4364 Deus
1057 4307 1155 4380 (cujus
1168 4308 1313 4365 voluntas
1327 4325 1383 4365 sua
1397 4310 1536 4366 bonitate
1550 4326 1711 4383 nunquam
1726 4313 1786 4385 pri-

79 4404 257 4459 sauctorum
271 4397 398 4455 Petrum
407 4395 461 4469 qui
473 4396 544 4450 aute
556 4409 611 4450 vos
621 4393 706 4450 verbi
721 4393 778 4449 Dei
792 4408 904 4450 arcana
956 4397 1024 4451 vari
1037 4397 1149 4468 potest)
1165 4397 1244 4453 sicut
1267 4401 1392 4470 propter
1405 4398 1587 4455 rationalem
1611 4403 1785 4457 creaturam

78 4487 260 4547 excellenter
271 4484 399 4542 scrutati
414 4487 497 4552 sunt,
511 4482 602 4555 quasi
617 4481 745 4539 adversa
760 4483 902 4555 quaedam
957 4487 1065 4540 caetera
1079 4486 1185 4540 omnia
1200 4486 1281 4556 fecit,
1297 4487 1341 4542 ita
1360 4488 1453 4543 etiam
1468 4488 1501 4544 in
1515 4489 1560 4544 eis
1574 4489 1720 4545 omnihus
1739 4489 1784 4544 fa·

80 4591 172 4650 super
196 4574 254 4631 hac
276 4571 476 4646 inquisitione
503 4570 616 4643 scripta
639 4569 809 4644 reliquisse,
826 4571 903 4627 Aliis
957 4572 1071 4630 ciendis
1092 4573 1180 4629 illum
1201 4575 1352 4647 praecipue
1372 4576 1496 4632 modum
1527 4593 1648 4633 servare
1664 4577 1782 4647 debuit,

79 4664 203 4740 quidem
218 4660 427 4719 asserentibus
441 4659 546 4716 omnia
565 4658 658 4714 simul
675 4658 709 4715 in
729 4660 859 4716 materia
872 4664 902 4716 θῖ
957 4663 1011 4734 qui
1024 4663 1123 4735 ipsius
1149 4664 1309 4719 rationalis
1334 4669 1481 4732 creaturae
1511 4667 1721 4724 commoditati
1749 4682 1784 4723 ac

78 4750 423 4819 formacreataiuisee;
448 4747 517 4804 aliis
532 4751 635 4805 autem
649 4747 708 4804 hoc
723 4749 822 4820 magis
834 4762 902 4820 pro·
957 4766 1056 4806 causae
1071 4752 1169 4822 magis
1184 4768 1338 4822 congruus
1362 4754 1430 4809 luit.
1446 4755 1504 4810 Hic
1526 4759 1628 4811 autem
1652 4756 1704 4812 iile
1719 4760 1785 4812 erat

79 4840 238 4909 bentibus,
249 4841 286 4895 ut
299 4853 441 4911 corporea
456 4837 580 4911 quidem
602 4838 705 4894 omnia
731 4853 800 4910 quae
822 4838 903 4894 iacta
956 4839 989 4894 in
1004 4854 1066 4911 quo
1080 4839 1178 4895 eidem
1201 4845 1347 4897 creaturae
1362 4843 1517 4912 rationali,
1531 4844 1645 4900 scilicet
1659 4860 1721 4900 ncu
1736 4859 1782 4900 so·

80 4932 164 4999 sunt,
179 4928 266 5001 prius
280 4925 373 4982 simul
394 4930 423 4981 et
437 4926 530 4983 semel
544 4926 743 4982 materialiter
756 4925 900 4982 condita:
956 4927 1021 4983 lum
1036 4928 1228 5000 obsequium,
1245 4930 1403 4986 sedetiam
1418 4931 1592 5004 exemplum
1610 4937 1783 5003 pararetur,

80 5015 276 5092 postmodum
299 5029 370 5070 vero
394 5029 447 5087 per
469 5014 632 5071 intervalla
655 5029 709 5070 sex
731 5014 849 5070 dierum
870 5013 903 5069 iu
956 5015 988 5071 id
1000 5020 1047 5072 θεῖ
1059 5016 1092 5072 in
1113 5032 1174 5090 quo
1188 5017 1242 5071 illa
1257 5019 1406 5090 acciperet
1422 5035 1483 5076 non
1507 5020 1605 5076 solum
1620 5021 1653 5075 id
1668 5037 1730 5092 quo
1746 5021 1786 5076 ad

80 5106 211 5177 termam
219 5102 367 5175 disposita
375 5102 471 5158 fuisse
481 5102 725 5173 credantur.Ego
736 5105 810 5174 puto
820 5102 903 5159 viros
957 5105 1139 5178 obsequium
1165 5106 1309 5176 indiguit,
1325 5107 1378 5163 sed
1404 5124 1457 5180 per
1483 5107 1560 5164 illud
1586 5109 1680 5164 etiam
1703 5109 1786 5182 quod

80 5192 239 5268 sapientie
252 5191 285 5245 in
299 5190 390 5244 rebus
414 5193 478 5245 tam
493 5190 631 5246 obscuris
647 5193 676 5245 et
688 5190 791 5245 dubiis
811 5194 903 5262 atque
917 5231 945 5287 D
957 5194 1066 5265 accipit
1080 5198 1257 5265 agnosceret
1271 5195 1302 5249 id
1317 5197 1400 5266 quod
1415 5198 1484 5252 fuit.
1502 5198 1669 5269 Propterea
1684 5199 1719 5253 in
1734 5213 1788 5253 cae

80 5299 100 5340 a
113 5295 206 5341 sensu
233 5279 338 5334 nostro
364 5277 499 5346 remotis,
515 5292 571 5333 nec
596 5280 708 5333 temere
736 5278 902 5334 asseruisse
957 5282 1030 5337 teris
1045 5283 1135 5338 rebus
1157 5284 1242 5354 prius
1256 5285 1398 5340 informis
1420 5287 1564 5342 materies
1583 5287 1667 5343 facta
1691 5291 1739 5343 est
1753 5302 1788 5342 ac

80 5369 164 5446 quod
181 5365 364 5433 nescierint;
391 5365 536 5436 usquein
551 5365 684 5436 hisquae
708 5370 904 5422 asseruerunt
961 5369 1069 5425 deinde
1084 5371 1226 5443 formata,
1241 5377 1276 5428 ut
1297 5389 1331 5430 eo
1347 5374 1414 5446 ipso
1429 5375 1692 5432 demonstraretur
1705 5374 1789 5448 quod

79 5450 904 5534 praesertimtantadiligentiaprolatis,errarepotuisse.
961 5458 1058 5515 abillo
1068 5460 1153 5532 prius
1164 5477 1225 5516 non
1236 5462 1398 5518 existentia
1409 5464 1597 5536 accepissent
1608 5465 1786 5535 essentiam,

80 5547 161 5605 111ud
183 5544 283 5617 magis
306 5539 496 5610 crediderim,
514 5542 571 5597 sub
596 5541 778 5597 assertionis
807 5543 906 5598 forma
960 5547 1025 5603 sine
1039 5564 1099 5620 quo
1113 5549 1204 5604 modo
1218 5551 1347 5605 lorruarn
1364 5553 1394 5606 et
1413 5551 1551 5607 ordinem
1567 5568 1629 5608 non
1643 5557 1787 5626 poterant

80 5633 291 5707 inquisitionis
311 5629 448 5687 studium
469 5629 636 5703 aliquando
657 5629 763 5686 tuisse.
779 5629 838 5697 Qui
862 5632 905 5689 sic
959 5634 1218 5694 habereocniusa.
1230 5639 1344 5695 Eodem
1354 5639 1443 5697 modo
1456 5641 1697 5714 ipsarationalis
1709 5657 1788 5698 crea·

81 5724 163 5782 dicte
183 5725 359 5780 sanctorum
381 5719 431 5794 pie
454 5719 650 5793 interpretari
672 5720 836 5794 voluerint,
848 5738 905 5780 nec
957 5729 1028 5782 tura
1041 5742 1095 5799 per
1109 5727 1141 5784 id
1156 5728 1239 5800 quod
1252 5728 1327 5786 foris
1339 5728 1442 5802 fiebat,
1453 5731 1486 5787 in
1497 5746 1529 5788 se
1540 5734 1747 5804 cognosceret,
1756 5733 1786 5788 et
