3756 6074
131 177 199 234 1015
595 164 767 224 ΑΡΡΕΝΒΙΧ
784 162 832 218 AD
850 157 1004 216 euectus
1023 158 1139 217 OPERA
1155 163 1367 222 DOGllATlCA.
1784 164 1839 219 1151

128 296 294 374 quaeregio
309 296 361 353 aut
370 290 520 369 possessio
538 288 760 359 ministraverit,
788 287 851 344 sine
880 265 959 340 mur·
974 287 998 339 A
1014 285 1217 357 nascentibus,
1233 303 1287 344 seu
1301 286 1403 344 exutio
1413 285 1526 358 aliquo,
1541 283 1626 357 quod
1634 283 1778 342 crudum
1791 302 1843 343 ree

127 404 214 446 mure
228 389 360 443 utentur.
375 387 467 440 Nemo
481 380 571 452 igitur
585 379 680 437 nostri
692 376 838 453 propositi
852 374 960 432 abhor·
1011 372 1038 428 ci
1052 373 1157 446 possit.
1175 379 1207 432 ln
1222 377 1335 435 certeris
1350 391 1421 434 vero
1435 373 1543 431 diebus
1557 379 1686 448 propter
1711 390 1842 443 causam,

126 481 192 537 reat
200 474 422 540 abstinentiam,
445 487 514 545 quac
541 470 579 527 de
593 468 735 527 omnibus
750 466 888 526 ciborum
910 480 958 536 ge·
1010 478 1105 534 quam
1120 465 1368 539 supradiximus,
1383 465 1416 522 in
1427 464 1502 521 hora
1516 463 1636 538 prandii
1650 463 1723 521 duo
1740 464 1848 522 fercula

127 565 249 630 nerihus
260 563 358 622 solum
367 560 465 619 camis
479 559 611 618 excludit
621 559 730 630 visum,
754 560 861 615 catera
888 568 983 610 vero·
1010 557 1104 621 cocta,
1115 553 1147 610 in
1159 571 1246 613 00111
1258 571 1329 613 vero
1344 570 1441 612 unum
1469 554 1607 616 crudum,
1638 570 1699 612 seu
1732 560 1848 612 coctum

126 654 274 723 concedit,
288 656 316 710 et
330 651 460 721 henigne
476 649 694 706 subministrat.
710 652 743 705 ln
756 646 792 703 iis
820 644 957 703 ciborum
1010 656 1065 714 pro
1089 643 1240 701 voluntate
1263 643 1451 719 disponentis
1479 643 1589 700 habere
1610 642 1717 701 liceat.
1745 647 1849 701 Praeter

127 743 381 817 generibusque
397 738 565 796 necessitati
579 738 705 795 fratrum
732 736 812 792 licita
833 749 900 790 esse
915 732 959 787 di·
1010 730 1074 787 11110
1102 737 1202 790 autem
1231 738 1300 791 sunt
1317 738 1346 791 et
1360 733 1419 790 alia
1433 732 1550 806 pietatis
1568 732 1699 801 fercula,
1717 750 1791 808 quae
1808 735 1845 790 ad

126 833 237 902 ximus,
253 830 309 886 tria
324 825 605 895 suntabservanda,
619 825 651 883 id
667 828 723 894 est,
737 822 857 890 modus,
872 836 958 878 men·
1009 821 1203 894 praelatorum
1217 823 1473 898 dispensationem
1488 822 1646 897 pertinent,
1664 823 1743 880 lieet
1768 824 1849 882 enim

127 936 199 977 sura
213 923 243 976 11
254 933 422 975 numerus:
445 915 567 982 modus,
596 917 630 971 ut
654 912 809 970 moderate
836 913 959 967 utantur
1010 911 1141 983 praelatis
1153 914 1347 986 praeterhac,
1363 929 1431 986 quae
1445 927 1590 969 concessa
1603 917 1689 981 sunt,
1711 919 1770 971 aut
1792 914 1848 971 tra-

126 1009 286 1084 appositis;
301 1021 452 1074 mensura,
470 1008 503 1061 ut
518 1003 657 1078 apposita
667 1001 881 1060 sustentatione
896 1015 958 1056 non
1010 999 1106 1057 tribus
1122 1003 1308 1073 generaliter,
1322 1007 1375 1060 ant
1388 1002 1477 1059 alicui
1495 1002 1533 1058 de
1561 1017 1671 1059 mensa
1700 1020 1772 1071 sua,
1802 1003 1848 1060 ali-

126 1097 315 1157 deleetalioni
330 1094 499 1164 sufficiant;
514 1109 671 1163 numerus,
686 1096 721 1150 ut
733 1108 769 1150 ex
779 1090 883 1165 aliquo
907 1105 958 1161 ap·
1009 1089 1093 1163 quod
1109 1107 1146 1147 111
1161 1091 1424 1149 condescensionis
1434 1090 1617 1163 benignitate
1627 1092 1846 1159 transmittere,

125 1186 294 1262 positorum
305 1183 486 1252 reficiantur,
517 1198 555 1239 ne
570 1181 751 1239 abstinentia
767 1179 862 1236 nimia
888 1193 957 1233 caro
1009 1195 1065 1236 nec
1081 1184 1182 1238 111111
1193 1181 1236 1238 111
1255 1182 1402 1254 injustum
1420 1180 1516 1238 videri
1539 1180 1638 1249 debet,
1671 1198 1758 1255 quos
1784 1183 1847 1239 fecit

126 1274 237 1334 afflicta
249 1273 378 1343 deficiat,
394 1277 446 1330 aut
460 1271 613 1329 saturitate
634 1270 811 1328 luxurietur.
828 1271 860 1324 ln
875 1283 959 1324 mon·
1009 1267 1111 1342 aliqua
1125 1270 1311 1327 consuetudo
1323 1270 1469 1341 fortiores,
1485 1269 1623 1326 siminus
1638 1271 1710 1343 pati
1724 1271 1846 1328 valenti·

126 1363 299 1421 suradebet
321 1378 385 1419 esse
414 1361 579 1436 aequalitas,
602 1376 664 1419 101
689 1357 874 1435 quantitatis,
904 1356 957 1413 sed
1007 1357 1076 1426 bus,
1093 1358 1154 1415 sive
1168 1359 1236 1429 illis,
1252 1360 1304 1433 qui
1317 1360 1445 1417 nimium
1455 1360 1610 1435 patiuntur
1621 1360 1782 1426 laborem,
1797 1362 1846 1419 ali·

126 1450 320 1513 sufficientiae.
332 1448 415 1507 Unde
428 1451 535 1507 beatus
543 1448 728 1520 Augustinus
738 1465 745 1503 :
757 1469 772 1497 «
786 1448 957 1517 Nonaequa-
1009 1448 1125 1520 quoties
1138 1448 1235 1522 pietas
1249 1449 1384 1520 magistri
1400 1449 1568 1522 provideat.

124 1542 199 1612 liter,
216 1541 323 1615 inquit,
340 1539 494 1609 omnibus,
510 1538 659 1610 quianon
672 1534 827 1609 aqualiter
850 1550 956 1590 omnes
1090 1539 1158 1593 Car.
1175 1539 1243 1594 Vlll.
1257 1537 1426 1608 1111101111,
1440 1545 1467 1595 et
1480 1553 1604 1595 numero
1619 1540 1767 1597 vestirem.

125 1630 241 1687 valetis.
259 1651 273 1680 >a
287 1632 353 1684 llaec
368 1627 524 1701 aequalitas
543 1629 664 1682 estnon
689 1623 874 1698 quantitatis,
903 1622 990 1691 sedss
1044 1622 1143 1692 Vobis,
1159 1624 1274 1694 fratres,
1291 1623 1399 1682 dicitur
1414 1643 1420 1682 :
1438 1629 1503 1682 Non
1515 1625 1552 1682 sit
1562 1625 1712 1684 notabilis
1724 1627 1842 1685 habitus

126 1716 322 1774 sufficientiae.
343 1719 423 1772 Tunc
449 1714 530 1771 enim
553 1730 601 1771 res
627 1712 782 1788 aequaliter
802 1711 954 1783 dividitur,
1007 1717 1114 1778 vester,
1131 1729 1186 1770 nec
1200 1714 1841 1788 affectetisvestibusplaceresedmoribus.

127 1822 198 1864 cum
212 1805 271 1877 ffie,
287 1804 340 1877 qui
353 1803 469 1873 dividit,
492 1807 583 1877 prout
597 1803 706 1876 cuique
721 1818 798 1876 opus
811 1805 866 1870 est,
895 1801 955 1857 sin·
1008 1805 1142 1869 Quatuor
1155 1808 1259 1860 aulem
1274 1810 1343 1860 sunt
1355 1804 1386 1860 in
1395 1803 1500 1861 habitu
1515 1803 1669 1876 religionis
1686 1807 1840 1873 notabilia,

126 1894 204 1967 gulis
215 1894 350 1968 partitur.
367 1896 399 1949 ln
413 1893 471 1948 hoc
484 1892 572 1948 multi
586 1890 736 1949 multoties
754 1890 954 1964 decipiuntur,
1006 1891 1038 1948 id
1053 1898 1098 1949 est
1111 1892 1209 1950 vilitas
1219 1893 1458 1967 etsuperlluitas,
1475 1893 1611 1967 paucitas
1620 1899 1650 1952 et
1656 1896 1840 1968 pretiositas,

127 1999 197 2042 cum
208 1981 371 2039 delicatiori
385 1981 473 2037 alicui
486 1996 576 2036 usum
589 1980 649 2036 cibi
672 1979 808 2037 lautioris
835 1995 956 2036 conces·
1008 1985 1041 2037 ln
1052 1981 1163 2039 vilitate
1177 1998 1258 2040 vana
1281 1982 1376 2054 gloria
1391 1987 1420 2040 et
1435 1983 1595 2049 simulatio,
1609 1984 1640 2041 in
1656 1986 1839 2057 pretiositate

127 2089 196 2130 sum
210 2070 347 2129 viderint.
361 2091 375 2120 «
391 2073 456 2126 Non
470 2073 525 2139 est,
540 2069 647 2143 inquit,
661 2070 726 2125 haec
736 2085 825 2142 aequa
839 2069 953 2142 religio,
1008 2072 1150 2146 superbia
1163 2077 1215 2129 aut
1229 2073 1385 2130 delectatio
1397 2092 1404 2143 ;
1419 2073 1449 2130 in
1470 2075 1620 2147 paucitate
1647 2074 1841 2133 intolerantia

125 2177 195 2238 quaa
207 2175 352 2236 personas
366 2159 479 2233 recipit,
495 2158 601 2216 divites
620 2160 768 2216 honorat:
785 2159 868 2216 etsie
883 2175 955 2215 con·
1007 2167 1060 2219 aul
1073 2161 1261 2236 desperatio,
1275 2163 1307 2219 in
1323 2162 1525 2236 superfluitate
1540 2179 1612 2220 vcro
1625 2179 1718 2221 amor
1737 2166 1839 2227 seculi.

123 2252 220 2324 tingit,
235 2256 268 2309 nt
282 2252 323 2308 ait
336 2251 443 2308 beatus
472 2249 666 2320 Augustinus,
690 2247 868 2308 detestanda
890 2265 955 2324 per·
1007 2267 1069 2308 non
1080 2267 1166 2308 amor
1181 2252 1242 2319 Dei,
1259 2267 1346 2309 amor
1360 2251 1474 2325 palatii,
1500 2268 1562 2310 non
1594 2269 1685 2311 amor
1708 2256 1841 2330 paradisi

123 2343 257 2411 versitas,
272 2344 305 2397 ut
318 2340 348 2397 in
363 2338 547 2397 monasterio
562 2337 625 2407 ubi,
642 2341 791 2412 quantum
813 2343 953 2412 possunt,
1007 2344 1160 2398 notantur.
1177 2343 1301 2397 Utamur
1315 2340 1404 2412 igitur
1417 2341 1631 2399 mediocritatis
1641 2359 1805 2411 mensura,
1815 2352 1840 2401 et

123 2429 315 2505 fiuntdirites
327 2428 480 2497 laboriosi,
497 2428 572 2485 fiant
585 2442 736 2502 pauperes
764 2427 891 2485 delicati.
920 2428 954 2484 lli
1006 2429 1167 2487 audiamus
1181 2430 1359 2503 Apostolum
1374 2429 1522 2487 dicentem
1540 2448 1547 2486 :
1562 2432 1631 2489 Noa
1641 2433 1676 2489 in
1694 2442 1786 2504 ceste,
1801 2435 1840 2491 in-

123 2536 301 2578 mensuram
315 2522 455 2593 quaerunt
463 2517 634 2590 voluptatis,
647 2532 710 2574 101
735 2517 951 2575 necessitatis.»
1005 2517 1079 2590 quit,
1092 2519 1226 2588 pretioso
1247 2518 1277 2585 (1
1287 2519 1360 2575 Tim.
1375 2519 1416 2591 11).
1441 2521 1476 2576 Et
1505 2519 1707 2594 Hieronymus
1735 2528 1841 2580 conua

124 2611 257 2674 Quatuor
267 2623 321 2682 per
336 2606 561 2663 similitudinem
573 2606 713 2663 dicuntm
736 2622 801 2663 esse
832 2621 953 2664 mensu·
1004 2607 1195 2664 torinianum
1208 2607 1413 2665 monachum:
1431 2628 1446 2662 ‹
1461 2609 1598 2678 Grandis,
1614 2611 1723 2684 inquit,
1737 2613 1841 2670 exsul·

121 2713 174 2766 rae,
189 2696 289 2766 idest,
304 2709 448 2751 mensura
457 2693 589 2752 avaritiae
602 2698 631 2751 et
643 2694 816 2769 voluptatis,
832 2711 953 2752 mensu·
1004 2696 1075 2753 tatio
1088 2700 1133 2754 est
1144 2696 1263 2765 animae,
1274 2712 1344 2753 cum
1356 2714 1452 2771 parvo
1463 2702 1620 2755 contentus
1631 2696 1735 2769 fueris,
1751 2719 1842 2760 mun·

122 2802 155 2844 ra
165 2784 397 2859 dispensationis
420 2787 449 2841 et
475 2782 670 2840 necessitatis.
687 2787 721 2840 In
734 2784 781 2840 his
799 2783 857 2852 lex,
883 2800 951 2857 quae
1004 2786 1201 2843 dumhabere
1214 2786 1271 2843 sub
1285 2787 1424 2860 pedibus,
1445 2792 1473 2844 et
1489 2804 1612 2845 omnem
1639 2789 1705 2861 ejus
1735 2797 1841 2864 poten·

121 2875 344 2934 interementes
359 2878 389 2931 cl
399 2872 562 2930 vendentes
578 2872 717 2947 habetur,
732 2890 787 2948 per
813 2873 952 2931 similitu·
1004 2874 1087 2942 tiam,
1108 2875 1224 2949 epulas,
1238 2873 1388 2946 libidines,
1399 2876 1533 2948 (propter
1545 2892 1614 2949 quae
1629 2875 1741 2935 divitiae
1754 2896 1839 2937 com-

120 2965 223 3023 dinem
236 2967 337 3038 potest
351 2961 491 3035 asignari.
505 2962 642 3037 Avaritiae
668 2978 811 3021 mensura
835 2967 881 3021 est
905 2964 951 3020 ni·
966 2991 987 3046 C
1004 2965 1158 3037 parantur)
1170 2964 1280 3021 vilibus
1294 2969 1411 3022 mutare
1424 2965 1508 3037 cibis,
1520 2970 1549 3021 et
1570 2966 1715 3037 grossiori
1728 2970 1836 3027 tunice
1877 2966 1878 2973 ’

119 3054 181 3112 mia
195 3054 335 3128 parcitas,
349 3067 493 3109 mensura
507 3068 579 3108 vern
603 3051 766 3125 voluptatis
796 3052 951 3126 superflui·
1003 3068 1227 3126 compensare.»
1240 3055 1279 3110 lle
1293 3053 1463 3111 diversitate
1476 3054 1606 3112 vestium
1622 3055 1786 3115 adiversis
1797 3059 1835 3116 di·

119 3146 176 3212 tas,
191 3157 334 3199 mensura
348 3140 590 3215 dispensationis,
604 3139 785 3215 benignitas,
807 3157 951 3198 mensura
968 3130 973 3140 ’
1002 3158 1091 3200 versa
1103 3143 1252 3200 dicuntur.
1267 3142 1375 3200 Volunt
1389 3143 1470 3200 enim
1485 3143 1610 3216 quidam
1625 3145 1705 3203 inter
1719 3164 1834 3223 purpu·
1877 3214 1878 3220 χ

119 3231 313 3294 necessitatis,
328 3230 478 3287 sufficiens
497 3230 663 3303 equalitas.
678 3230 808 3287 Avaritia
831 3230 949 3287 subtra-
1001 3236 1111 3288 namet
1136 3248 1268 3295 saccum,
1300 3231 1376 3289 inter
1403 3233 1532 3290 sericum
1546 3237 1575 3291 et
1593 3232 1724 3293 cilicium
1740 3237 1833 3296 linum
1877 3222 1878 3235 ³

118 3319 163 3377 hit
171 3319 350 3388 necessitati,
365 3319 506 3393 voluptas
520 3318 637 3375 excedit
648 3318 867 3388 necessitatem,
892 3318 951 3376 dis·
1002 3337 1068 3378 esse
1083 3320 1227 3377 medium.
1243 3324 1302 3377 Nos
1313 3325 1424 3389 autem,
1437 3321 1490 3394 qui
1502 3337 1565 3379 101
1573 3338 1682 3379 sumus
1691 3324 1731 3381 de
1743 3326 1833 3384 domo

118 3409 256 3483 pensatio
269 3408 437 3466 necessitati
448 3406 678 3465 misericorditer
699 3407 792 3475 addit,
818 3408 949 3465 necessi·
1000 3409 1093 3482 regia,
1110 3409 1215 3466 sedda
1231 3409 1372 3481 Ecclesia,
1387 3409 1419 3465 in
1431 3410 1647 3468 mediolanam
1674 3412 1832 3482 locamus;

118 3501 165 3555 tas
180 3497 316 3555 debitum
330 3495 502 3567 indigentie
523 3493 655 3566 requirit.
674 3493 774 3551 Solent
799 3499 947 3552 mercato·
1001 3516 1133 3573 quaenec
1156 3499 1316 3572 asperitate
1341 3499 1436 3556 nimia
1464 3517 1650 3576 quemquam
1680 3512 1830 3580 perurget,

117 3600 165 3643 res
179 3586 364 3660 quandoque
377 3582 497 3639 duabus
516 3580 666 3638 mensuris
691 3582 735 3638 uti
750 3601 757 3638 :
786 3598 858 3654 una,
885 3600 947 3656 qua
1000 3605 1055 3645 110
1070 3588 1199 3645 multum
1212 3587 1322 3645 recedit
1336 3604 1354 3645 a
1369 3590 1517 3647 suavitate
1532 3592 1618 3649 111111
1633 3594 1738 3652 vestis
1756 3596 1832 3664 «Qui

116 3674 280 3733 rendentes
295 3687 350 3729 sua
362 3670 555 3741 distribuunt,
570 3686 639 3744 quar
658 3671 758 3728 minor
769 3675 813 3729 est
830 3690 837 3741 ;
852 3672 947 3729 altera
1000 3676 1081 3734 enim
1093 3676 1259 3734 induuntur
1268 3675 1420 3746 mollibus,
1435 3677 1467 3735 in
1480 3679 1621 3736 domibus
1643 3696 1756 3753 regum
1767 3688 1831 3741 sunt
1873 3730 1876 3737 .

115 3780 198 3836 vero,
214 3780 277 3840 qua
291 3765 424 3820 ementes
438 3759 700 3835 alienarecipiunt,
713 3761 765 3818 sed
775 3762 839 3819 haec
848 3763 947 3835 major
1000 3766 1119 3838 (Mollia.
1133 3765 1163 3839 1),
1181 3788 1195 3816 »
1209 3765 1241 3821 in
1255 3764 1373 3823 deserto
1388 3784 1460 3825 vero
1484 3784 1547 3825 non
1570 3769 1659 3827 vestis
1687 3773 1829 3839 suavitas,

116 3857 170 3923 111,
186 3855 285 3926 major
299 3854 342 3908 est
356 3851 439 3925 ipsis,
451 3851 551 3907 minor
562 3855 606 3906 est
617 3851 768 3924 proximo.
782 3850 945 3926 Siquidem
1000 3851 1054 3907 sed
1069 3850 1216 3924 asperitas
1231 3851 1326 3925 quaeri
1340 3851 1439 3910 debet.
1455 3853 1538 3911 Unde
1551 3853 1659 3911 beatus
1688 3859 1830 3928 Augusti·

114 3941 230 4017 praelati
250 3941 380 3998 avaritiae
409 3945 438 3998 et
464 3941 628 4014 voluptatis
653 3957 797 3999 mensura
819 3945 945 4010 utentes,
999 3957 1075 3998 nus:
1093 3964 1107 3993 «
1123 3944 1237 4011 Fateor,
1253 3941 1360 4016 inquit,
1374 3943 1412 4000 de
1420 3948 1501 4000 veste
1512 3943 1643 4016 pretiosa
1652 3947 1826 4005 erubesco.»

114 4029 216 4087 nimiae
230 4029 382 4103 parcitatis
396 4028 520 4085 vasculo
535 4028 678 4100 subjectis
689 4030 870 4100 ministrant,
886 4029 945 4103 ipsi
999 4031 1147 4088 Etbeatus
1160 4032 1378 4104 Hieronymus:
1397 4054 1410 4083 r
1425 4033 1543 4098 Saccus,
1561 4031 1668 4102 inquit,
1700 4040 1733 4090 ct
1756 4038 1825 4109 jeJu-

74 4168 79 4178 .
115 4123 216 4178 autem
230 4118 321 4192 pleno
337 4117 550 4194 supertlmtatis
565 4121 690 4175 utuntur
707 4118 944 4176 11οά1011101-
998 4116 1666 4192 11111111111111111111111111,1111111111
1692 4129 1827 4193 peccato

114 4207 380 4283 tatempraedicant
394 4206 546 4279 subjectis,
562 4205 616 4263 sed
631 4205 688 4281 ipsi
699 4205 885 4280 voluptatem
900 4223 944 4264 se·
997 4227 1078 4282 rum,
1091 4210 1163 4283 quia
1176 4209 1274 4266 inanis
1288 4211 1400 4275 venter,
1412 4210 1442 4261 et
1453 4204 1576 4262 habitus
1589 4205 1755 4270 luctuosus
1770 4231 1826 4272 am

113 4304 259 4374 quuntur.
276 4300 351 4356 sunt
360 4296 449 4355 etalii
459 4299 650 4365 mercatores,
665 4296 812 4370 quirectis
827 4300 943 4354 utentes
998 4298 1133 4355 bitiosius
1149 4299 1242 4352 Deum
1252 4293 1480 4364 deprecantur.»
1498 4293 1652 4352 Sufficiant
1664 4297 1759 4368 igitur
1767 4304 1826 4360 uni·

111 4387 262 4445 mensuris
277 4386 387 4443 ementi
396 4401 509 4443 munus
524 4401 561 4442 ex
575 4385 639 4442 sola
653 4385 837 4457 benignitate.
851 4386 941 4443 mise-
998 4385 1106 4459 cuique
1118 4382 1244 4439 fratrum
1255 4383 1427 4437 nostrorum
1440 4381 1826 4459 tunicoeduae,pelliceauna

112 4475 268 4533 ricorditer
283 4473 473 4546 impendunt,
487 4473 599 4546 quibus
614 4473 783 4543 benignitas
801 4490 943 4547 quorum-
996 4488 1086 4548 super
1099 4469 1256 4546 pellitium,
1272 4469 1365 4543 pelles
1376 4471 1440 4528 sine
1454 4471 1592 4546 pallium,
1608 4491 1716 4549 cappa,
1731 4479 1825 4537 temo

112 4564 185 4622 dam
192 4560 386 4638 prelatorum
395 4561 656 4634 comparatur,qui
667 4577 737 4618 cum
745 4561 886 4634 subjectis
893 4579 943 4621 ne·
995 4564 1080 4636 ralia,
1095 4561 1227 4634 caligae,
1243 4559 1380 4635 pedules,
1391 4566 1420 4620 et
1431 4568 1554 4638 propter
1567 4564 1702 4623 laborem
1717 4586 1826 4644 scapu-

112 4654 244 4712 cessaria
261 4651 450 4727 provideant,
459 4650 576 4708 addunt
585 4651 675 4708 etiam
691 4651 875 4727 quandoque
890 4654 943 4710 mi·
994 4654 1066 4712 lare.
1084 4650 1234 4710 1101111111
1244 4666 1315 4708 1110
1330 4650 1511 4724 hujusmodi
1520 4659 1616 4721 crunt,
1641 4655 1768 4715 culcitra
1788 4659 1825 4716 dc

110 4758 169 4801 nus
184 4741 321 4816 perfectis
333 4740 436 4814 aliqua
449 4738 642 4813 voluptuosa,
657 4756 695 4796 ne
709 4740 859 4798 deficiant.
875 4745 942 4800 Uta·
994 4739 1097 4798 tloccis
1117 4739 1207 4810 linea,
1222 4739 1349 4814 capitale
1363 4739 1498 4812 linteum,
1515 4741 1740 4814 auricularium,
1765 4745 1825 4803 cin-

110 4846 180 4888 mur
189 4828 419 4902 igiturindcmo
427 4827 579 4899 religionis
587 4844 729 4887 mensura
739 4829 938 4905 discretionis,
995 4830 1111 4901 guium,
1127 4829 1273 4897 0111111111,
1286 4834 1402 4902 pecten,
1417 4846 1500 4887 acus.

108 4920 232 4980 11110111
243 4919 323 4977 enim
335 4934 489 4991 mensura,
505 4935 573 4993 quae
583 4918 708 4992 singulis
719 4921 869 4979 sufficiens
884 4926 937 4980 est.
1013 4923 1079 4977 Car.
1096 4922 1138 4977 ll'.
1154 4921 1198 4976 De
1209 4921 1255 4989 iis,
1272 4921 1325 4992 qui
1338 4922 1408 4991 vagi
1421 4927 1447 4978 et
1462 4922 1550 4978 otiosi
1560 4923 1710 4992 [10111111
1724 4925 1808 4984 labo

249 5010 317 5066 Car.
333 5010 390 5064 Vll.
403 5009 448 5065 De
464 5023 588 5066 atemere
602 5010 799 5078 ferculorum.
1242 5009 1381 5066 rantibus
1396 5010 1570 5068 detrahant.

143 5102 317 5157 lienumero
327 5098 428 5152 autem
440 5095 623 5153 ferculorum
635 5097 761 5167 diligens
772 5097 937 5155 esthaben-
1028 5098 1158 5155 Laberos
1168 5113 1312 5155 manuam
1324 5101 1522 5172 traaramqao'a
1535 5101 1823 5162 manducabis.Beo·

107 5187 148 5245 da
162 5185 374 5258 consideratio,
387 5200 426 5241 ne
442 5184 582 5243 simultis
597 5186 706 5243 offeras
728 5203 833 5255 unum,
848 5186 937 5243 alicui
992 5193 1087 5258 traces,
1101 5195 1128 5245 et
1138 5189 1209 5244 berae
1219 5188 1274 5244 tibi
1282 5189 1340 5244 erit
1352 5189 1627 5261 (Psolnxurtouid
1644 5196 1749 5250 autem
1771 5195 1823 5252 erit

106 5275 145 5333 sit
155 5276 324 5348 ingratum;
350 5276 402 5331 aut
431 5273 455 5329 si
483 5274 731 5331 numerositatem
753 5274 935 5332 serculorum
990 5278 1152 5351 illis‚quiin
1166 5276 1600 5336 taboretcminumnonaunt?
1620 5280 1823 5357 (Pactum.)

104 5362 373 5434 concedas,vitium
384 5361 599 5436 superfluitatis
612 5361 775 5418 incurras«
785 5365 817 5416 ln
827 5361 935 5419 diebus
991 5365 1823 5441 1111110111311111111111111111011111111110111111111

104 5453 194 5524 igilur
205 5452 401 5526 Jejuniorum,
417 5451 479 5507 duo
492 5450 603 5507 fercula
622 5454 707 5506 cocta
729 5449 877 5506 sufficiant
904 5457 936 5509 ut
991 5456 1179 5527 gravioribus
1186 5456 1491 5523 cruciabuntur.Quid
1501 5463 1601 5514 autem
1609 5458 1711 5516 dicam
1722 5462 1822 5536 deeis,

103 5544 180 5599 sicut
194 5543 235 5599 ait
244 5543 351 5601 beatus
364 5541 549 5606 Benedictus,
574 5539 625 5612 qui
653 5554 715 5596 101
746 5545 874 5613 possunt
897 5561 934 5600 cx
988 5545 1041 5618 qui
1055 5545 1123 5616 vagi
1138 5550 1166 5602 et
1175 5545 1263 5601 otiosi
1275 5549 1417 5602 vacantes
1431 5545 1553 5611 tabulis,
1580 5551 1610 5604 et
1636 5547 1824 5610 inundantes

102 5646 175 5702 uno,
186 5648 224 5688 01
238 5632 296 5688 ano
317 5631 517 5688 reficiantur.»
534 5628 662 5686 Tertium
683 5645 754 5686 vero
781 5648 818 5688 ex
847 5638 932 5690 terrae
988 5633 1097 5690 animae
1111 5633 1274 5691 verborum
1288 5632 1427 5690 iratribus
1437 5632 1534 5691 labori
1544 5651 1696 5695 manuum
1703 5643 1823 5701 statutis
