3742 6082
72 205 129 262 157
539 203 681 261 SUMMA
699 201 1024 261 SENTENTIARUM.
1039 233 1076 247 -
1090 206 1230 264 TRACT.
1252 207 1318 264 VII.
1728 209 1783 267 158

74 343 192 402 perere.
213 326 275 384 Nec
288 327 345 383 hoc
359 327 494 383 dieentes
508 328 628 399 culpam
642 327 825 401 deputamus
836 343 901 383 esse
916 327 943 384 Α
959 330 1051 386 simul
1066 330 1143 386 duas
1156 333 1214 388 sibi
1228 333 1374 388 terminas
1389 332 1547 404 copulasse
1562 347 1571 401 3
1597 334 1627 387 et
1655 332 1711 388 hoc
1727 333 1783 389 fac

74 416 275 517 conjugum,
293 412 355 485 sed,
370 416 443 487 quia
457 416 526 487 ipsa
539 416 623 472 licita
640 417 783 473 admistio
798 418 902 489 conju·
959 423 1025 475 tum
1040 422 1311 494 reprehenditurin
1327 421 1467 489 Lameth,
1482 420 1555 492 quia
1565 435 1620 492 pro
1636 420 1784 492 explenda

74 522 150 577 gum
164 521 229 561 sme
243 505 402 577 voluptate
418 505 518 560 carnis
532 506 597 560 lieri
613 522 674 561 non
689 509 800 579 potest,
814 524 832 560 a
857 522 904 562 sa·
957 510 1115 580 voluptate
1128 511 1228 566 carnis
1243 514 1433 582 compertum
1446 513 1493 563 est
1507 523 1577 563 eum
1593 509 1649 564 hoc
1674 510 1781 579 egisse.
1816 578 1818 584 Ι

75 596 119 650 cri
131 595 190 651 loci
204 595 346 665 ingressu
359 593 579 649 abstinendum
599 598 665 663 est,
680 596 754 667 quia
768 597 836 667 ipsa
851 610 901 650 vo·
959 599 1069 653 Postea
1082 615 1163 668 vero,
1192 598 1395 670 multiplicato
1417 597 1553 654 humano
1576 613 1696 668 genere,
1714 614 1784 653 cum

74 684 182 756 luptas
197 684 262 738 sine
275 682 365 754 culpa
381 682 555 738 nullatenus
571 700 635 739 esse
646 686 756 756 potest.
770 684 834 739 Nos
849 699 902 738 au·
956 688 1021 757 jam
1035 687 1097 742 iere
1111 703 1216 742 omnes
1230 687 1324 742 falsos
1337 687 1409 742 deos
1435 687 1608 755 adorarent,
1636 685 1784 757 paucissi-

76 777 139 828 tem
154 773 180 827 si
195 772 311 845 priores
326 772 523 827 auctoritates
541 773 719 828 strutiones
743 773 830 844 sequi
854 787 906 827 vo·
959 776 1019 830 mis
1033 777 1064 830 in
1080 777 1165 831 cultu
1176 777 1329 831 uuiusDei
1336 775 1587 848 permanentibus
1601 776 1785 847 permissum

75 862 199 931 lumus‚
221 860 458 915 determinemus
487 860 612 916 beatum
637 861 818 931 Gregorinm
849 861 907 916 hoc
961 869 1016 934 est,
1032 866 1094 921 imo
1109 865 1281 937 specialiter
1294 866 1445 936 injuctum
1460 869 1505 919 θεῖ
1519 880 1588 920 cum
1604 864 1724 919 duabus
1739 863 1787 920 vel

77 951 195 1006 dixisse
211 949 247 1005 de
258 948 311 1004 illa
325 948 493 1021 voluptate,
509 949 541 1004 id
562 952 608 1004 est
621 949 823 1005 immoderata
836 949 905 1005 libi·
959 954 1101 1026 pluribus
1116 953 1220 1009 eodem
1244 956 1380 1024 tempore
1405 954 1636 1008 matrimonium
1665 955 1785 1008 contra-

78 1040 152 1096 dine
164 1038 906 1112 proquaexplendaconjugesirequentercoeunt3
961 1043 1042 1099 here.
1054 1042 1142 1108 Quod
1156 1042 1267 1097 idcireo
1283 1042 1398 1097 factum
1414 1045 1460 1096 θεῖ
1486 1057 1524 1096 ne
1552 1041 1613 1096 illis
1638 1041 1745 1114 paucis
1758 1043 1787 1095 et

79 1144 144 1184 non
157 1129 230 1199 quia
246 1143 364 1198 semper
378 1127 435 1183 hoc
449 1127 577 1182 faciunt.
593 1127 646 1182 sed
661 1128 733 1199 quia
748 1126 825 1182 nulli
834 1129 909 1182 sunt
962 1131 1033 1186 filiis
1056 1146 1161 1186 eorum
1186 1130 1397 1185 deficientibus
1419 1129 1530 1185 notitia
1554 1133 1584 1185 et
1607 1129 1708 1185 cultus
1731 1129 1788 1184 Dei

80 1219 228 1289 conjuges
242 1216 296 1288 qui
310 1215 434 1271 valeant
443 1215 528 1270 illam
545 1231 664 1288 semper
687 1216 811 1271 evitare.
829 1216 909 1282 Quia

79 1306 178 1376 igitur
184 1303 274 1360 talem
280 1304 469 1376 voluptatem
478 1304 644 1376 aliquando
655 1305 800 1377 conjuges
812 1305 911 1360 incur-

79 1393 202 1462 rebant,
220 1393 259 1448 ab
271 1393 411 1463 ingressu
426 1392 567 1448 Ecclesiae
586 1396 657 1465 post
672 1409 760 1449 suam
770 1394 910 1449 commis

83 1481 200 1537 tionem
212 1481 433 1554 temperabant.

209 1570 284 1626 Car.
300 1570 350 1626 IV.
364 1574 439 1632 Quae
449 1573 519 1626 aiut
531 1573 613 1626 bona
628 1573 784 1641 eoniuqii.

963 1219 1116 1274 oblivione
1129 1218 1290 1274 deleretur.
1299 1219 1362 1274 Nee
1376 1217 1453 1274 illud
1465 1218 1525 1273 fuit
1536 1217 1725 1273 institutioni
1733 1218 1790 1273 De

963 1308 1083 1364 minicae
1096 1308 1294 1363 eontrarium.
1309 1306 1457 1372 Quamvis
1472 1307 1553 1362 enirn
1577 1306 1729 1362 Dominus
1743 1307 1789 1361 in·

965 1401 1010 1452 ter
1024 1397 1101 1453 duos
1122 1397 1300 1468 conjugium
1321 1395 1522 1464 inchoaverit,
1545 1410 1607 1451 non
1635 1398 1739 1450 tamen
1765 1394 1791 1450 si

965 1490 1087 1558 urgeret
1111 1485 1277 1542 necessitas
1303 1485 1383 1540 inter
1406 1484 1509 1556 plures
1533 1483 1598 1539 fieri
1621 1483 1789 1555 prohibuit.

964 1574 1086 1646 Moyses
1109 1578 1213 1630 autem
1237 1590 1255 1628 a
1282 1577 1416 1645 ternpore
1440 1572 1516 1643 legis
1540 1571 1699 1627 interdixit
1726 1570 1791 1627 lieri

119 1659 209 1713 Nunc
224 1675 293 1730 quar
308 1662 381 1714 sunt
399 1659 482 1714 bona
496 1660 630 1732 conjugii
651 1660 785 1716 breviter
809 1659 910 1731 inqui·
925 1673 951 1730 Β
965 1664 1107 1736 conjugia
1123 1680 1192 1719 curn
1214 1666 1311 1718 matre
1331 1662 1466 1734 propria,
1482 1677 1551 1716 cum
1567 1676 1706 1731 noverea,
1722 1676 1792 1716 oum

82 1764 199 1803 ramus.
215 1748 294 1804 Sunt
308 1749 469 1819 igiturtria
484 1749 566 1804 bona
581 1749 716 1820 conjugii
729 1766 734 1803 :
752 1749 836 1817 fides,
848 1763 912 1820 pro-

81 1836 137 1906 les,
155 1842 400 1908 sacramentum,
418 1837 454 1893 de
470 1838 584 1909 quibus
599 1839 642 1893 sio
664 1837 738 1893 dicit
766 1837 911 1908 Augusti·

83 1942 145 1981 nus
165 1943 172 1980 :
189 1926 310 1983 Bonum
324 1927 503 1998 nuptiarum
531 1926 720 1998 tripartitum
735 1930 801 1981 est:
826 1925 911 1995 fides,

84 2016 196 2087 proles,
213 2020 448 2073 sacramentum.
470 2016 506 2070 In
521 2015 579 2070 fide
594 2016 764 2071 attenditur
782 2031 819 2070 ne
843 2020 915 2087 post

84 2104 245 2160 vinculum
268 2104 427 2177 conjugale
450 2120 518 2159 eum
538 2103 633 2159 altero
659 2104 708 2159 vel
724 2103 820 2159 altera
844 2119 912 2159 con·

85 2193 273 2262 cumbatur3
288 2193 322 2248 in
336 2192 430 2265 prole,
447 2196 482 2247 ut
497 2194 638 2247 amanter
656 2191 852 2263 suscipiatur,
869 2206 914 2245 re·

84 2281 194 2352 ligiose
214 2280 390 2350 doceatur,
407 2282 440 2335 in
463 2284 653 2336 sacramento
677 2283 712 2335 ut
737 2281 914 2351 conjugium

86 2386 150 2425 non
166 2373 334 2442 separetur,
349 2374 378 2425 et
391 2369 537 2425 dimissus
548 2373 602 2424 aut
615 2369 743 2424 dimissa
755 2384 810 2424 nec
822 2382 916 2423 causa

86 2458 183 2531 prolis
191 2459 279 2514 alteri
290 2459 503 2529 conjungatur.
519 2458 557 2513 Et
563 2458 685 2513 attende
698 2457 779 2529 quod
790 2457 914 2513 tertium

87 2548 205 2603 bonum
217 2547 286 2604 ideo
297 2550 424 2603 vocatur
439 2551 675 2614 sacramentum,
693 2547 767 2618 quia
792 2546 916 2616 signum

87 2640 135 2692 θεῖ
149 2652 244 2692 sacrae
259 2636 312 2705 rei,
324 2635 381 2692 hoc
396 2639 442 2690 est
456 2634 670 2706 inseparabilis
692 2635 916 2707 conjunctionis

88 2742 158 2798 quae
173 2729 221 2781 est
234 2727 315 2780 inter
333 2724 490 2781 Christum
506 2727 536 2778 et
557 2722 733 2778 Ecclesiam.
766 2723 917 2778 Praeterea

89 2819 163 2870 sunt
180 2814 241 2870 alia
254 2814 389 2885 conjugii
399 2814 482 2868 bona
494 2811 694 2867 velutvitatio
705 2811 917 2867 fornicationis

89 2908 119 2960 et
133 2903 271 2959 amicitia
284 2902 344 2958 viri
359 2905 388 2956 et
403 2900 585 2956 mulieriserr
598 2901 741 2956 societate
749 2900 916 2972 procedens

968 1768 1079 1821 sorore,
1097 1768 1167 1807 curn
1187 1757 1287 1823 nepte,
1304 1766 1372 1806 curn
1395 1751 1499 1819 amita,
1523 1766 1592 1806 curn
1617 1751 1791 1819 matertera,

967 1858 1036 1897 cum
1051 1858 1142 1909 nuru,
1165 1856 1234 1896 eum
1260 1841 1390 1912 propriae
1416 1840 1522 1895 uxoris
1545 1838 1618 1893 lilia.
1649 1837 1793 1894 Permisit

968 1935 1070 1985 autem
1086 1930 1310 2002 separationem
1323 1929 1388 1984 fieri
1403 1943 1440 1983 ex
1452 1928 1634 1998 conjugibus
1658 1926 1793 1996 legitime

968 2020 1118 2092 copulatis
1144 2019 1215 2074 dato
1234 2017 1336 2073 libello
1351 2016 1480 2089 repudii.
1502 2017 1540 2070 Et
1558 2015 1691 2070 arbitror
1710 2015 1793 2087 quod

969 2109 1141 2166 sufficiebat
1154 2107 1206 2162 illo
1223 2112 1359 2179 tempore
1374 2106 1412 2161 ad
1437 2105 1678 2161 contrahendum
1694 2105 1795 2176 conju·

969 2201 1053 2269 gium
1069 2198 1187 2253 alterna
1201 2197 1260 2252 viri
1276 2200 1305 2250 et
1317 2195 1455 2251 mulieris
1467 2194 1500 2249 in
1513 2193 1692 2249 necessariis
1701 2193 1794 2249 rebus

969 2286 1172 2359 providentia,
1193 2289 1223 2339 et
1239 2299 1405 2340 consensus
1419 2283 1456 2338 de
1471 2281 1614 2338 solvendo
1630 2282 1731 2337 carnis
1745 2282 1794 2338 de·

969 2377 1057 2446 bito,
1077 2377 1122 2431 ita
1152 2379 1255 2430 tamen
1277 2373 1360 2445 quod
1384 2373 1495 2428 mulier
1507 2371 1707 2445 promittebat
1721 2386 1752 2426 se
1766 2371 1797 2426 ss·

970 2466 1038 2521 dem
1065 2466 1124 2520 tori
1155 2465 1221 2520 viro
1246 2465 1447 2530 servaturam,
1475 2462 1523 2517 vir
1548 2464 1650 2516 autem
1675 2461 1797 2532 poterat

971 2555 1063 2610 aliam
1078 2554 1196 2622 ducere,
1213 2556 1243 2608 et
1258 2552 1329 2607 dato
1343 2549 1447 2606 libello
1463 2549 1582 2621 repudii
1607 2564 1734 2604 uxorem
1756 2547 1798 2602 di·

971 2644 1101 2699 mittere.
1127 2641 1365 2713 superveniente
1390 2641 1491 2694 autem
1519 2642 1655 2710 tempore
1678 2637 1795 2708 gratiae,

971 2750 1040 2789 eum
1051 2734 1115 2804 jam
1130 2730 1262 2803 populus
1273 2728 1371 2784 fidelis
1394 2728 1432 2782 ad
1447 2728 1601 2799 copiosam
1621 2725 1797 2782 multitudi-

972 2838 1041 2877 nem
1056 2821 1248 2888 excrevisset,
1272 2818 1393 2873 redacta
1414 2819 1460 2872 est
1479 2817 1528 2870 lex
1552 2815 1743 2870 matrimonii
1759 2812 1798 2868 ad

971 2911 1103 2984 priorem
1125 2914 1155 2963 et
1174 2907 1380 2963 honestiorem
1403 2904 1630 2960 institutionem
1657 2905 1693 2957 ut
1714 2900 1798 2957 solus

89 2991 246 3065 conjugali
262 3007 271 3060 3
288 2996 318 3046 11
333 2989 573 3061 111111111οΡ11
592 2989 674 3044 111111
692 2989 832 3044 1101111111
858 2988 918 3044 Sibi
937 2999 1030 3064 csoli
1043 2999 1233 3070 jungeretur,
1249 3011 1311 3066 qua
1325 2992 1516 3066 copulatione
1531 2991 1624 3047 unius
1645 2989 1761 3045 Christi
1771 2991 1802 3045 et

89 3083 177 3155 prius
199 3080 352 3137 hostiliter
372 3079 578 3135 adversantes.
605 3077 768 3133 Sciendum
794 3081 840 3132 est
871 3093 922 3132 au·

91 3175 153 3227 tem
169 3171 251 3226 inter
265 3168 415 3242 quasdam
435 3182 581 3239 personas
599 3166 765 3238 aliquando
781 3164 921 3221 contrahi

88 3260 268 3332 conjugium
282 3258 390 3329 inquo
405 3255 525 3311 nullum
541 3256 645 3309 tamen
657 3254 695 3309 de
710 3253 922 3326 praedictisbo

90 3350 140 3404 nis
152 3351 257 3422 potest
271 3344 415 3401 inveniri.
432 3343 591 3414 Contingit
605 3343 730 3398 enimut
740 3341 837 3413 aliqui
852 3357 921 3397 eon·

87 3438 262 3510 jungantur
269 3431 540 3505 noneausaprolis,
557 3447 611 3487 nec
626 3446 681 3503 pro
692 3430 818 3486 vitando
834 3429 915 3486 malo

92 3524 305 3583 fornicationis
321 3539 329 3591 ;
345 3537 383 3578 ex
396 3536 528 3594 quorum
543 3520 758 3591 conjunctione
774 3535 829 3574 nec
840 3519 921 3574 inter

91 3615 176 3688 ipsos
190 3629 247 3670 nec
260 3613 341 3668 inter
351 3610 429 3666 alios
444 3608 760 3665 amorauteoncordia
770 3607 921 3680 provenit.

93 3706 167 3761 Car.
183 3703 376 3758 VDevariis
385 3700 677 3755 consuetudinibus
691 3700 922 3767 conjugatorum

129 3792 209 3858 Quia
223 3791 363 3848 homines
378 3789 569 3845 diversorum
593 3792 766 3860 temporum
787 3786 924 3841 diversas

94 3875 177 3953 leges
189 3884 221 3937 et
234 3878 471 3936 consuetudines
485 3877 518 3932 in
536 3876 687 3947 conjugiis
715 3875 861 3930 habuisse
877 3890 924 3930 co·

96 3970 285 4044 gnoscimus,
300 3967 411 4023 idcirco
425 3965 562 4022 diversos
576 3969 676 4020 status
689 3963 823 4036 conjugii
836 3963 926 4034 juxta

95 4059 294 4116 diversitates
305 4060 478 4128 temporum
490 4052 926 4110 b1·evitertransonrramus.A

96 4148 251 4222 principio
271 4144 417 4217 temporis
439 4143 520 4199 inter
536 4142 624 4211 duos,
644 4141 742 4197 idest
762 4141 861 4197 solnm
882 4140 927 4196 vi·

97 4253 167 4293 rum
175 4239 207 4292 et
213 4233 311 4290 solam
323 4231 666 4289 muliereminchoatum
678 4235 724 4286 est
739 4230 927 4302 conjugium,

974 3088 1067 3143 unius
1080 3085 1222 3141 Ecclesiae
1236 3082 1409 3155 conjunctio
1433 3079 1595 3136 honestius
1611 3070 1799 3150 designatur.

975 3175 1168 3232 Prohibitum
1184 3176 1230 3229 est
1244 3172 1336 3250 etiam
1350 3186 1388 3226 ne
1402 3170 1486 3225 intra
1500 3168 1666 3241 septimum
1690 3181 1801 3238 cogna-

976 3265 1068 3321 tionis
1083 3262 1212 3335 gradum
1228 3261 1324 3332 aliqui
1348 3259 1409 3314 sibi
1434 3257 1630 3313 matrimonio
1639 3256 1803 3328 jungeren-

976 3358 1036 3410 tur.
1045 3352 1132 3418 Quod
1140 3353 1254 3407 iaetrrm
1266 3351 1355 3405 estut
1364 3351 1525 3403 extraneos
1538 3361 1615 3418 quos
1624 3344 1804 3417 nullusJ'un-

977 3444 1068 3515 gebat
1087 3438 1280 3512 cognationis
1303 3437 1440 3504 allectus,
1456 3435 1591 3490 charitas
1607 3449 1644 3489 ex
1659 3433 1804 3489 societate

977 3530 1131 3604 conjugali
1140 3529 1323 3602 proveniens
1331 3525 1497 3596 colligaret.
1515 3523 1673 3595 Separatio
1681 3535 1805 3594 quoque

978 3636 1031 3693 per
1048 3618 1185 3675 libellum
1196 3615 1316 3688 repudii
1329 3616 1375 3669 est
1389 3613 1513 3684 penitus
1527 3609 1699 3665 interdicta.

977 3708 1110 3765 Car.Vl.
1124 3706 1257 3767 Ouidad
1271 3701 1532 3757 contrahendum
1547 3698 1801 3752 erratrimonium

1157 3781 1297 3843 tempore
1319 3773 1438 3842 pratiae
1462 3769 1621 3841 sufficiat.

1014 3868 1084 3923 Jam
1113 3880 1194 3920 nunc
1217 3863 1376 3919 videamus
1400 3858 1475 3931 quid
1499 3857 1538 3912 ad
1561 3855 1804 3913 contrahendum

980 3954 1156 4027 eonjugium
1189 3956 1324 4024 tempore
1344 3949 1450 4020 gratiae
1477 3947 1620 4003 sufficiat.
1646 3945 1806 4002 Credimus

980 4046 1075 4116 igitur
1090 4042 1229 4098 sufficere
1251 4040 1383 4095 duarum
1405 4036 1585 4093 idonearum
1603 4048 1806 4107 personarum

980 4133 1153 4204 legitimum
1168 4129 1205 4185 de
1215 4126 1430 4199 conjunctione
1442 4123 1647 4194 eonsensum,j
1653 4126 1726 4177 uxta
1740 4137 1808 4177 auc·

983 4222 1139 4277 toritatem
1161 4216 1279 4273 Nicolai
1300 4230 1398 4288 papae,
1414 4213 1467 4284 qui
1494 4211 1590 4267 dicit:
1617 4210 1754 4266 Sufficiat
1766 4224 1810 4265 se·

97 4342 152 4399 per
165 4341 203 4383 os
212 4322 286 4381 Adae
299 4320 569 4378 dicenteDomiuo:
583 4321 692 4374 Erunt
705 4321 770 4374 duo
780 4320 815 4373 in
829 4332 928 4373 carne
944 4351 973 4408 D
986 4309 1120 4366 cundum
1132 4308 1213 4377 leges
1229 4304 1312 4361 solus
1325 4317 1431 4359 eorum
1446 4314 1614 4356 consensus
1626 4298 1663 4354 de
1677 4312 1810 4371 quorum

100 4430 171 4469 aaa
184 4414 276 4486 (Gen.
292 4410 338 4481 11).
356 4409 396 4464 Et
411 4412 458 4464 θεῖ
468 4407 635 4464 verisimile
646 4407 815 4480 quodinter
828 4422 930 4479 perso·

101 4518 158 4558 nas
180 4502 260 4557 duas
278 4503 309 4555 st
333 4513 395 4554 nou
414 4497 517 4569 plures
541 4500 732 4553 contractum
746 4496 857 4551 fuisset
877 4510 931 4568 per

102 4605 224 4647 omnem
239 4586 463 4644 successionem
479 4584 625 4657 temporis
633 4584 776 4656 3siprimi
790 4582 931 4639 homiues

100 4681 135 4736 in
149 4676 324 4734 obedientia
336 4673 588 4747 permansissent,
603 4676 677 4728 tunc
688 4672 770 4728 enim
787 4671 928 4728 homines

101 4768 219 4839 absque
232 4763 336 4820 caruis
351 4763 505 4819 incentivo
520 4765 664 4819 coeuntes
684 4760 764 4817 filios
778 4761 842 4816 Deo
860 4759 931 4815 suh·

102 4856 185 4912 ditos
199 4854 408 4927 generassent,
419 4855 449 4908 et
463 4866 624 4924 nunquam
648 4865 726 4922 opus
754 4849 865 4905 fuisset
879 4847 933 4903 ali·

102 4959 197 5018 quem
218 4944 321 4998 virum
345 4939 438 4996 simul
460 4939 582 4995 duabus
607 4937 758 4994 uxoribus
787 4934 933 5008 copulari,

101 5038 229 5108 propter
241 5031 358 5088 cultum
364 5029 421 5085 Dei
430 5028 706 5098 dilatandum,oum
718 5041 824 5083 omnes
838 5039 936 5080 unum

103 5123 206 5180 Deum
221 5120 436 5191 cognoscerent
449 5121 479 5174 et
495 5121 645 5173 amarent.
662 5117 736 5172 Post
753 5113 938 5186 conjunctio

104 5226 178 5267 nem
205 5209 298 5281 primi
326 5207 386 5263 viri
413 5209 443 5262 et
471 5207 577 5279 primae
592 5204 731 5261 mulieris
754 5203 809 5258 filii
823 5206 853 5257 et
866 5200 937 5256 liliae

106 5313 215 5356 eorum
230 5295 428 5352 matrimonio
442 5299 515 5350 sunt
528 5294 683 5365 conjuncti
696 5309 704 5362 ;
719 5291 868 5347 sedunus
883 5289 939 5345 uni

108 5390 243 5444 tantum.
260 5384 326 5440 Ηοθ
340 5386 444 5439 autem
460 5381 541 5454 quod
567 5397 602 5438 eo
624 5386 759 5453 tempore
784 5380 880 5434 frater
893 5394 940 5434 so·

108 5475 173 5533 rori
188 5489 252 5530 sure
266 5473 449 5544 conjunctus
464 5474 521 5540 est,
538 5474 658 5527 constat
674 5471 712 5526 ob
723 5470 803 5524 hane
815 5481 940 5522 causam

109 5564 250 5621 evenisse
264 5559 347 5634 quod
362 5575 425 5616 non
439 5559 679 5615 inveniebantur
705 5558 772 5614 aliae
798 5555 941 5611 mulieres

108 5660 140 5711 et
155 5652 211 5709 olii
223 5650 284 5709 viri
297 5649 413 5723 qrribus
426 5647 483 5704 lilii
502 5652 531 5704 et
551 5649 623 5705 filiae
649 5646 748 5703 Adam
777 5646 941 5718 conjunge·

108 5746 233 5803 rentur.
252 5739 376 5799 Primus
393 5740 498 5795 autem
521 5737 660 5798 omnium
681 5735 811 5795 Lameth
829 5733 943 5808 legitur

986 4395 1233 4470 conjuctionibus
1251 4393 1362 4464 agitur.
1381 4389 1439 4455 Qui
1453 4403 1620 4445 consensus
1642 4401 1711 4442 cum
1726 4385 1810 4442 solus

984 4489 1018 4544 in
1032 4485 1149 4559 nuptiis
1165 4484 1243 4539 forte
1253 4480 1395 4549 deluerit,
1402 4476 1621 4559 cateraomnia
1636 4475 1728 4531 etiam
1740 4490 1811 4531 cum

984 4578 1051 4650 ipso
1080 4574 1162 4631 coitu
1188 4571 1340 4626 celebrata
1376 4568 1576 4624 frustrantur.
1605 4563 1693 4620 Unde
1719 4562 1812 4619 etiam

985 4666 1119 4720 loannes
1135 4660 1375 4731 chrysostomus
1390 4655 1464 4711 dicit
1480 4670 1486 4709 :
1503 4651 1735 4709 Matrimonium
1751 4665 1813 4705 non

987 4753 1060 4808 facit
1075 4751 1183 4817 coitus,
1198 4747 1251 4802 sed
1262 4745 1416 4802 voluntas.
1433 4742 1548 4798 Beatus
1559 4738 1813 4812 quoquehmbro
1832 4785 1841 4795 .

989 4842 1054 4896 sius
1068 4839 1105 4894 de
1119 4836 1224 4893 eadem
1239 4849 1272 4890 re
1286 4833 1330 4888 sic
1345 4832 1406 4886 ait:
1421 4829 1491 4886 Non
1503 4827 1660 4885 defloratio
1687 4827 1812 4898 virgini·

990 4929 1063 4986 tatis
1074 4925 1148 4983 iacit
1159 4923 1347 4996 conjugium,
1361 4919 1414 4976 sed
1431 4919 1533 4991 pactio
1549 4916 1728 4989 conjugalis.
1743 4915 1813 4972 Jam

990 5031 1073 5073 nunc
1086 5016 1181 5071 restat
1194 5016 1229 5067 ut
1247 5009 1341 5067 verba
1356 5009 1387 5064 in
1398 5007 1543 5081 praedicta
1551 5005 1736 5062 diffinitione
1750 5019 1819 5061 oon·

989 5102 1182 5179 jugiiposita
1208 5099 1340 5154 breviter
1368 5094 1564 5167 explicemus.
1595 5094 1666 5150 ldeo
1681 5093 1818 5149 diximus

992 5194 1124 5249 duarum
1140 5202 1340 5262 personarum
1354 5185 1516 5258 ,quiahoc
1530 5188 1666 5255 tempore
1678 5197 1746 5238 cum
1756 5195 1821 5236 una

993 5282 1120 5338 muliere
1145 5294 1208 5334 non
1234 5274 1328 5332 simul
1351 5272 1577 5346 cumpluribus
1599 5272 1697 5326 luitur
1716 5268 1819 5339 conju·

994 5372 1089 5443 giunr,
1104 5368 1221 5423 dicente
1236 5364 1382 5438 Apostolo
1396 5366 1550 5431 :Propter
1564 5358 1820 5431 fornicationem

996 5459 1366 5527 unusquisqueuaeorem
1380 5467 1476 5507 suern
1489 5451 1605 5506 habeut
1620 5452 1652 5502 et
1665 5459 1822 5514 unaquoe·

997 5563 1057 5618 que
1082 5549 1190 5600 uirum
1216 5560 1314 5599 suum
1328 5543 1358 5614 (I
1371 5543 1438 5596 Cor.
1455 5538 1523 5608 vn).
1537 5535 1673 5593 Dicendo
1695 5548 1823 5590 uxorem

997 5639 1129 5693 suamet
1147 5649 1210 5690 non
1221 5648 1293 5689 suas
1309 5628 1457 5687 indicavit
1471 5624 1554 5698 quod
1577 5623 1821 5681 Christianoho·

997 5727 1076 5788 mini
1089 5741 1153 5788 non
1163 5724 1254 5782 liceat
1268 5721 1380 5780 habere
1395 5714 1489 5775 simul
1502 5714 1616 5788 plures.
1632 5714 1702 5773 Ideo
1717 5718 1821 5771 autem
