3742 6082
124 197 178 255 763
426 191 605 251 HUGONIS
622 192 676 250 Du
694 191 724 248 S.
745 185 915 247 VICTORE
933 182 1018 241 OPP.
1039 183 1139 242 PARS
1157 183 1196 241 11.
1215 214 1252 226 -
1263 181 1506 240 DOGMATICA.
1776 179 1826 235 761

123 318 237 376 lebrior
250 317 335 375 locus
354 318 456 373 tuerat
477 317 602 372 caeteris.
620 315 751 370 Fiebant
765 314 867 367 autem
881 309 947 365 ludi
959 309 986 364 Α
1104 307 1178 364 Gar.
1193 307 1304 364 XXXI.
1320 310 1362 362 De
1377 309 1507 362 ratione
1520 305 1717 359 disserendi.

124 407 177 464 alii
197 408 230 462 11
254 406 393 474 theatris,
418 405 516 459 611111
541 403 638 471 atriis,
656 401 708 456 6111
720 402 752 457 11
767 399 946 472 gymnasiis,
1037 398 1128 455 Ratio
1154 398 1322 455 disserendi
1345 396 1509 467 integrales
1533 398 1635 467 partes
1659 393 1766 462 hahet,
1782 393 1827 448 11-

123 495 176 550 alii
190 495 223 549 in
235 493 438 566 amphicircis,
462 492 514 546 alii
537 493 571 546 in
597 491 709 559 arenis,
726 488 778 544 alii
801 487 948 543 1166111-
1001 487 1175 542 ventionem
1189 491 1219 541 et
1226 486 1387 558 judicium,
1401 484 1548 539 divisivas
1557 497 1628 537 vero
1641 482 1829 537 demonstre-

123 583 193 653 viis,
209 583 262 638 alii
276 584 308 638 in
329 582 420 636 fanis.
437 580 473 635 11
488 580 608 635 theatro
623 582 710 650 geete
728 577 947 644 recitabantur,
1002 577 1127 642 tionem,
1149 574 1348 646 probabilem,
1370 571 1578 643 sophisticam.
1599 570 1829 625 Demonstratio

122 672 171 728 vel
186 669 384 736 carminibuS,
398 667 447 723 vel
461 667 566 737 larvis,
581 667 630 722 vel
642 667 791 738 personis,
803 664 852 720 vel
865 662 950 719 oscil·
1002 664 1093 719 estin
1109 663 1287 718 necessariis
1301 661 1502 732 argumentis,
1519 663 1548 714 et
1562 659 1696 730 pertinet
1710 657 1750 712 ad
1763 657 1829 729 phi·

121 758 209 815 lisln
218 757 304 813 atriis
312 756 437 812 choreas
451 756 603 811 ducebant
613 753 854 811 etsaltabant.ln
862 767 947 823 gym·
1000 751 1155 824 losophcs.
1169 751 1341 807 Probabilis
1362 751 1494 822 pertinet
1508 748 1547 802 ad
1561 747 1716 803 dilecticos
1737 750 1770 802 et
1792 745 1829 800 ad

122 847 218 902 nasiis
227 845 434 901 luctabantur.
442 845 478 900 11
487 843 681 916 amphicircis
691 858 783 898 cursu
790 841 948 897 certabant
979 914 982 919 Ι
1001 841 1146 898 rhetores.
1167 840 1339 913 Sophistioa
1353 839 1392 894 ad
1407 838 1562 910 sophistas
1576 840 1605 893 et
1620 835 1826 892 cavillatores.

123 932 172 989 vel
185 934 307 1006 pedum,
322 932 371 989 vel
387 948 547 1004 equorum,
562 933 611 988 vel
626 947 781 987 curruum.
796 930 831 985 ln
846 929 948 984 arenis
1001 929 1174 986 Probabilis
1187 929 1335 984 dividitur
1343 928 1375 982 in
1389 926 1578 982 dialecticam
1588 927 1618 980 61
1629 925 1826 993 rhetoricam,

123 1022 243 1094 pugiles
266 1020 494 1077 exercebantur.
511 1020 546 1075 ln
571 1020 731 1088 conviviis,
744 1018 899 1090 rhythmis
918 1018 948 1073 et
1001 1034 1134 1091 quarum
1157 1021 1288 1090 utraque
1310 1015 1475 1086 integrales
1495 1015 1588 1071 habet
1608 1017 1712 1086 partes
1727 1014 1830 1068 inven-

124 1110 250 1165 musicis
264 1108 487 1176 instrumentis,
504 1111 534 1163 et
548 1107 615 1163 odis
629 1106 812 1180 psallebant,
829 1109 857 1161 et
881 1105 947 1161 6166
1001 1107 1116 1162 tionem
1129 1111 1159 1162 et
1174 1105 1334 1177 judicium.
1349 1104 1428 1169 Quia
1446 1104 1527 1159 enim
1551 1103 1652 1174 ipsum
1673 1116 1783 1172 genus,
1798 1099 1829 1154 id

122 1196 411 1253 ludebantlnfanis
421 1199 556 1268 tempore
566 1196 695 1252 solemni
704 1195 830 1251 deorum
841 1194 947 1249 laudes
1001 1199 1048 1250 est
1069 1197 1165 1251 artem
1189 1195 1393 1263 dissertivam,
1407 1192 1598 1264 integraliter
1622 1191 1828 1258 constituunt,

122 1285 282 1341 canebant.
299 1284 402 1340 Ludos
416 1299 488 1339 vero
505 1275 623 1340 ideirco¹
638 1285 718 1339 inter
730 1283 884 1354 legitimas
899 1297 946 1338 ac·
1001 1299 1121 1340 neeesse
1136 1287 1225 1339 estut
1235 1284 1266 1338 in
1279 1282 1497 1354 compositione
1507 1280 1645 1336 omnium
1657 1279 1829 1350 specierum

121 1374 221 1429 tiones
237 1372 510 1442 connumerabant,
522 1372 604 1443 quod
619 1375 785 1444 temperato
793 1374 878 1426 motu
893 1385 946 1425 na·
1001 1373 1067 1443 ejus
1082 1372 1175 1427 simul
1191 1372 1376 1426 inveniatur.
1388 1370 1528 1425 Iuventio
1543 1371 1590 1423 est
1604 1382 1672 1439 quae
1687 1367 1776 1423 docet
1787 1368 1831 1421 in·

121 1463 230 1520 1116116
243 1463 326 1519 calor
338 1463 475 1518 nutritur
500 1461 532 1516 in
548 1476 685 1533 corpore;
701 1464 731 1516 et
756 1460 864 1516 laetitia
880 1461 946 1531 ejus
1000 1461 1103 1515 venire
1111 1463 1291 1531 argumenta
1300 1463 1329 1514 et
1338 1459 1522 1515 constituere
1532 1456 1825 1527 argumentationes.

120 1555 290 1624 reparatur.
305 1550 360 1606 Vel
374 1550 456 1621 quod
475 1551 573 1620 magis
588 1550 719 1618 videtur,
736 1550 810 1620 quia
824 1563 945 1604 1666666
999 1548 1132 1605 Scientia
1141 1548 1386 1620 judicandi,quae
1397 1547 1433 1602 de
1443 1550 1574 1618 utroque
1581 1545 1719 1618 judicare
1731 1544 1827 1600 docet.

118 1637 943 1712 1111161111116111611661111111116611611666-
961 1637 1103 1707 3016611
1127 1643 1238 1710 161661,
1258 1641 1363 1692 utrum
1388 1635 1526 1690 inventio
1550 1637 1581 1689 et
1601 1633 1753 1705 judicium
1772 1633 1829 1688 sub

118 1727 244 1783 luerunt
258 1726 460 1782 determinata
475 1741 539 1781 esse
560 1725 627 1781 loca
650 1725 785 1792 ludendi,
801 1739 839 1779 ne
853 1725 885 1779 in
901 1724 944 1780 di·
999 1723 1647 1798 philosophiaoontineantur.Videturenim
1660 1723 1829 1794 nequesub

117 1816 262 1872 versoriis
276 1813 488 1871 conventicula
509 1813 665 1881 iacientes,
680 1813 828 1885 probrosa
841 1811 945 1884 aliqua
999 1815 1143 1883 theorica,
1159 1829 1258 1886 neque
1284 1813 1341 1869 sub
1355 1812 1499 1884 11661166,
1516 1825 1615 1882 neque
1632 1810 1691 1865 sub
1706 1810 1828 1866 mecha·

120 1908 174 1959 aut
187 1903 359 1959 facinorosa
371 1904 594 1974 perpetrarent.
999 1904 1078 1972 nica,
1092 1918 1191 1974 neque
1214 1902 1271 1958 sub
1290 1902 1388 1972 logica
1403 1901 1451 1972 (de
1466 1915 1528 1971 qua
1542 1899 1641 1970 magis
1656 1899 1827 1970 videretur)

154 1990 227 2049 (166.
240 1989 352 2046 XXIX.
369 1991 410 2048 De
424 1991 529 2059 logica
544 1994 679 2059 quaeest
694 1994 817 2059 quarta
827 2004 910 2059 1616
999 1991 1158 2048 contineri.
1172 1990 1236 2046 Sub
1250 1990 1349 2061 logice
1362 2004 1424 2044 non
1439 1989 1623 2057 continetur,
1639 1988 1715 2059 11116
1727 2002 1827 2059 neque

241 2079 472 2150 philosopham
486 2082 518 2134 et
532 2081 572 2134 de
586 2080 819 2149 grammatica.
998 2095 1052 2152 per
1074 2080 1316 2151 grammaticam,
1338 2093 1437 2150 neque
1459 2093 1513 2149 per
1540 2076 1747 2132 dissertivam.
1772 2076 1828 2132 Per

153 2168 266 2240 Logica
276 2166 424 2223 dividitur
435 2166 468 2222 in
476 2166 944 2236 grammaticam,etinrationem
998 2168 1192 2226 dissertivam
1220 2183 1282 2224 non
1306 2167 1512 2234 continentur,
1540 2180 1608 2220 cum
1635 2164 1828 2236 integraliter

117 2256 296 2312 disserendi.
315 2254 429 2334 1111116
456 2253 569 2322 Graece,
592 2256 704 2309 littera
726 2254 945 2325 interpretatur
998 2274 1065 2313 eam
1078 2257 1278 2324 constituant;
1290 2254 1376 2310 nulla
1384 2257 1487 2309 autem
1496 2268 1544 2308 res
1554 2268 1619 2308 esse
1627 2254 1725 2324 possit
1735 2252 1828 2309 simul

117 2344 237 2413 Latine,
248 2344 319 2401 inde
331 2345 413 2400 dicta
422 2346 469 2399 est
483 2343 694 2413 grammatica,
706 2342 738 2397 id
748 2346 794 2398 661
803 2341 945 2397 litteralis
998 2345 1157 2416 integralis
1172 2344 1422 2415 etdivisivapars
1433 2341 1568 2414 ejusdem
1579 2343 1709 2412 generis.
1717 2341 1827 2413 Sieque

27 2474 33 2483 .
119 2433 256 2488 scientia.
269 2432 387 2488 Littera
398 2431 519 2503 proprie
534 2432 580 2486 est
592 2430 691 2501 ligura
702 2447 771 2503 quae
787 2431 943 2499 scribitur,
998 2434 1193 2508 philosophia
1207 2449 1268 2489 non
1284 2447 1405 2488 omnem
1431 2431 1589 2486 scientiam
1611 2430 1769 2486 continere
1782 2431 1825 2484 vi-

116 2521 298 2578 elementum
314 2537 408 2577 sonus
423 2520 477 2593 qui
489 2521 718 2592 pronuntiatur.
731 2521 882 2576 Caeterum
895 2520 944 2577 hio
998 2523 1096 2579 detur.
1112 2522 1169 2578 Sed
1184 2521 1340 2578 sciendum
1356 2519 1437 2592 quod
1452 2521 1579 2575 scientia
1589 2519 1711 2574 duobus
1726 2519 1827 2574 modis

115 2609 200 2680 large
214 2610 389 2682 6661116116
401 2613 447 2665 661
459 2609 571 2678 littera,
581 2612 615 2664 ut
625 2613 767 2665 etvocem
778 2613 809 2665 et
819 2609 945 2681 scriptu·
999 2612 1094 2684 accipi
1108 2611 1228 2680 solet,id
1242 2608 1721 2682 66111661111611661111161111,
1735 2608 1824 2676 sient,

117 2713 183 2754 ram
206 2698 415 2770 intelligamus
431 2701 595 2770 utrumque
610 2698 691 2753 enim
712 2698 751 2752 ad
765 2699 943 2768 grammati·
998 2716 1067 2757 oum
1082 2700 1149 2755 dico
1164 2698 1352 2754 dialecticam
1364 2713 1429 2753 esse
1442 2697 1612 2766 scientiam,
1623 2696 1712 2752 11661
1727 2699 1826 2751 artem

117 2801 183 2842 cam
206 2788 347 2859 pertinet.
361 2786 491 2852 Quidam
513 2786 620 2842 dicunt
635 2787 866 2857 grammaticam
881 2801 944 2842 non
998 2788 1046 2844 vel
1059 2787 1267 2860 disciplinam,
1284 2791 1313 2842 et
1326 2802 1381 2858 pro
1394 2785 1531 2858 qualibet
1545 2785 1730 2855 cognitione,
1746 2786 1827 2841 siout

117 2889 183 2931 esse
197 2880 315 2948 partem
329 2876 541 2950 philosophiae,
556 2875 609 2931 sed
623 2876 712 2947 quasi
727 2875 881 2947 quoddam
896 2889 944 2946 ap
997 2893 1067 2934 cum
1081 2877 1148 2932 dico
1168 2876 1326 2932 scientiam
1340 2875 1452 2930 hahere
1467 2890 1537 2931 eum
1553 2874 1606 2945 qui
1622 2874 1679 2930 scit
1693 2873 1824 2947 aliquid.

117 2963 291 3037 pendicium
301 2969 331 3021 et
345 2965 586 3020 instrumentum
597 2963 636 3018 ed
647 2963 883 3036 philosophiam.
898 2962 944 3018 De
962 2966 1088 3047 GVerbi
1102 2965 1202 3037 gratia
1219 2963 1273 3019 :Si
1297 2964 1359 3019 scio
1378 2963 1578 3031 dialecticam,
1595 2962 1756 3018 scientiam
1771 2963 1826 3018 ha·

118 3054 236 3110 ratione
259 3056 362 3109 autem
385 3053 552 3109 disserendi
575 3053 700 3108 Boetius
714 3052 789 3109 dicit
804 3070 810 3107 :
828 3074 838 3101 ι
856 3051 944 3117 Quod
997 3055 1146 3124 beo,etsi
1162 3054 1355 3120 6616161616,
1372 3051 1658 3120 6616111611116116ο;
1675 3051 1824 3107 61616616

117 3154 189 3213 1616
199 3157 264 3197 6666
274 3142 652 3213 possitetiustrumentum
660 3141 697 3196 ad
705 3141 941 3214 philosophiam,
997 3143 1151 3199 Socratem
1162 3140 1414 3212 esseSophronici
1423 3138 1532 3209 filium,
1543 3139 1701 3195 scientiam
1712 3139 1823 3195 habeo.

119 3227 199 3282 sicut
220 3243 284 3299 pes,
297 3244 419 3297 manus,
434 3229 551 3298 lingua,
566 3228 656 3297 oculi,
672 3233 727 3284 eto.
744 3233 846 3302 partes
869 3232 943 3284 sunt
998 3232 1038 3288 Et
1048 3230 1261 3288 universaliter
1270 3229 1370 3284 omnis
1385 3229 1438 3300 qui
1452 3227 1568 3300 aliquid
1579 3228 1645 3297 scit,
1651 3231 1755 3301 potest
1765 3228 1825 3284 dici

118 3316 253 3388 corporis
265 3318 295 3370 et
308 3315 525 3372 instrumenta.
545 3337 555 3364 ι
581 3315 789 3372 Grammatica
802 3317 943 3388 simplici·
998 3321 1156 3377 scientiam
1170 3319 1291 3374 habere.
1300 3318 1359 3374 Sed
1369 3321 1471 3374 tamen
1485 3317 1569 3373 aliud
1578 3321 1633 3386 est,
1647 3333 1718 3374 cum
1733 3318 1802 3374 dico
1816 3337 1822 3373 :

116 3407 163 3459 161
175 3404 239 3474 agit
253 3403 290 3458 de
301 3402 439 3472 vocibus,
454 3403 486 3459 id
500 3406 547 3459 est
561 3404 727 3459 secundum
749 3421 780 3460 se
796 3406 943 3460 inventio
996 3409 1156 3465 dialectica
1169 3408 1305 3476 scientia,
1316 3406 1348 3461 id
1359 3409 1405 3462 est
1420 3422 1469 3462 ars
1482 3405 1531 3461 vel
1544 3405 1717 3478 disciplina;
1731 3411 1824 3479 atque

118 3505 188 3547 nem
195 3494 226 3548 et
233 3492 941 3564 formationem,compositioneminfleotionem,
997 3498 1080 3553 aliud
1095 3513 1164 3553 cum
1180 3497 1247 3552 dico
1265 3515 1270 3551 :
1288 3497 1364 3552 66116
1378 3495 1461 3568 quod
1476 3495 1614 3551 Socrates
1635 3498 1682 3550 eet
1695 3494 1823 3568 Sopbro

115 3579 366 3652 prolationem,et
376 3584 483 3637 caetera
492 3581 531 3636 ad
540 3583 810 3654 pronuntationem
820 3585 941 3638 tantum
996 3586 1057 3642 1161
1071 3586 1154 3642 filius
1168 3588 1214 3640 est
1237 3584 1374 3653 scientia,
1390 3583 1422 3638 id
1444 3585 1489 3638 est
1510 3583 1654 3653 cognitio.
1671 3583 1717 3638 De
1741 3585 1821 3640 omni

116 3669 303 3741 pertinentia
322 3673 521 3741 pertractans.
539 3671 630 3728 Ratio
644 3670 812 3727 disserendi
827 3671 891 3742 agit
906 3671 942 3726 de
997 3675 1124 3731 scientia
1137 3690 1204 3746 quae
1215 3677 1261 3729 est
1272 3688 1321 3728 ars
1334 3673 1383 3728 vel
1393 3671 1535 3744 displina,
1544 3686 1650 3726 varum
1662 3675 1710 3727 est
1726 3673 1823 3729 dicere

116 3757 243 3813 vocibus
257 3756 424 3814 secuudum
437 3758 619 3814 intellectus.
997 3762 1078 3834 quod
1100 3761 1141 3817 sit
1154 3776 1226 3834 pars
1246 3759 1447 3831 philosophiae
1469 3756 1599 3813 divisiva
1605 3773 1613 3826 3
1629 3773 1693 3812 non
1720 3765 1822 3816 autem

192 3845 864 3916 (11611111.1611666611616116161666.
996 3849 1211 3907 universaliter
1235 3848 1294 3904 dici
1319 3851 1429 3920 potest,
1453 3845 1533 3920 quod
1556 3847 1656 3902 omnis
1683 3849 1822 3917 scientia,

152 3929 359 3987 Grammatica
385 3933 532 3989 dividitur
556 3936 587 3989 in
612 3935 756 4004 litteram,
780 3936 940 4007 syllabam,
995 3955 1065 4012 quaa
1083 3942 1129 3994 eet
1146 3937 1289 4008 negritia,
1312 3952 1383 4007 pars
1407 3937 1447 3991 sit
1462 3934 1662 4008 philosophiae
1677 3935 1821 3992 divisiva.

118 4016 282 4074 dictionem
297 4022 327 4073 et
339 4021 519 4089 orationem,
534 4021 582 4076 vel
597 4021 685 4077 aliter
694 4024 943 4092 grammaticadi·
996 4027 1161 4083 Esttamen
1177 4041 1302 4097 prorsus
1314 4025 1415 4080 omnis
1427 4024 1635 4092 scientia,sive
1646 4022 1822 4096 disciplina,

116 4105 234 4163 viditur
248 4107 279 4162 in
295 4106 423 4176 litteras,
438 4107 471 4162 id
486 4108 577 4163 estin
592 4108 624 4163 id
639 4109 721 4180 quod
736 4111 895 4180 scribitur,
912 4116 942 4167 et
996 4116 1059 4171 sive
1072 4114 1217 4188 quaelibet
1229 4113 1362 4183 cognitio
1377 4128 1448 4184 pars
1463 4111 1673 4184 philosophiae,
1683 4112 1733 4167 vel
1751 4115 1823 4169 divi·

115 4195 245 4265 vocales,
253 4196 285 4250 id
295 4199 340 4251 est
352 4196 384 4251 in
393 4195 425 4251 id
437 4195 519 4268 quod
531 4197 760 4268 pronuntiatur,
772 4197 822 4253 vel
833 4198 938 4254 aliter:
996 4204 1072 4272 siva,
1088 4202 1136 4258 vel
1149 4201 1318 4272 integralis,
1334 4200 1496 4272 disciplina
1510 4203 1612 4255 autem
1624 4204 1670 4255 ast
1680 4201 1821 4270 scientia,

115 4283 324 4340 Grammatica
335 4285 525 4341 dividiturin
537 4300 657 4354 nomen,
669 4286 807 4355 verbum,
822 4288 941 4358 pertici·
995 4308 1063 4365 quae
1080 4291 1255 4347 absolutum
1270 4290 1361 4345 finem
1383 4289 1486 4358 habet,
1499 4290 1532 4344 in
1547 4303 1608 4360 quo
1628 4290 1822 4360 propositum

114 4372 210 4444 pium,
225 4387 404 4444 pronomen,
420 4373 937 4445 adverbium,praepositonem,con·
995 4379 1208 4453 artisperfecte
1219 4378 1398 4450 explicatur,
1408 4377 1491 4449 quod
1501 4377 1635 4433 scientiae
1643 4377 1821 4433 inveniendi

114 4458 305 4529 junctionem
319 4463 349 4513 et
363 4460 620 4530 interjectionem3
635 4462 668 4515 11
682 4477 786 4517 vocem
803 4464 941 4519 articula·
994 4469 1043 4526 vel
1059 4467 1217 4539 Judicandi
1232 4482 1293 4522 non
1307 4467 1464 4535 convenit,
1485 4466 1557 4538 quia
1582 4469 1692 4521 neutra
1716 4481 1771 4537 per
1792 4481 1822 4522 se

115 4544 939 4623 tam‚litteram‚syllabam‚pedes,accentus,posituras,
995 4556 1095 4612 soluta
1105 4559 1161 4622 661,
1168 4558 1197 4611 61
1210 4555 1278 4611 ideo
1289 4553 1451 4625 disciplina
1464 4552 1523 4609 dici
1539 4568 1601 4608 non
1617 4558 1762 4625 possunt,
1770 4554 1820 4610 sed

113 4635 214 4702 notes,
234 4632 496 4706 orthographiam,
514 4637 698 4708 analogiam,
712 4640 938 4712 etymologiam,
993 4649 1097 4718 partes
1112 4643 1290 4716 disciplinae,
1301 4643 1332 4698 id
1343 4646 1388 4698 est
1399 4642 1578 4697 dissertivae.
1596 4641 1732 4697 Rursum
1744 4658 1820 4714 qnae

114 4720 241 4791 glossas,
260 4722 457 4792 differentias,
470 4724 707 4796 barbarismum,
722 4727 937 4800 soloecismum,
993 4734 1072 4789 ritur
1084 4736 1189 4788 utrum
1216 4731 1353 4787 inventio
1377 4730 1565 4802 etjudicium
1580 4728 1694 4784 eaedem
1717 4733 1819 4801 partes

116 4808 203 4878 vitia,
227 4810 454 4882 metaplasmas,
484 4812 648 4883 schemata,
676 4818 790 4888 tropos,
819 4833 936 4889 prosas,
993 4823 1055 4878 sint
1069 4820 1234 4876 dialecticae
1249 4824 1278 4874 et
1304 4818 1478 4886 rhetoricae;
1504 4815 1586 4888 quod
1600 4816 1818 4872 inconveniens

113 4900 221 4967 metra,
237 4896 369 4967 fabulas,
383 4900 537 4956 historias.
553 4901 689 4967 Quorum
713 4904 824 4961 idcirco
846 4921 936 4978 expo·
990 4910 1122 4977 videtur,
1136 4911 1171 4963 11
1185 4908 1246 4963 116
1261 4906 1402 4978 61166116
1426 4921 1536 4976 genera
1559 4903 1673 4959 eisdem
1693 4919 1818 4976 prorsus

111 4984 254 5041 sitionem
268 4988 399 5056 transeo,
411 4989 484 5059 quia
499 4989 833 5064 prolixioreeeetquam
844 4994 936 5066 hujus
991 4998 1219 5054 constituantur
1232 4994 1454 5067 partibusDici
1470 5007 1540 5062 ergo
1553 4995 1656 5065 potest
1669 4991 1729 5048 has
1744 4992 1817 5048 duae

112 5072 264 5130 schedulae
285 5075 420 5132 brevitas
435 5082 567 5151 expetat,
583 5080 701 5151 etquis
716 5081 808 5137 etiam
827 5083 859 5138 in
879 5083 935 5139 hoo
989 5101 1078 5142 voces
1092 5085 1265 5156 aequivocas
1280 5099 1344 5139 esse
1357 5083 1395 5143 ad
1416 5086 1518 5155 partes
1531 5080 1696 5136 dialecticae
1711 5084 1743 5136 et
1758 5081 1818 5136 rhe

110 5161 266 5235 opusculo,
279 5162 445 5220 divisiones
457 5169 577 5222 tantum
593 5183 695 5223 rerum
710 5173 739 5224 et
752 5172 878 5226 nomina
892 5173 935 5227 in·
989 5175 1100 5243 torioae,
1123 5172 1171 5228 vel
1193 5172 1285 5244 (quod
1310 5172 1451 5227 fortassis
1466 5169 1576 5225 melius
1593 5168 1651 5237 est)
1678 5168 1815 5225 dicamus

108 5251 460 5323 vestigareproposuimt
470 5256 683 5310 tantummodo
695 5258 848 5327 quoddam
856 5261 934 5330 prin·
987 5263 1196 5318 inventionem
1210 5265 1239 5316 et
1250 5260 1401 5332 judicium
1420 5258 1542 5332 proprie
1562 5259 1667 5329 partes
1682 5258 1816 5314 essedis

108 5338 221 5410 cipium
247 5339 392 5396 doctrrnae
415 5341 519 5396 lectori
544 5342 733 5397 conderetur.
750 5344 807 5409 Qui
832 5351 933 5403 autem
988 5352 1109 5407 sertivae
1122 5353 1152 5405 et
1165 5349 1222 5405 sub
1236 5348 1285 5404 his
1300 5349 1427 5405 vocibus
1440 5346 1608 5402 univocari.
1618 5345 1655 5400 In
1670 5345 1816 5402 inferiori·

108 5426 184 5483 scire
196 5425 361 5496 desiderat,
375 5427 456 5498 legat
469 5428 636 5496 Donatum,
648 5429 797 5501 Servium,
811 5433 935 5490 Priscia-
986 5440 1155 5496 hustamen
1161 5439 1254 5510 hujus
1260 5435 1567 5509 generisquibusdam
1573 5435 1814 5506 proprietatibus

108 5526 183 5568 uum
198 5513 235 5569 de
249 5515 426 5570 accentibus
441 5519 472 5571 et
483 5515 519 5571 de
534 5515 693 5572 duodecim
708 5521 848 5578 versibus
867 5523 932 5580 Vir·
987 5542 1019 5583 se
1045 5528 1175 5599 differre,
1192 5542 1260 5600 quae
1285 5530 1387 5581 tamen
1402 5523 1554 5580 differenti
1572 5536 1626 5594 per
1646 5522 1705 5578 has
1730 5536 1814 5580 voces

108 5599 189 5669 gilii,
217 5605 248 5657 et
270 5602 515 5673 Barbarismum,
545 5608 575 5660 et
600 5604 752 5664 Isidorum
779 5611 813 5667 in
845 5612 932 5671 libris
986 5629 1049 5671 non
1075 5616 1306 5683 discernuntur,
1326 5612 1400 5686 quia
1423 5628 1477 5686 per
1499 5611 1811 5668 666161666111111

108 5686 372 5757 ‘ti'm0l0iissrum-
985 5704 1043 5761 hoe
1057 5702 1141 5776 quod
1155 5704 1269 5776 species
1284 5704 1483 5774 componunt,
1500 5698 1554 5773 sed
1568 5699 1742 5759 secuudum
1761 5700 1813 5758 hoc
