3742 6082
114 194 170 252 635
425 182 599 243 HUCONIS
616 182 670 239 Du
687 180 718 238 S.
739 177 910 237 VICTORE
928 176 1012 234 OPP.
1033 176 1134 234 PARS
1151 176 1192 234 11.
1211 207 1248 219 -
1265 161 1510 233 bonumne.
1765 166 1816 226 636

117 302 1810 346 --,,,,,-.-...-..--......--.------

653 417 857 530 LIBER
899 414 1280 548 SECUNDUS,

755 605 850 677 Cujus
870 605 936 661 haec
948 609 1022 662 sunt
1035 606 1179 679 capitula.

149 740 209 791 cia.
226 739 245 789 l.
260 735 294 788 lle
308 748 376 787 arca
392 731 539 799 sapientia.
550 758 580 768 —
598 729 658 780 Cir.
677 730 709 781 ll.
726 726 761 781 lle
778 729 886 790 attinet
900 729 1019 794 fenestra
1035 729 1153 795 sjmcem
1165 743 1242 782 arca.
1252 757 1280 766 -
1296 727 1354 780 cis.
1373 721 1691 790 numennumen
1705 719 1819 773 madi

114 822 351 884 paratianen-
367 814 429 865 Iler.
446 813 486 864 IV.
504 815 539 862 vc
555 812 676 876 quotuor
688 808 778 860 modis
792 807 910 860 metendi
923 821 971 875 per
987 809 1248 875 contemplationem.
1269 836 1298 845 -
1315 807 1374 859 Cia.
1385 805 1413 854 V.
1430 802 1565 868 Quomodo
1580 816 1675 854 remen
1690 801 1766 854 olion
1775 800 1819 852 de·

116 898 238 960 portetur
253 895 290 946 ad
305 907 400 947 arcam
423 890 562 956 sonantia
579 917 607 927 -
622 889 683 940 Cin.
699 888 739 939 vI.
753 892 786 939 oc
804 887 893 940 tnnc
907 888 1097 951 mersionibus
1118 903 1186 941 arcos
1201 886 1346 953 sapientia,
1365 884 1418 936 nce
1434 882 1629 935 intellectualis.
1645 910 1674 920 -
1691 882 1751 934 Cir.
1770 881 1811 930 vu

117 974 192 1040 Quod
200 975 324 1027 minmno
339 971 466 1024 inmerito
481 983 552 1022 crcoe
567 968 648 1033 buten
662 973 749 1019 eredo
762 967 806 1018 sit.
829 994 856 1004 -
877 969 934 1023 Cre.
952 969 1015 1021 IIlll.
1037 974 1071 1019 De
1091 968 1243 1020 diversitate
1265 979 1362 1019 arcam
1384 962 1595 1016 ascendentium.
1610 990 1640 1000 -
1656 963 1714 1013 Gir.
1735 962 1776 1012 ix.
1791 964 1821 1010 lte

118 1055 194 1118 tigno
203 1055 269 1116 oitoe,
286 1055 310 1104 et
323 1051 465 1105 tibrovitoe
480 1050 512 1102 in
526 1040 664 1100 columna.
676 1075 705 1085 -
719 1047 778 1098 Gis.
796 1049 817 1098 x
842 1052 875 1098 Ite
884 1047 989 1100 duobus
1004 1062 1063 1114 qna
1078 1054 1141 1099 sunt
1155 1048 1187 1099 in
1202 1047 1277 1112 tigno
1292 1062 1301 1097 .·
1316 1049 1340 1096 et
1356 1057 1471 1096 rursum
1485 1043 1517 1095 de
1533 1041 1605 1093 libro
1618 1043 1643 1092 et
1657 1040 1732 1105 tigno
1757 1037 1821 1089 vita.

118 1162 148 1172 -
164 1135 223 1185 Gir.
240 1133 281 1184 xl.
296 1137 331 1182 Ite
344 1131 456 1184 diuersis
472 1128 556 1192 libris,
574 1134 596 1179 ct
610 1128 673 1194 quis
684 1126 751 1178 tiber
764 1126 825 1178 vitoe
840 1126 959 1181 dicmur.
974 1155 1004 1167 -
1017 1128 1076 1179 Gir.
1094 1128 1147 1179 iili.
1165 1124 1296 1178 octricus
1312 1123 1401 1176 libris.
1413 1152 1441 1162 -
1455 1125 1514 1175 Gir.
1532 1122 1594 1173 xiii.
1610 1126 1644 1172 De
1659 1119 1749 1172 tribus
1761 1130 1821 1170 oer-

119 1213 166 1265 ln's.
178 1242 207 1254 -
222 1213 283 1264 Gra.
301 1212 362 1262 xiv.
381 1215 413 1260 De
427 1208 515 1260 tritas
531 1207 615 1272 tignis
629 1207 695 1259 oitoe.
712 1234 741 1245 -
756 1207 815 1256 Gis.
831 1207 881 1261 liv,
901 1212 935 1257 De
951 1206 1039 1259 tribas
1056 1206 1135 1258 libris
1150 1207 1210 1258 ento
1235 1233 1264 1243 -
1281 1205 1339 1255 Gir.
1368 1204 1427 1255 xvi.
1445 1208 1479 1254 De
1498 1201 1587 1254 tricos
1603 1198 1701 1252 vertis.
1717 1226 1746 1266 ,-
1763 1199 1820 1249 Gir.

117 1293 193 1344 xvii.
203 1297 237 1342 lte
251 1290 338 1342 tritas
353 1288 500 1354 parodnn,
515 1290 539 1338 et
554 1287 757 1352 comparatione
774 1285 861 1337 trium
876 1286 1086 1352 lignorumque
1095 1291 1159 1338 rant
1168 1286 1200 1337 in
1209 1284 1256 1337 eis.
1272 1311 1302 1321 —
1317 1283 1374 1335 Gis.
1394 1283 1477 1334 xv111.
1495 1286 1528 1333 De
1542 1279 1641 1333 arbore
1650 1279 1822 1346 sententiani

118 1384 181 1423 oero
198 1370 283 1436 tigno,
297 1370 403 1436 qusque
417 1369 599 1432 incrementis,
616 1370 639 1418 et
649 1367 781 1433 profectu.

239 1635 314 1692 Cis.
331 1648 468 1692 nemun.
482 1637 526 1690 De
543 1645 623 1689 arca
638 1632 819 1700 sapientire.
957 1627 1031 1686 sin
1046 1631 1203 1689 cordetuo
1220 1612 1378 1687 metieris.
1404 1629 1435 1686 Si
1457 1629 1643 1702 cogitatione
1665 1627 1818 1700 percurris

155 1723 243 1791 Quod
256 1723 355 1780 dicere
368 1722 511 1778 volumus
525 1720 562 1778 de
577 1736 647 1777 arca
661 1720 819 1794 sapientiae
834 1719 879 1776 ita
905 1718 946 1774 di·
999 1720 1176 1790 Ecclesiam,
1191 1721 1331 1776 civitam
1350 1718 1485 1775 fidelium
1510 1717 1736 1790 contemplatus
1759 1731 1825 1772 eam

121 1811 445 1884 stInguendumestab
458 1808 755 1883 iisquaesecundum
769 1807 945 1879 allegoriam
999 1811 1057 1866 tibi
1078 1809 1118 1865 ad
1145 1810 1318 1882 exemplum
1341 1809 1498 1881 proponis,
1523 1812 1553 1864 et
1573 1808 1606 1863 in
1629 1805 1826 1863 latitudinem

121 1902 262 1974 superius
277 1901 434 1972 assignata
450 1902 524 1954 sunt
538 1897 680 1966 ecclesia,
694 1901 729 1952 ut
744 1896 826 1968 quod
840 1897 883 1952 ibi
896 1896 945 1952 de·
1000 1898 1227 1971 quinquaginta
1236 1898 1410 1954 cubitorum
1425 1911 1476 1952 cor
1490 1895 1638 1951 extendis.
1655 1894 1688 1951 si
1704 1908 1777 1951 vero
1787 1893 1828 1949 di·

121 1992 327 2047 monstratum
342 1991 389 2044 est
400 1987 433 2042 in
448 2002 491 2056 re,
504 1987 562 2043 hoc
576 1987 626 2042 hio
638 1989 796 2058 quaeratur
809 1985 842 2040 in
866 1984 945 2056 cogi·
999 1987 1080 2042 vinae
1092 1986 1223 2059 pagInae,
1234 2002 1303 2059 quae
1316 1985 1444 2057 triginta
1451 1984 1722 2041 libriscontinetur
1731 1983 1827 2039 scien-

120 2079 246 2135 tatione.
263 2077 386 2132 Habent
399 2076 480 2131 enim
495 2074 649 2147 quoddam
661 2089 727 2130 esse
742 2089 832 2129 suum
856 2089 904 2130 res
913 2074 946 2129 in
1000 2071 1076 2131 iiam
1092 2075 1221 2149 adeptus
1236 2075 1342 2144 fueris,
1357 2075 1390 2130 in
1409 2074 1603 2131 altitudInem
1628 2073 1757 2144 triginta
1779 2086 1827 2126 cu·

121 2171 223 2223 mente
237 2164 383 2234 bominis,
398 2163 452 2220 ubi
464 2163 517 2219 illa
531 2164 635 2232 etiam,
652 2178 721 2235 qum
732 2163 766 2218 in
781 2162 889 2233 seipsis
899 2161 947 2218 vel
1000 2164 1135 2221 bitonum
1150 2167 1303 2220 cortuum
1319 2164 1420 2235 erigis.
1437 2164 1511 2220 Haeo
1525 2167 1571 2220 est
1584 2177 1664 2231 arca,
1676 2176 1772 2234 quam
1790 2175 1828 2215 aa·

118 2255 183 2328 jam
198 2254 420 2326 praeterierunt,
436 2251 484 2308 vel
500 2251 599 2308 adhuc
617 2251 723 2307 futura
749 2254 831 2319 sunt,
855 2249 947 2306 simul
1001 2252 1123 2309 dificare
1137 2252 1237 2308 debes.
1255 2251 1311 2307 Isti
1326 2257 1399 2308 sunt
1413 2252 1535 2309 termini
1550 2254 1673 2324 patrum
1689 2252 1825 2316 tuorum,

122 2342 288 2400 subsistere
303 2344 442 2414 possunt.
456 2341 496 2395 Et
503 2340 535 2395 in
546 2340 603 2397 hoc
618 2338 843 2411 quodammodo
854 2340 945 2394 ratio·
1000 2356 1078 2413 quos
1092 2340 1149 2396 tibi
1164 2340 1336 2412 transgredi
1354 2356 1416 2396 non
1439 2339 1520 2410 licet,
1542 2355 1620 2413 quos
1643 2338 1827 2396 Altissimns

120 2430 200 2487 nalis
214 2430 319 2485 anima
340 2428 574 2484 similitudinem
596 2428 644 2482 sui
664 2427 818 2484 creatoris
842 2426 945 2496 habet,
1001 2428 1162 2486 constituit
1172 2429 1263 2501 juxta
1273 2444 1436 2485 numerum
1444 2427 1688 2497 illiorumlsrael‚
1702 2425 1827 2500 quando

120 2520 195 2594 quia
208 2519 288 2574 siout
298 2518 331 2572 in
346 2520 448 2573 mento
463 2516 568 2572 divina
583 2516 721 2572 omnium
735 2530 838 2571 rerum
848 2530 947 2571 causae
1002 2516 1166 2589 separabat
1177 2516 1256 2573 filios
1267 2516 1378 2586 Adam,
1394 2521 1425 2573 et
1436 2521 1542 2589 gentes
1563 2516 1729 2572 dividebat.
1753 2514 1828 2570 Haec

120 2607 305 2664 aeternaliter
320 2605 608 2673 sinemutabilitate,
624 2608 653 2660 et
668 2604 946 2660 distinotionetem·
1002 2609 1049 2662 est
1062 2611 1153 2675 terra,
1170 2620 1263 2684 quam
1274 2606 1449 2663 inhabitare
1463 2606 1565 2675 debes,
1581 2609 1611 2662 et
1624 2605 1709 2679 pasci
1724 2605 1758 2661 ln
1783 2602 1827 2659 di·

120 2694 217 2770 porali
239 2695 454 2762 substiterunt,
480 2694 524 2748 ita
546 2693 639 2748 etiam
661 2693 695 2749 in
715 2695 817 2748 mente
842 2693 948 2746 nostra
1002 2694 1087 2750 vitiis
1100 2693 1175 2766 ejus.
1190 2694 1355 2766 Requiesce
1370 2709 1441 2766 ergo
1454 2694 1538 2750 intra
1551 2694 1609 2750 hos
1620 2692 1827 2766 parietes,sub

120 2783 286 2857 praeterita,
301 2781 474 2855 praesentia,
491 2784 521 2836 et
536 2780 709 2852 inturaper
731 2780 947 2852 cogitationem
1001 2783 1059 2840 hoc
1099 2785 1178 2839 tecto
1211 2798 1312 2852 mane,
1339 2782 1447 2838 habIta
1483 2784 1517 2838 in
1540 2783 1630 2839 domo
1658 2782 1726 2852 hac,
1755 2797 1824 2854 pro-

123 2871 216 2928 simul
231 2871 414 2926 subsistunt.
431 2870 463 2925 si
474 2885 546 2941 ergo
558 2885 612 2942 per
625 2868 762 2925 studium
776 2867 947 2924 meditatio·
1003 2871 1078 2928 cella
1091 2875 1120 2927 et
1144 2875 1310 2943 tempestas
1334 2872 1410 2928 ioris
1436 2872 1534 2941 savii,
1557 2886 1739 2944 quacunque
1758 2887 1827 2945 pro·

124 2961 172 3016 nis
187 2959 309 3015 assidue
324 2975 375 3015 cor
395 2962 535 3014 nostrum
559 2954 733 3014 inhabItare
756 2957 948 3030 coeperimus,
964 2970 989 3028 Β
1003 2958 1097 3014 <lieris
1111 2959 1309 3031 naufragium
1318 2959 1496 3032 patieris.Si
1503 2960 1633 3032 superbe
1646 2975 1701 3032 per
1712 2959 1829 3032 sapien·

121 3050 187 3122 jam
201 3047 427 3121 quodammodo
439 3046 621 3121 temporales
636 3062 702 3102 esse
717 3045 905 3115 desistimus,
919 3047 949 3101 et
1003 3048 1078 3104 tiam
1093 3051 1178 3103 tuam
1193 3047 1299 3104 divina
1314 3052 1429 3104 secreta
1442 3049 1549 3104 rimari
1559 3049 1690 3118 conaris,
1704 3062 1830 3120 quaeno

125 3137 216 3208 quasi
225 3135 460 3192 mortuimundo
470 3136 637 3191 lactiintus
647 3150 717 3190 cum
724 3134 788 3190 Deo
802 3135 946 3190 vivimus.
1002 3137 1051 3193 bis
1065 3138 1148 3193 Deus
1162 3152 1217 3209 per
1231 3137 1414 3209 scripturam
1427 3153 1515 3193 suam
1530 3139 1646 3211 aperire
1660 3136 1771 3207 noluit,
1787 3136 1829 3192 al-

126 3223 212 3280 Tunc
225 3222 376 3295 quidquid
391 3224 516 3278 fortuna
530 3225 617 3279 extra
630 3222 756 3278 molitur
770 3222 858 3278 facile
880 3238 949 3279 con·
1002 3224 1300 3297 titudinsmtriginta
1308 3225 1481 3281 cubitorum
1491 3225 1830 3298 transcendisSiusque

126 3311 303 3378 temnimus,
319 3311 345 3365 si
360 3309 403 3394 ibi
417 3310 513 3365 iissem
530 3313 575 3365 est
589 3308 773 3366 desiderium
798 3313 948 3379 nostrum,
1003 3314 1036 3370 in
1051 3314 1142 3370 finem
1158 3313 1262 3370 saeculi
1276 3329 1339 3369 non
1353 3314 1623 3372 credisEoclesiam
1637 3315 1829 3383 duraturam,

125 3398 181 3454 ubi
193 3397 395 3453 mutabilitati
410 3413 472 3453 non
487 3398 690 3469 subjacemus.
712 3398 773 3455 Ubi
796 3414 850 3455 nec
873 3415 949 3472 prae-
1004 3402 1057 3460 sed
1077 3401 1244 3474 aliquando
1272 3403 1328 3459 Dei
1359 3403 1585 3460 destituendam
1607 3404 1734 3474 auxilio,
1756 3406 1831 3460 tunc

125 3486 217 3543 terite
228 3484 449 3557 relinquamus,
464 3500 519 3541 nec
531 3488 740 3558 exspectemus
754 3487 869 3556 futura,
896 3487 951 3543 ubi
1004 3493 1127 3548 centum
1142 3490 1315 3547 cubitorum
1327 3490 1551 3563 longitudinem
1573 3493 1697 3548 transis.
1715 3491 1746 3547 Si
1772 3491 1829 3546 tre·

125 3589 180 3631 nac
194 3575 355 3647 cupiamus
368 3573 462 3646 hujus
477 3573 548 3630 vitae
558 3589 777 3647 prosperantes
787 3575 951 3631 timeamus
1005 3581 1134 3652 quantor
1147 3578 1185 3635 de
1198 3580 1389 3635 amatoribus
1401 3581 1494 3653 buius
1509 3580 1627 3650 mundi,
1641 3583 1672 3636 et
1687 3580 1725 3635 de
1749 3594 1831 3635 vana

125 3663 262 3721 adversa.
277 3663 455 3718 Habeamus
469 3677 540 3734 ergo
553 3666 662 3733 rectas,
677 3663 846 3719 habeamus
860 3663 952 3720 utIles
1005 3667 1235 3724 conversatione
1256 3667 1380 3723 illorum
1404 3670 1536 3741 cogitare
1557 3667 1716 3724 delectaris
1738 3669 1830 3739 quin-

125 3755 156 3808 et
177 3749 278 3808 castas
303 3751 523 3823 cogitationes,
566 3752 639 3825 quia
678 3751 796 3807 detali
823 3753 953 3808 materia
1005 3756 1154 3828 quaginta
1166 3755 1340 3812 cubilorum
1355 3771 1530 3814 mensuram
1544 3755 1779 3826 transgrederis.

124 3840 345 3896 fabricabimus
360 3855 462 3895 arcam
477 3839 951 3913 nostram.1stasuntligna,quae
1049 3844 1123 3901 Cea.
1148 3843 1188 3901 11.
1205 3846 1249 3901 Dc
1262 3847 1352 3913 ostio,
1369 3851 1400 3901 et
1412 3846 1559 3917 fenestra
1574 3847 1674 3914 huius
1687 3860 1785 3902 arcoe.

124 3928 157 3984 in
178 3942 291 4000 aquam
306 3928 401 3983 missa
415 3932 535 3998 natant,
559 3929 592 3983 in
613 3930 683 4000 igne
709 3930 811 4000 posita
832 3929 950 3999 ardent,
1040 3934 1119 3990 Arca
1132 3932 1251 4001 diluvii
1267 3932 1347 3989 sicut
1357 3934 1422 4005 jam
1437 3934 1553 3990 dictum
1568 3937 1624 4004 est,
1636 3933 1737 3990 cordis
1761 3950 1830 3991 nos·

125 4015 200 4087 quia
212 4012 289 4068 tales
303 4013 503 4084 cogitationes
517 4015 620 4070 iluxus
632 4015 802 4072 carnalium
819 4016 949 4073 delecta·
1005 4022 1045 4078 tri
1060 4026 1209 4078 secretum
1222 4021 1313 4090 estin
1325 4037 1386 4094 quo
1400 4021 1495 4079 latere
1509 4023 1654 4080 debemus
1669 4039 1687 4078 a
1700 4024 1831 4096 strepltu

125 4101 245 4157 tionum
257 4100 398 4156 deorsum
413 4115 474 4156 non
490 4101 666 4173 premit,sed
681 4102 805 4157 flamma
819 4102 950 4159 charita·
1004 4111 1098 4182 hujus
1113 4108 1230 4165 mundi.
1248 4109 1306 4165 Sed
1320 4111 1395 4183 quia
1416 4111 1484 4183 ipsa
1507 4116 1621 4168 nostrae
1645 4111 1832 4169 conditionis

123 4190 164 4246 tis
178 4188 388 4246 incendit.Nec
403 4189 512 4245 timeas
524 4190 607 4245 hunc
620 4190 766 4259 ignomin
779 4192 948 4248 tectistuis.
1004 4199 1169 4255 infirmitas
1184 4197 1237 4253 diu
1251 4213 1306 4254 nos
1320 4199 1354 4255 in
1368 4198 1490 4256 silentio
1503 4200 1621 4257 intimae
1645 4201 1831 4274 contempla·

123 4278 176 4336 Vae
190 4279 247 4335 tibi
261 4278 287 4334 si
302 4293 363 4334 non
377 4278 485 4334 arserit
500 4293 537 4334 ex
547 4292 582 4333 eo
599 4277 832 4334 tabernaculum
848 4282 945 4335 tuum.
967 4317 989 4374 C
1005 4287 1099 4343 tionis
1112 4301 1243 4358 pausare
1254 4301 1315 4342 non
1329 4287 1456 4359 paIItur,
1472 4289 1588 4345 exitum
1609 4289 1759 4346 babemus
1778 4305 1833 4363 per

122 4368 232 4424 Postea
246 4366 450 4422 bituminabis
465 4381 567 4421 arcam
582 4369 669 4422 tuam
690 4366 776 4422 intus
798 4370 828 4421 et
850 4371 945 4424 extra.
1004 4376 1118 4431 ostium
1131 4377 1161 4429 et
1173 4375 1637 4449 fenestram,0niumsignffi0at
1650 4378 1768 4434 exitum
1778 4392 1833 4451 per

122 4454 218 4508 Extra
232 4455 267 4508 ut
280 4453 548 4509 mansuetudinem
563 4453 718 4523 exhibeas,
734 4453 819 4510 intus
833 4458 868 4510 ut
882 4455 949 4511 cha·
1002 4464 1221 4536 operationem,
1238 4464 1372 4520 fenestra
1386 4465 1503 4521 exitum
1517 4468 1572 4539 φρ
1594 4468 1628 4522 fit
1642 4482 1697 4539 per
1717 4467 1831 4538 cogita.

121 4541 244 4596 ritatem
253 4555 315 4595 non
330 4541 464 4595 amittas.
480 4539 664 4596 Nullatenus
679 4541 760 4597 enim
774 4542 808 4597 in
832 4548 947 4600 secreto
1003 4552 1127 4607 tionem,
1144 4550 1265 4607 Ostium
1286 4552 1429 4609 deorsum
1452 4558 1508 4624 est,
1533 4555 1668 4611 fenestra
1693 4571 1829 4624 sursum,

121 4628 313 4686 conscientias
340 4631 401 4684 tuae
423 4629 559 4684 suaviier
583 4645 714 4701 pausare
734 4633 860 4703 poteris,
887 4633 947 4688 nisi
1002 4639 1076 4711 quia
1091 4639 1226 4694 actiones
1245 4640 1284 4695 ad
1303 4654 1413 4714 corpus
1436 4643 1602 4715 pertiuent,
1628 4643 1831 4714 cogitationes

122 4717 208 4789 prius
218 4715 359 4786 malesei
369 4719 456 4771 extra
467 4732 521 4789 per
533 4719 801 4776 mansuetudinem
807 4720 946 4790 tolerare,
1002 4726 1040 4782 ad
1053 4727 1281 4783 animamHinc
1291 4730 1428 4802 estquod
1435 4732 1739 4802 perienestramaves
1750 4733 1830 4788 exie·

121 4806 152 4860 et
164 4804 250 4860 intus
262 4803 403 4861 didiceris
417 4819 471 4877 per
485 4805 668 4863 charitatem
684 4822 746 4864 non
763 4807 873 4864 odisse.
897 4808 946 4864 Bi·
1001 4818 1084 4884 runt,
1100 4829 1154 4887 per
1166 4815 1280 4870 ostium
1294 4815 1401 4874 bestiae
1416 4821 1447 4874 et
1459 4819 1607 4875 homines.
1625 4819 1713 4886 Quod
1726 4825 1830 4877 autem

121 4894 227 4948 tannen
255 4891 360 4949 calidae
382 4896 500 4950 naturae
524 4897 580 4964 est,
604 4898 633 4951 et
657 4895 794 4951 nescitur
810 4895 846 4951 de
866 4900 946 4953 terra
1002 4917 1056 4974 per
1072 4917 1160 4957 avem
1175 4902 1484 4976 animasigniiicetur,
1497 4910 1527 4963 et
1538 4907 1755 4980 perhominem
1765 4924 1829 4965 cor·

119 4979 328 5049 fulminata,et
342 4980 475 5037 charitas
487 4986 664 5054 procreatur
676 4983 709 5039 in
722 4984 827 5039 anima
839 4984 947 5043 timore
1000 5007 1070 5064 pus,
1084 4990 1235 5047 habemus
1251 5007 1288 5047 ex
1307 4991 1386 5050 libro
1410 4994 1470 5050 Job
1494 4995 1548 5052 ubi
1571 4993 1704 5052 dicitur:
1727 4997 1830 5053 Homo

120 5066 219 5122 divini
245 5066 353 5139 judicil
378 5083 532 5140 percussa.
554 5068 706 5144 Deinceps
729 5071 889 5129 videamus
910 5071 947 5128 de
1000 5081 1044 5134 ad
1061 5080 1201 5135 laborem
1217 5081 1459 5152 nasdtnmoie
1474 5085 1518 5139 nd
1534 5087 1680 5141 colatum
1702 5085 1772 5157 (lob
1785 5085 1828 5156 v).

119 5169 264 5211 mensura
278 5169 365 5226 arose,
382 5156 514 5228 qualiter
529 5157 594 5213 fieri
609 5159 707 5230 possIt
718 5159 751 5213 in
764 5159 853 5215 nobis
868 5158 945 5215 dixi·
999 5166 1150 5232 Quoniam
1166 5168 1209 5223 sic
1224 5169 1289 5224 nati
1304 5170 1337 5225 in
1352 5171 1410 5227 hac
1433 5172 1499 5228 vita
1513 5187 1632 5242 sumus,
1648 5177 1683 5228 ut
1693 5173 1720 5228 si
1743 5174 1829 5231 volu·

119 5260 189 5300 mus
204 5260 297 5318 supra
320 5249 470 5301 trecentos
500 5246 620 5302 cubItos
643 5261 778 5318 prasens
799 5246 945 5303 saeculum
999 5269 1069 5311 mus
1084 5256 1219 5311 animam
1232 5272 1286 5330 per
1300 5260 1590 5333 contemplationem
1605 5260 1832 5332 sublevarem·

119 5333 289 5404 demanare·
304 5333 336 5388 Si
351 5349 422 5404 0r80
434 5338 467 5388 tu
482 5334 698 5404 cogitationem
723 5337 808 5389 tuam
821 5335 945 5390 duxeris
999 5357 1082 5399 cesse
1089 5345 1129 5400 sit
1135 5349 1456 5418 corpusperexercitia
1464 5348 1580 5406 laboris
1592 5352 1733 5408 atterere.
1741 5351 1830 5418 Quod

121 5423 160 5479 ab
174 5421 299 5478 exordi0
313 5420 421 5476 mundi
446 5435 545 5492 usque
569 5421 608 5476 ad
629 5421 732 5491 finem,
757 5425 786 5477 et
807 5426 944 5495 pertran·
997 5446 1070 5486 vero
1084 5431 1198 5487 ostium
1213 5432 1245 5487 in
1260 5431 1354 5490 latere
1367 5437 1502 5508 positum
1516 5437 1638 5507 dicitur,
1655 5437 1714 5494 hoo
1736 5439 1829 5511 signi·

121 5511 202 5565 siens
214 5508 453 5566 consideraveris
464 5523 543 5580 quae,
557 5512 588 5563 et
600 5513 717 5580 quante
727 5510 809 5566 Deus
824 5512 945 5568 mirabi·
997 5516 1069 5574 fleat
1081 5519 1163 5590 quod
1177 5534 1339 5593 nunquam
1354 5539 1372 5577 a
1387 5529 1503 5582 secreto
1526 5526 1626 5582 cordis
1649 5526 1750 5582 nostri
1775 5544 1828 5600 per

120 5596 163 5651 lia
175 5600 299 5670 propter
310 5597 420 5654 electos
435 5611 507 5652 suos
533 5599 676 5669 operatus
700 5597 751 5669 sit,
774 5599 822 5655 vel
845 5600 944 5657 adhuc
997 5606 1205 5679 operationem
1220 5609 1302 5665 exite
1317 5609 1463 5668 debemus
1485 5629 1524 5670 ex
1545 5615 1704 5687 proposito
1727 5615 1827 5673 inten-

120 5686 313 5755 operaturus,
322 5687 527 5742 trecentorum
537 5684 712 5742 cubitorum
719 5686 944 5759 longitudinem
997 5695 1100 5766 tionis,
1114 5693 1168 5752 sed
1180 5709 1219 5752 ex
1233 5696 1381 5755 accidenti
1396 5702 1555 5760 occasione
1567 5704 1772 5764 necessitatis.
1789 5705 1829 5763 Et
