3742 6082
124 228 176 287 731
427 219 605 283 HUGONIS
621 221 676 279 DE
693 220 723 277 S.
744 215 915 277 VICTORE
932 213 1017 272 OPP.
1038 215 1139 275 PARS
1157 217 1196 276 11.
1217 247 1252 262 -
1274 219 1520 278 posumus.
1772 220 1826 280 722

122 350 242 408 cithara
251 346 458 405 modulamine
472 346 602 418 mystico
615 346 765 417 impetum
778 339 943 412 mitigavit.
958 338 986 396 A
998 337 1161 412 Chaldaeis,
1176 343 1323 401 revelavit
1337 346 1453 402 secrete
1465 345 1499 400 in
1513 338 1737 415 gloriationem.
1752 344 1823 401 Pro·

123 438 213 496 Cadit
222 437 397 494 Philistaeus
406 436 438 491 in
449 433 550 505 gladio
561 436 665 502 suo,et
674 429 776 504 lapide
789 429 903 499 fundae,
917 431 948 484 et
1000 432 1104 500 pterea
1124 431 1199 488 dicit
1221 432 1304 489 Deus
1319 437 1354 488 ut
1379 431 1511 489 traderet
1525 431 1673 505 populum
1688 433 1826 489 suumin

124 527 275 600 gloriosus
289 525 418 582 bellator
440 522 538 594 capite
563 523 723 593 amputato
744 517 868 576 Goliath
885 522 946 573 tro·
1000 533 1112 575 manus
1125 519 1348 592 Chaldaeorum,
1364 525 1395 578 et
1411 522 1496 578 misit
1514 521 1678 578 Jeremiam
1692 521 1827 579 sanetifi-

124 631 225 690 paeum
240 612 414 686 reportavit.
431 610 512 665 Hinc
523 613 626 666 motus
644 607 763 665 invidia
777 622 830 663 rex
845 620 946 678 perse·
1000 610 1103 664 catum
1113 624 1151 665 ex
1163 614 1251 667 utero
1266 614 1301 666 ut
1310 610 1723 682 venturaproediceret.Nam
1734 611 1829 667 Israel

125 705 231 777 quitur
244 697 514 757 innocentem.Sed
526 712 637 752 manus
652 695 871 768 omnipotentis
885 693 946 749 ior·
999 696 1167 766 persistens
1190 698 1224 754 in
1247 699 1406 755 aversione
1430 697 1468 753 ad
1487 699 1630 770 Assyrios
1652 699 1782 768 abierat,
1799 703 1828 755 et

125 795 197 850 titer
222 787 383 861 dirigebat,
412 787 507 843 donec
529 787 563 842 in
587 785 663 842 solio
687 785 773 857 regni
799 783 947 841 humilem
1000 782 1164 840 Judaeum
1179 785 1372 842 Hierusalem
1387 801 1449 842 non
1471 787 1577 843 timuit
1590 800 1758 860 provocare
1772 787 1829 844 Do

125 880 293 937 collocaret.
304 875 394 933 Cedit
404 876 438 931 in
452 874 565 932 Gelbes
579 873 661 944 Saul,
673 876 704 930 et
717 872 879 941 Jonathas;
895 869 948 926 sed
1000 873 1119 928 minum
1141 873 1349 931 iniracundia
1366 890 1489 946 magna.
1508 875 1623 933 Idcirco
1644 875 1768 933 locutus
1783 879 1829 932 est

123 966 224 1026 David
238 965 409 1023 dilectionis
423 978 539 1020 memor
549 963 707 1035 planetum
720 960 835 1018 levavit
856 974 947 1030 super
1001 976 1093 1034 super
1104 975 1156 1018 eos
1170 961 1382 1034 abjectionem,
1391 967 1421 1019 et
1430 965 1515 1019 venit
1527 979 1580 1020 rex
1594 964 1785 1037 Babyloniae,
1798 967 1828 1021 et

122 1071 185 1114 eos.
198 1055 363 1127 Propterea
373 1053 578 1109 exaltatusest
585 1054 615 1107 et
623 1049 838 1121 magnificatus
845 1046 945 1118 valde,
1000 1049 1161 1135 transtulit
1178 1051 1291 1108 Judam
1315 1053 1349 1108 in
1368 1056 1480 1109 terram
1500 1068 1588 1110 suam
1605 1054 1638 1110 in
1655 1052 1826 1121 Chaldaeos,

123 1149 155 1202 et
168 1144 346 1201 nominatus
357 1143 390 1198 in
403 1142 546 1198 universa
554 1144 644 1197 terra.
654 1138 789 1211 subjecit
801 1137 905 1194 hostes
913 1136 947 1193 in
999 1143 1036 1195 nt
1046 1139 1166 1197 deserta
1177 1144 1257 1198 esset
1271 1141 1481 1199 sanctificatio.
1491 1142 1550 1199 Sed
1563 1142 1712 1214 Ezechiel,
1721 1147 1753 1201 at
1767 1143 1828 1199 Da·

123 1232 314 1303 fortitudine,
321 1235 351 1289 et
358 1246 483 1288 mensus
493 1234 539 1286 est
550 1232 662 1285 terram
669 1228 863 1285 inimicorum
878 1241 945 1282 suc
1000 1227 1061 1285 niel
1075 1233 1215 1301 potentes
1236 1230 1271 1287 in
1294 1229 1499 1300 mirabilibus,
1514 1231 1660 1288 viderunt
1678 1232 1826 1301 visiones,

123 1337 202 1379 rum.
212 1322 248 1379 In
258 1322 366 1378 diebus
379 1321 444 1392 ejus
458 1319 627 1376 exaltatum
638 1320 685 1373 est
699 1330 826 1388 regnum
840 1313 946 1383 Israel,
1000 1320 1031 1372 et
1044 1331 1138 1389 regna
1158 1322 1298 1388 ventura,
1313 1323 1344 1376 et
1356 1319 1506 1376 consolati
1519 1323 1593 1376 sunt
1604 1321 1825 1392 peregrinatio·

123 1415 154 1468 et
167 1411 233 1484 ipse
244 1409 452 1482 magnificavit
464 1406 603 1479 gloriam,
618 1410 648 1463 et
660 1404 778 1461 addidit
792 1408 827 1460 ut
839 1403 946 1476 ampli·
1000 1419 1070 1461 nem
1084 1406 1213 1462 interra
1228 1405 1337 1462 aliena.

124 1502 190 1556 eret
213 1498 330 1555 cultum
354 1497 527 1554 sanctitatis
541 1496 591 1567 (ΙΙ
608 1497 681 1565 Reg.
698 1509 709 1550 1
724 1498 755 1548 et
769 1493 857 1564 seg).
874 1491 948 1548 Post
1035 1493 1110 1550 Post
1124 1509 1222 1551 annos
1237 1496 1434 1568 septuaginta
1444 1496 1599 1553 revocavit
1612 1496 1767 1554 Dominus
1781 1513 1829 1572 po

123 1601 193 1644 eum
205 1586 338 1643 surrexit
352 1585 495 1642 Salomon
516 1583 598 1640 filius
622 1584 688 1655 ejus
709 1584 777 1654 (ΙΙΙ
788 1584 863 1652 lieo.
877 1597 898 1637 1.
916 1585 948 1636 ct
1000 1582 1108 1656 pulum
1124 1584 1262 1639 suumin
1274 1583 1479 1655 Hierusalem,
1493 1588 1525 1642 et
1545 1585 1669 1655 Esdras,
1686 1590 1718 1643 et
1731 1586 1828 1644 Neho-

123 1675 274 1747 eeq.),qui
288 1674 450 1731 aedificavit
464 1670 611 1744 templum
623 1671 766 1740 Domino,
775 1673 805 1726 et
814 1668 948 1726 ostendit
963 1671 1089 1741 Bmiaa
1114 1675 1145 1728 et
1170 1671 1336 1728 Zorohabsl
1364 1672 1592 1731 aedificaverunt
1618 1674 1769 1747 templum
1800 1679 1829 1731 et

123 1764 306 1837 sapientiam
321 1778 409 1819 suam
422 1763 456 1818 in
470 1761 614 1834 operibus
625 1758 776 1816 suisNon
793 1759 875 1814 enim
883 1760 949 1813 erat
1002 1760 1166 1817 civitatem.
1175 1760 1193 1816 J
1195 1775 1265 1817 esus
1275 1760 1415 1818 sacerdos
1422 1776 1555 1833 magnus
1564 1763 1713 1835 populum
1724 1764 1831 1835 guber

124 1853 246 1926 sapiens
266 1851 300 1908 in
320 1855 401 1907 terra
415 1850 495 1907 sicut
507 1849 661 1918 Salomon,
676 1862 767 1921 quem
780 1846 948 1920 repleverat
1002 1849 1089 1905 navit
1101 1849 1134 1905 in
1149 1852 1284 1922 tempore
1298 1864 1364 1919 suo,
1379 1853 1409 1906 et
1423 1850 1547 1922 reliquit
1560 1851 1669 1907 intulis
1680 1852 1829 1911 honorem

122 1942 206 1999 Deus
215 1939 343 1998 scientia
355 1943 385 1996 et
396 1938 563 2008 intellectu,
573 1941 608 1994 ut
618 1937 820 2008 investigaret
833 1935 947 2005 omnia,
1001 1941 1071 2009 post
1090 1951 1122 1993 se
1135 1937 1169 1992 in
1192 1938 1413 2009 generationes.
1429 1937 1487 1994 Sed
1502 1954 1571 1995 cum
1585 1939 1673 1997 turer
1683 1940 1828 2013 indigna·

123 2033 242 2087 etesset
252 2032 404 2086 scrutator
414 2026 601 2084 mirabilium
612 2023 875 2082 secretorumSed
887 2039 949 2097 spe
1001 2026 1096 2082 tionis
1108 2020 1304 2097 advenisset:
1309 2026 1441 2082 surrexit
1461 2026 1651 2085 Mathathias
1671 2045 1742 2088 cnm
1756 2029 1828 2087 nlits

122 2121 183 2177 cies
197 2119 298 2176 carnis
312 2118 429 2190 decepit
443 2131 494 2172 cor
508 2116 584 2189 ejus,
600 2119 631 2172 et
654 2115 769 2171 corruit
782 2112 949 2187 prudentia
1001 2115 1067 2172 suis
1077 2118 1112 2172 ut
1121 2114 1294 2172 detenderet
1305 2115 1402 2186 legem
1412 2115 1548 2187 Domini,
1559 2120 1590 2174 et
1598 2117 1828 2191 praevaluerunt

121 2208 155 2264 in
169 2211 333 2279 conspectu
347 2203 612 2278 pulchritudinum
627 2206 811 2259 exterarum.
821 2202 949 2275 Propter
1000 2204 1060 2261 viri
1073 2205 1235 2275 virtutum,
1248 2208 1284 2262 ut
1298 2217 1360 2261 non
1373 2205 1406 2260 in
1421 2208 1602 2278 perpetuum
1616 2206 1828 2266 dominaretur

122 2294 180 2352 hoc
194 2294 277 2350 Deus
289 2293 380 2350 scidit
393 2307 521 2363 regnum
532 2291 598 2363 ejus
608 2291 641 2346 in
654 2305 750 2347 manu
764 2289 820 2346 tilii
833 2290 908 2362 ejus,
918 2292 948 2345 et
1000 2293 1162 2365 iniqnitas.
1181 2292 1278 2350 ludas
1301 2293 1498 2351 Machabaeus
1520 2298 1618 2353 terror
1631 2296 1826 2354 inimicorum

123 2382 208 2440 dedit
227 2382 305 2438 illud
329 2396 416 2437 servo
431 2395 486 2436 suo
506 2380 669 2438 Jeroboam
680 2379 743 2436 tilio
763 2378 898 2449 Nabath,
913 2381 949 2435 ut
1001 2395 1127 2437 suorum
1147 2382 1280 2440 accinxit
1294 2398 1326 2439 se
1340 2383 1379 2438 ad
1392 2383 1533 2456 praelium
1545 2384 1784 2456 infortitudine,
1799 2390 1829 2443 et

122 2469 333 2544 pravaricatio
348 2472 486 2539 surgeret
497 2469 531 2524 in
542 2467 646 2524 Israel.
659 2468 746 2524 Tunc
758 2469 949 2524 recesserunt
1001 2469 1122 2541 fugavit
1136 2470 1270 2541 agmina,
1285 2475 1316 2527 et
1332 2473 1498 2528 exercitum
1513 2473 1652 2544 gentium
1670 2475 1827 2545 contrivit,

122 2560 225 2617 decem
246 2558 356 2628 tribus,
371 2572 409 2614 ne
433 2561 536 2614 essent
560 2572 629 2613 cum
650 2555 740 2612 domo
764 2555 874 2612 David.
889 2554 949 2611 Sed
1001 2562 1037 2613 ut
1046 2560 1141 2613 staret
1151 2557 1353 2615 Hierusalem.
1364 2560 1829 2621 Posthuncsurrexitlonathas

119 2649 212 2722 judas
222 2649 306 2705 stetit
316 2663 385 2704 cum
397 2646 467 2716 tide,
474 2661 513 2702 ne
520 2648 622 2702 rueret
631 2644 728 2717 gloria
742 2643 945 2700 Hierusalem.
1000 2644 1096 2701 irater
1109 2646 1186 2718 ejus,
1201 2650 1231 2703 et
1246 2646 1331 2716 dedit
1345 2662 1378 2704 se
1390 2648 1526 2721 periculo
1540 2663 1595 2722 pro
1610 2653 1700 2721 gente
1715 2666 1782 2722 sue,
1799 2655 1829 2708 et

120 2737 283 2794 Jeroboam
304 2735 386 2792 filius
399 2735 525 2792 Nabath
549 2735 734 2807 excogitavit
746 2732 897 2790 malitiam
911 2731 948 2788 de
999 2733 1065 2806 ipse
1089 2734 1220 2791 salvavit
1234 2750 1285 2791 eos
1308 2736 1489 2809 intempore
1504 2751 1569 2793 suo.
1586 2737 1659 2795 Post
1680 2738 1763 2796 hunc
1784 2740 1828 2796 Si·

121 2825 211 2882 corde
231 2840 298 2894 suo,
312 2827 346 2880 ut
360 2824 497 2881 firmaret
510 2823 668 2894 impietate
682 2821 828 2878 thronum
844 2835 946 2888 suum,
998 2837 1072 2878 mon
1099 2823 1194 2879 irater
1215 2825 1290 2895 ejus.
1307 2825 1441 2897 suscepit
1464 2825 1638 2898 imperium,
1663 2831 1699 2884 ut
1722 2844 1839 2902 pacem·

122 2916 152 2970 et
166 2914 327 2970 constituit
338 2912 453 2969 vitulos
466 2915 629 2982 aureos,nt
640 2910 769 2982 gloriam
779 2908 899 2966 tolleret
908 2908 947 2964 ab
999 2914 1125 2983 poneret
1139 2912 1171 2967 in
1186 2914 1276 2968 terra.
1292 2912 1350 2970 Sed
1363 2913 1470 2970 fraude
1482 2915 1709 2973 circumventus
1724 2919 1826 2990 proxi·

122 3003 226 3060 Israel.
240 3003 287 3059 Ibi
302 3001 409 3059 cecidit
420 3000 525 3069 Israel,
536 3005 566 3057 et
578 2999 725 3073 Ephraim
735 2998 947 3072 precipitatus
964 3015 1123 3086 cruorum
1146 3001 1286 3069 decessit,
1308 3001 1480 3075 exemplum
1494 3004 1620 3062 virtutis
1637 3007 1769 3078 posteris
1783 3022 1827 3063 re·

122 3094 178 3161 est,
194 3095 224 3147 et
246 3090 476 3163 dereliquerunt
498 3089 677 3158 Dominum,
693 3090 723 3144 et
748 3088 891 3143 abierunt
913 3086 948 3142 in
1001 3088 1155 3162 linquens.
1171 3090 1305 3147 loannes
1320 3094 1423 3148 autem
1438 3091 1520 3149 filius
1535 3094 1601 3166 ejus
1614 3094 1663 3150 vir
1676 3094 1829 3166 gloriosus

122 3178 265 3247 nihilum,
278 3182 314 3233 ut
327 3176 500 3234 delerentur
515 3181 635 3232 eterra.
648 3177 735 3232 Tunc
749 3177 948 3232 surrexerunt
1000 3193 1055 3251 pro
1068 3181 1156 3251 patre
1170 3178 1255 3235 stetit
1278 3179 1506 3236 munimentum
1517 3181 1623 3255 populi
1638 3184 1829 3256 temporibus

121 3265 288 3338 propbeta,
304 3269 333 3320 et
355 3265 415 3319 viri
436 3265 631 3333 scrutatores,
644 3266 674 3319 et
696 3263 791 3320 locuti
814 3268 888 3320 sunt
914 3263 947 3319 in
1000 3265 1147 3323 suissed
1160 3266 1216 3323 tilii
1229 3268 1492 3339 prevaricationis
1505 3274 1630 3342 pactum
1650 3272 1829 3330 testamenti

122 3351 948 3427 spiritu,utaverterentindignationem.EtvenitElias
1000 3357 1101 3411 tenere
1115 3354 1290 3425 noluerunt,
1303 3359 1333 3412 et
1346 3355 1414 3413 ideo
1428 3357 1614 3416 translatum
1629 3362 1675 3416 est
1696 3375 1827 3433 regnum

120 3442 283 3501 Tbesbites
308 3442 376 3513 (ΙΙΙ
396 3443 470 3511 Res.
487 3439 565 3508 xvn)
584 3439 732 3496 cohibens
754 3439 890 3512 pluviem
909 3439 947 3496 de
1000 3441 1040 3498 ad
1054 3456 1157 3499 semen
1176 3442 1321 3500 alienum.
1338 3444 1430 3502 Venit
1442 3446 1525 3502 enim
1538 3446 1684 3518 Herodes,
1697 3448 1753 3521 gui
1765 3465 1828 3506 non

120 3531 207 3602 coelo,
216 3536 246 3588 et
260 3545 359 3588 rorem
372 3545 410 3586 ne
422 3528 550 3587 stillaret
560 3543 652 3601 super
665 3531 788 3585 terram.
801 3527 871 3600 Ipse
885 3531 944 3585 tra·
1000 3535 1065 3588 erat
1077 3530 1114 3587 de
1126 3530 1230 3602 Israel,
1247 3536 1276 3589 et
1294 3533 1426 3606 arripuit
1439 3537 1592 3608 sceptrum
1606 3535 1827 3595 dominationis

120 3620 168 3677 xit
180 3620 282 3692 ignem
297 3623 328 3676 et
353 3618 532 3675 descendere
555 3617 627 3674 iecit
648 3617 803 3674 flammam
817 3617 947 3690 desuper
998 3619 1032 3675 in
1045 3618 1205 3692 populum,
1220 3624 1255 3676 ut
1269 3620 1309 3676 ad
1322 3625 1463 3679 exortum
1475 3621 1605 3678 coelestis
1626 3624 1749 3696 imperii
1762 3642 1827 3683 ear·

119 3709 153 3765 in
167 3710 215 3766 tra
228 3709 342 3766 furoris
355 3707 490 3777 Domini,
505 3709 541 3763 ut
559 3706 733 3763 ostenderet
746 3707 892 3763 virtutem
907 3721 945 3762 ex
999 3707 1068 3765 nale
1082 3709 1367 3780 regnumdeficeret,
1382 3714 1412 3768 et
1421 3711 1590 3784 promissus
1604 3712 1756 3769 asseculis
1770 3729 1825 3772 rex

80 3805 82 3810 ’
120 3797 183 3854 alto
198 3798 229 3870 (Ι
234 3800 337 3868 vaes.
349 3797 380 3867 1).
393 3796 553 3869 Propheta
565 3795 641 3852 Baal
652 3799 832 3853 corruerunt
841 3809 944 3853 coram
997 3796 1174 3854 Israelcum
1196 3813 1258 3854 non
1280 3802 1359 3855 esset
1372 3803 1525 3872 sceptrum
1538 3799 1572 3855 in
1585 3798 1678 3871 luda,
1694 3805 1730 3858 ut
1755 3818 1824 3876 pro·

119 3899 166 3954 eo,
189 3887 219 3941 st
239 3884 402 3956 prevaluit
425 3883 509 3940 solus
531 3884 564 3940 in
578 3887 763 3941 testamento
779 3887 896 3954 sancto,
908 3885 944 3940 nt
996 3885 1101 3958 phetia
1112 3886 1300 3959 impleretur,
1315 3889 1464 3945 aeternum
1487 3888 1634 3961 reciperet
1646 3890 1732 3962 quod
1746 3894 1821 3948 tem·

118 3972 205 4029 daret
219 3971 347 4044 gloriam
358 3972 432 4028 Deo.
444 3971 586 4028 Mortuus
598 3973 771 4029 surrexitin
780 3987 869 4044 prece
878 3973 944 4045 ejus
996 3975 1101 4051 porale
1112 3974 1286 4031 transierat.

119 4061 209 4134 quasi
233 4059 388 4117 dormiens
409 4060 587 4130 suscitatus,
603 4064 633 4116 et
654 4061 721 4133 ipse
740 4075 832 4117 curru
853 4061 943 4133 igneo
1032 4063 1068 4119 h.
1084 4062 1120 4119 In
1134 4063 1258 4121 exordio
1271 4078 1455 4135 magnarum
1469 4080 1572 4122 rernm
1587 4067 1626 4124 ab
1642 4067 1761 4139 integro
1774 4083 1823 4142 po·

118 4153 225 4224 raptus
238 4149 272 4206 in
286 4150 400 4207 aethera
412 4163 474 4205 non
485 4149 571 4204 visus
585 4151 632 4205 est
645 4149 685 4205 ab
706 4148 884 4205 hominibus
898 4149 944 4206 ul·
996 4151 1059 4207 tius
1073 4165 1244 4208 sennonem
1257 4153 1389 4210 formare
1401 4153 1558 4224 debemus,
1574 4158 1613 4212 etv
1630 4154 1741 4213 idcirco
1755 4156 1822 4229 pla-

117 4243 167 4297 tra
191 4255 282 4313 super
302 4242 416 4296 terram
442 4240 471 4308 (Ι
476 4240 501 4290 V
519 4240 594 4308 Res.
618 4253 652 4294 11.
673 4243 705 4294 et
720 4237 808 4310 seg).
823 4237 942 4294 Eliseus
995 4242 1052 4308 eet,
1067 4242 1102 4296 ut
1117 4240 1205 4313 prius
1232 4255 1279 4310 ea,
1294 4241 1416 4312 quade
1432 4242 1623 4314 superiorum
1649 4247 1822 4316 temporum

116 4333 205 4402 rapta
220 4327 371 4385 chlamide
385 4326 491 4384 divisit
504 4325 680 4397 Jordanem,
693 4330 724 4382 et
748 4327 893 4383 transivit
906 4330 942 4383 ut
996 4342 1126 4384 excursu
1149 4327 1320 4400 adjicienda
1335 4332 1419 4398 sunt,
1435 4327 1634 4402 explicentur,
1649 4334 1686 4387 ut
1704 4331 1738 4387 in
1761 4331 1822 4401 his,

116 4418 212 4471 steret
222 4417 255 4471 in
269 4416 335 4472 loco
350 4415 416 4487 ejus
441 4415 551 4486 spiritu
574 4413 739 4487 duplicato.
756 4415 824 4487 Ipse
837 4415 940 4471 dulces
995 4430 1065 4487 quea
1079 4414 1260 4472 adsalutem
1278 4431 1382 4473 veram
1408 4418 1562 4490 suscipere
1583 4421 1713 4491 oportat,
1728 4419 1822 4476 finem

115 4503 188 4559 iecit
195 4517 302 4574 aquas,
311 4505 341 4557 et
348 4502 450 4557 cibum
458 4503 566 4558 mortis
574 4501 768 4559 condimento
775 4503 939 4574 mitigavit,
993 4502 1153 4560 iaciamus.
1169 4504 1226 4560 Dic
1246 4519 1318 4575 ergo
1346 4520 1429 4562 nunc
1451 4505 1594 4576 breviter,
1608 4522 1686 4579 quas
1710 4507 1820 4575 iubis,

115 4605 262 4648 revocans
276 4593 306 4646 et
320 4589 386 4662 ipse
399 4588 519 4646 animas
533 4592 680 4648 abeuntes
694 4592 727 4647 in
742 4591 940 4648 tabernacula
993 4606 1063 4663 quae
1076 4590 1168 4648 modo
1188 4592 1301 4649 cursim
1321 4592 1470 4663 transisti,
1484 4595 1673 4667 temporibus
1685 4595 1845 4652 mundus·

116 4696 182 4738 sua.
194 4679 327 4751 Agmina
339 4679 436 4735 missa
450 4677 511 4735 elia
521 4681 573 4736 via
586 4680 731 4753 produxit
745 4681 784 4738 ad
798 4696 938 4754 conspec·
992 4678 1025 4735 iu
1039 4680 1105 4735 suis
1116 4681 1331 4736 concussiones
1344 4684 1375 4736 et
1398 4681 1613 4737 fluctuationes
1636 4696 1749 4754 passus
1769 4685 1819 4740 sit.

116 4772 182 4825 tum
196 4768 344 4841 principis
358 4768 573 4826 demonstrans
583 4769 616 4825 in
630 4770 825 4827 mirabilibus
839 4770 939 4828 multi·
992 4767 1059 4824 Hoc
1072 4767 1154 4824 euim
1170 4767 1323 4837 conducit,
1337 4772 1373 4824 ut
1385 4766 1424 4825 ad
1439 4772 1545 4825 nostra
1557 4773 1694 4826 recentes
1706 4771 1820 4828 iterum

113 4857 251 4914 tudinem
264 4872 410 4913 curruum
424 4856 760 4928 ignitorumblichaeas
769 4859 936 4916 Dominum
989 4857 1161 4912 veniamus.
1186 4857 1222 4913 R.
1247 4856 1444 4928 Assyriorum
1468 4872 1607 4928 regnum,
1626 4874 1697 4915 curn
1722 4860 1821 4917 multa

111 4945 190 5002 vidit
201 4945 234 5001 in
249 4943 325 5000 solio
337 4959 404 5013 suo,
418 4946 448 4999 et
461 4958 562 5015 regem
578 4945 680 5018 ipsum
696 4949 873 5002 constanter
888 4962 935 5002 ar·
989 4945 1163 5017 tyrannide,
1176 4949 1208 5002 et
1220 4945 1382 5017 sanguinis
1395 4946 1542 5003 effusione
1553 4947 1705 5004 muudum
1718 4947 1817 5020 longe,

109 5050 218 5108 guens,
234 5048 296 5089 non
316 5032 422 5089 timuit
432 5032 465 5087 in
479 5033 770 5090 comminationibus
782 5036 847 5090 suis
862 5037 934 5107 (Mi-
987 5031 1110 5107 lateque
1125 5034 1337 5106 oppressisset,
1351 5034 1519 5090 novissime
1530 5033 1570 5089 ad
1579 5049 1681 5106 regem
1688 5040 1819 5093 vastato

109 5125 187 5182 choe.
213 5122 246 5195 1).
268 5120 363 5178 Jonas
389 5126 455 5177 ceto
484 5122 647 5195 absorptus
670 5122 744 5179 item
772 5122 805 5178 in
820 5123 933 5180 siccum
988 5136 1053 5178 rem
1064 5123 1113 5178 sni
1122 5121 1300 5180 devolutum
1311 5121 1570 5194 estouigloriem
1580 5122 1818 5195 praecedentium

107 5211 277 5287 projicitur,
295 5212 330 5265 ut
342 5209 464 5266 nuntiet
483 5209 516 5264 in
539 5210 684 5267 mandato
698 5210 847 5267 Ninivitis
862 5211 933 5267 sub·
987 5224 1094 5283 regum
1108 5211 1174 5266 vita
1188 5211 1394 5282 ignominiosa
1417 5211 1594 5280 obfuscans,
1611 5212 1702 5284 quasi
1724 5214 1774 5269 vir
1786 5214 1817 5269 in

106 5302 279 5359 versionem
299 5298 411 5370 (Jonoe.
426 5314 447 5367 1,
464 5297 510 5367 ιι).
535 5299 632 5355 Isaiae
655 5299 805 5372 propheta
825 5298 933 5354 videns
988 5299 1817 5372 feminam(primaecommutationistransversoordine)

107 5391 216 5464 etipse
230 5388 376 5444 thronum
391 5386 509 5442 Excelsi
522 5390 652 5442 ventura
662 5385 815 5458 praedixit,
823 5389 854 5442 et
866 5401 932 5443 con·
986 5388 1114 5458 abierat,
1123 5387 1250 5458 ignavia
1264 5392 1294 5445 et
1307 5387 1498 5461 turpitudine
1508 5389 1664 5444 universis
1678 5389 1814 5447 odiosus.

110 5478 228 5535 solatus
238 5478 284 5533 est
293 5473 486 5531 Hierusalem
498 5473 676 5546 intempore
688 5473 839 5544 angustia
850 5475 928 5546 (Iso.
985 5477 1076 5532 Hunc
1085 5475 1219 5533 mbaces
1227 5476 1710 5549 praefectusMedorumobsidens
1720 5478 1815 5536 vitam

106 5571 165 5622 ret
178 5566 268 5637 reg).
286 5563 345 5620 Sed
356 5565 388 5620 in
403 5562 453 5619 his
468 5561 613 5618 omnibus
636 5576 697 5617 uon
721 5563 795 5618 sunt
818 5563 931 5621 reversi
985 5564 1128 5620 miseram
1156 5562 1377 5620 miserabiliore
1402 5568 1499 5620 morte
1520 5564 1608 5620 finire
1634 5567 1747 5638 coegit,
1773 5580 1814 5623 re·

106 5651 162 5710 tilii
176 5652 273 5710 Israel
283 5668 302 5707 a
315 5652 375 5708 viis
396 5650 471 5721 suis,
486 5655 523 5707 ut
544 5649 678 5707 redirent
697 5651 737 5707 ed
750 5649 928 5710 Dominum.
984 5666 1141 5725 gnumque
1155 5650 1232 5708 illud
1247 5650 1437 5724 (crudelitate
1452 5667 1511 5709 sua
1523 5653 1638 5726 ubique
1651 5653 1815 5726 famosum)

105 5740 165 5800 Sed
181 5741 248 5814 ipse
262 5752 384 5813 qucqm
397 5737 553 5812 Euchios,
566 5738 621 5815 qul
633 5736 752 5814 placare
765 5737 930 5800 videbatur
983 5739 1087 5800 subito
1098 5741 1296 5815 prosternens
1310 5740 1495 5814 potestatem
1504 5741 1539 5800 in
1548 5738 1656 5802 Medos
1662 5741 1812 5805 hauxit.
