3742 6082
514 163 659 224 SUMMA
677 163 1003 229 SENTENTIARUM.
1029 199 1065 215 -
1083 171 1224 231 TRAGT.
1245 171 1296 230 1v.

505 444 925 563 TRACTATUS
977 447 1327 587 QUARTUS.

311 639 365 697 DE
383 637 663 697 SACRAMENTIS
682 640 726 697 IN
744 640 949 700 GENERALI
966 641 1017 697 ΕΤ
1036 643 1089 698 DE
1108 642 1336 700 PRAEeuPTIs
1354 643 1521 702 DIVINIS.

809 892 1023 962 CAPITULA.

63 1014 121 1099 'cin
139 1045 163 1094 1.
190 1042 226 1097 lle
242 1043 422 1096 sacramentis
441 1043 621 1108 ingenerati.
644 1073 673 1084 -
696 1047 756 1099 cnr.
773 1049 810 1099 ll.
835 1048 870 1100 lle
889 1049 1069 1101 sacramentis
1089 1048 1229 1114 legalitas.
1250 1075 1280 1086 -
1304 1049 1365 1100 can.
1387 1051 1430 1102 lll.
1455 1050 1490 1102 lle
1510 1053 1648 1118 preceptis
1671 1052 1768 1118 omma

90 1104 201 1158 tabam.
224 1135 256 1144 -
278 1106 338 1157 Gne.
360 1105 403 1157 1v.
426 1105 462 1157 llo
481 1112 599 1172 quatuor
619 1108 718 1171 minsis
738 1111 876 1175 praemiis
890 1111 1012 1163 secunda
1030 1111 1134 1163 tacete.
1154 1140 1182 1149 -
1199 1112 1262 1162 Gne.
1282 1111 1307 1161 V.
1333 1110 1482 1226 Dcffiainto
1498 1119 1628 1179 precepto
1645 1116 1766 1168 secunda

90 1166 198 1220 tabula.
223 1194 255 1205 -
278 1168 335 1220 dnn.
353 1167 393 1218 Vl.
416 1166 450 1218 lle
465 1170 537 1219 seclo
560 1174 582 1220 ct
604 1169 716 1234 septimo
735 1177 867 1237 precepto
883 1172 1005 1225 secanda
1028 1172 1134 1226 tabula.
1159 1201 1189 1211 -
1213 1173 1274 1225 Gna.
1296 1172 1348 1224 Vll.
1431 1173 1567 1226 dilectione
1591 1176 1722 1240 proximi.
1740 1206 1770 1216 -

91 1231 153 1283 cnr.
171 1231 239 1282 llll.
257 1228 292 1282 be
306 1228 448 1282 dilectione
463 1228 519 1282 Dei.

149 1406 226 1465 Cer.
242 1407 266 1463 I.
282 1410 327 1463 De
341 1410 561 1465 sacramentis
573 1410 609 1464 in
624 1412 784 1480 cenerati.
901 1413 928 1467 A
942 1413 1103 1485 dignitatis
1118 1417 1198 1469 esset
1209 1416 1245 1469 ut
1259 1428 1321 1469 non
1336 1413 1404 1486 ipsa
1419 1414 1478 1469 sibi
1489 1414 1605 1471 bonum
1619 1422 1709 1488 esset,
1719 1420 1771 1476 sed

85 1496 203 1553 Contra
216 1501 340 1569 peecata
353 1501 417 1553 tam
432 1496 594 1568 originalia
621 1514 715 1570 quam
741 1499 884 1570 actualia,
942 1502 974 1558 id
990 1502 1089 1558 solum
1104 1502 1186 1574 quod
1207 1504 1253 1556 est
1275 1517 1430 1557 summum
1454 1502 1569 1558 bonum
1599 1505 1680 1575 (eum
1704 1508 1772 1564 aliis

55 1584 88 1641 de
101 1585 220 1657 quibus
227 1585 293 1656 jam
303 1584 449 1655 diximus,
463 1586 590 1641 inventa
601 1590 675 1642 sunt
686 1592 890 1646 sacramento.
942 1590 1034 1646 rebus
1049 1590 1106 1646 hoo
1119 1590 1202 1662 quod
1215 1593 1289 1645 sunt
1308 1590 1348 1645 sit
1359 1590 1477 1645 bonum
1505 1607 1606 1662 suum,
1632 1597 1667 1649 ut
1678 1595 1773 1669 lapidi

55 1689 120 1730 rum
135 1674 282 1744 remedia,
297 1674 333 1730 de
349 1675 463 1747 quibus
487 1676 552 1731 heac
577 1676 638 1731 tria
665 1677 886 1733 consideranda
942 1678 1049 1749 ligno),
1064 1681 1099 1733 ut
1112 1678 1190 1734 illud
1204 1679 1355 1734 obtineret
1369 1682 1440 1734 ante
1451 1684 1608 1751 peecatum
1616 1698 1677 1738 nen
1691 1684 1774 1741 aliud

56 1767 126 1819 sunt
139 1780 147 1818 z
162 1763 241 1836 quid
266 1765 307 1819 sit
327 1767 564 1834 sacramentum,
579 1780 675 1836 quare
698 1766 888 1835 institutum,
944 1768 1104 1839 oportebat
1117 1767 1777 1838 nisiutdesiderarel‚quiasidesiderareteo.

57 1853 128 1908 etin
144 1851 262 1924 qubus
284 1853 441 1908 consistat.
472 1852 684 1923 Augustinus:
712 1853 889 1909 Sacramen·
944 1855 1322 1926 gnosceretbonumsnum
1337 1870 1422 1923 esse3
1439 1856 1465 1911 si
1478 1858 1774 1918 antemseiretsuum

57 1943 122 1996 tum
137 1944 186 1997 est
197 1955 291 1997 saerae
303 1941 347 1996 rei
370 1941 504 2012 signum.
530 1941 632 1997 Idem:
658 1940 890 1998 Sacramentum
945 1944 1142 2012 essebonum,
1153 1943 1244 1998 sciret
1258 1942 1336 1997 illud
1350 1943 1460 1998 melius
1475 1959 1507 1998 se
1522 1947 1774 2020 esse3quiaquid·

58 2031 100 2084 esi
113 2028 284 2085 invisibilis
299 2029 406 2100 gratiae
420 2029 552 2085 visibilis
566 2030 674 2098 forma,
691 2033 726 2084 ut
747 2030 780 2085 in
796 2046 893 2087 sacra.
945 2031 1193 2104 quidestbonum
1208 2029 1339 2102 alicujus
1353 2030 1775 2106 extraipsummeliuseste03

56 2121 159 2173 mento
174 2116 373 2189 baptismatis
386 2118 538 2188 liguratur
550 2116 667 2174 ablutio
688 2118 815 2174 interior
838 2133 892 2191 per
945 2119 1028 2192 quod
1038 2119 1163 2174 siseiret
1173 2117 1321 2173 meliusse
1334 2133 1409 2187 esse,
1426 2119 1587 2190 subjiceret
1601 2123 1668 2177 seei
1681 2125 1773 2180 ethoc

57 2204 141 2261 illam
177 2206 360 2261 exteriorem
386 2209 416 2261 et
439 2205 603 2261 visibilem.
643 2205 892 2279 Unumquodque
946 2206 1504 2272 desideriohaberetillud.Quietantae
1512 2207 1664 2265 libertatis
1672 2214 1717 2266 est
1727 2228 1774 2268 ra·

59 2295 378 2351 enimsaeramentum
391 2295 457 2366 eJus
471 2295 516 2350 rei
536 2293 780 2350 simulitudinem
803 2295 892 2350 debet
945 2295 1069 2352 tionalis
1082 2298 1203 2363 natura,
1219 2298 1255 2350 ut
1269 2309 1428 2366 nunquam
1442 2295 1541 2367 possit
1554 2295 1671 2353 bonum
1698 2299 1775 2357 illud

58 2382 170 2440 babere
180 2383 572 2454 cujnsestsacramentum.
585 2382 889 2452 UndeAugustinus:
946 2384 1059 2441 habere
1073 2382 1260 2452 nisivolens,
1280 2382 1361 2437 unde
1388 2382 1456 2454 ipsa
1484 2383 1549 2439 sola
1574 2384 1607 2438 in
1626 2386 1776 2456 judicium

57 2470 86 2528 Si
99 2472 185 2528 enim
197 2474 389 2527 sacramente
401 2470 567 2543 quamdam
588 2470 820 2527 similitudinem
843 2486 891 2527 ea·
946 2473 1041 2532 venit.
1052 2471 1111 2528 Sed
1122 2471 1196 2544 quia
1207 2486 1261 2543 per
1271 2471 1446 2542 superbiam
1454 2470 1777 2546 illudbonumamisit,

56 2576 124 2619 rum
138 2576 245 2617 rerum
260 2576 392 2633 quarum
407 2563 599 2617 sacramenta
613 2563 686 2616 sunt
709 2576 771 2616 non
797 2560 891 2616 habe·
945 2578 1000 2636 per
1010 2561 1216 2619 humilitatem
1225 2575 1402 2632 recuperare
1412 2564 1541 2632 oportet.
1553 2559 1611 2617 Sed
1622 2578 1683 2618 non
1697 2563 1780 2620 suifi-

57 2653 133 2720 rent‚
149 2650 278 2706 omnino
293 2653 484 2705 sacramenta
497 2664 560 2705 non
573 2652 695 2720 gesseni.
721 2649 893 2721 Opponilur
947 2652 989 2708 eit
1002 2652 1036 2707 in
1049 2651 1107 2707 hoe
1122 2650 1185 2706 solo
1200 2648 1358 2704 humiliari
1371 2653 1406 2704 ut
1418 2649 1673 2721 subjiciaturDeo
1684 2668 1693 2721 3
1704 2654 1779 2725 quia

57 2739 140 2814 quod
152 2739 300 2812 praedicta
311 2738 455 2794 diffinitio
465 2753 527 2794 noa
544 2737 617 2794 solis
631 2741 783 2810 competat
798 2753 894 2794 sacra·
907 2751 933 2807 Β
948 2743 978 2796 et
991 2741 1049 2796 hoo
1061 2743 1133 2795 ante
1145 2741 1304 2811 peceatum
1316 2736 1457 2806 debebat,
1473 2742 1544 2809 post
1557 2739 1639 2810 quod
1648 2740 1718 2812 plus
1732 2742 1777 2796 ia-

57 2828 182 2897 mentis,
198 2842 268 2883 eum
289 2831 319 2883 et
347 2829 419 2882 ante
443 2827 715 2882 sanctificationem
737 2827 795 2883 hoe
823 2841 891 2882 eon·
947 2844 1013 2886 cere
1028 2830 1156 2900 oportet.
1175 2827 1214 2883 Et
1232 2826 1300 2882 ideo
1322 2828 1395 2881 sunt
1417 2825 1564 2881 instituta
1585 2832 1777 2885 sacramenta

58 2920 253 2990 gruataquae
271 2918 307 2971 ut
321 2915 362 2970 sit
375 2914 507 2971 visibilis
521 2915 621 2970 forma
634 2915 801 2971 invisibilis
826 2929 893 2985 gra·
947 2921 984 2973 ut
998 2932 1060 2972 non
1076 2915 1176 2972 solum
1191 2915 1255 2971 Deo
1271 2913 1481 2986 subjiciamur,
1510 2914 1675 2970 sedetiam
1701 2917 1778 2973 infe·

58 3007 107 3064 tite
118 3022 128 3076 ;
141 3005 230 3078 quia,
243 3003 414 3075 sicutaqua
432 3003 615 3059 auferuntur
631 3004 735 3061 sordes
745 3003 893 3076 eorporis,
950 3005 1024 3061 riori
1052 3008 1182 3073 natura,
1209 3003 1298 3058 utin
1326 3002 1395 3057 istis
1424 3005 1543 3073 quaerat
1574 3002 1666 3058 homo
1697 3004 1778 3060 salu·

58 3095 102 3151 ita
114 3110 173 3168 per
187 3093 320 3164 gratiam
333 3090 437 3147 sordes
451 3090 642 3147 animastis
656 3096 692 3147 ut
707 3091 780 3147 solis
795 3107 894 3147 saera·
949 3097 1011 3150 tem
1037 3092 1090 3148 sed
1113 3107 1176 3147 non
1196 3089 1325 3145 abistis.
1350 3089 1465 3160 Magna
1488 3090 1571 3145 enim
1591 3091 1778 3150 humilitatis

58 3182 175 3241 mentis
189 3184 354 3254 competat,
374 3181 418 3236 sie
438 3179 671 3251 intelligendum
698 3184 760 3236 est:
791 3179 895 3236 Sacra·
950 3181 1110 3251 exhibitio,
1120 3181 1153 3235 in
1167 3179 1236 3235 ielis
1246 3177 1422 3235 visibilibus
1430 3177 1591 3235 ethomine
1601 3180 1734 3237 multum
1746 3182 1780 3238 in

60 3275 203 3330 mentum
213 3274 262 3327 est
270 3268 402 3326 visibilis
419 3269 518 3325 forma
538 3269 703 3324 invisibilis
729 3269 836 3340 gratiae
863 3269 897 3324 in
951 3269 1115 3325 latioribus
1132 3267 1263 3324 salutem
1281 3282 1426 3340 quaerere.
1447 3267 1577 3339 Propter
1590 3269 1779 3325 exercitatio·

61 3375 95 3418 eo
109 3359 245 3428 mnatre,
261 3373 354 3431 quam
369 3356 716 3429 scilieeteonlertipsum
730 3372 900 3413 sacramen·
952 3355 1598 3428 nemsuntinstituta,quiacnmbomon0n
1609 3357 1780 3429 possitesse

63 3452 139 3506 tum.
154 3448 229 3505 Neu
241 3447 324 3503 enim
338 3448 384 3502 est
393 3444 583 3502 solummodo
596 3460 690 3501 sacrae
704 3446 748 3500 rei
760 3445 895 3516 signum,
953 3446 1020 3503 sine
1031 3445 1290 3502 exercitationeut
1301 3443 1623 3500 removereturamala
1635 3446 1780 3502 exercita·

64 3537 115 3595 sed
129 3538 229 3594 etiam
242 3534 383 3592 efficacia.
400 3534 439 3590 Et
454 3533 511 3590 hoe
530 3536 576 3588 est
595 3533 678 3605 quod
699 3533 794 3589 distat
817 3534 899 3599 inter
953 3534 1037 3591 tione
1046 3536 1076 3589 et
1090 3533 1256 3606 superflua,
1272 3535 1459 3588 etexereeret
1467 3547 1498 3587 se
1506 3532 1782 3602 inbona,instituit

63 3629 189 3699 signum
203 3628 235 3682 et
254 3625 501 3691 sacramentum
517 3622 591 3694 quia
605 3621 643 3676 ad
657 3621 715 3677 hoe
729 3624 765 3676 ut
782 3621 823 3676 sit
838 3621 897 3690 sig·
954 3622 1038 3678 Dens
1051 3624 1242 3677 sacramenta
1256 3624 1286 3676 et
1300 3636 1405 3676 eornm
1417 3624 1500 3675 certa
1513 3620 1590 3688 loca,
1621 3624 1657 3676 ut
1681 3622 1714 3676 in
1742 3638 1785 3678 eo·

62 3730 136 3772 unm
150 3730 218 3771 uon
230 3712 316 3769 aliud
330 3711 426 3781 exigit
440 3710 501 3765 nisi
512 3709 633 3765 utillud
648 3709 799 3780 significet
812 3709 900 3780 eujus
956 3709 1043 3766 elesis
1058 3708 1202 3764 audiatur
1216 3709 1312 3763 missa
1326 3711 1356 3763 et
1367 3707 1481 3763 ibidem
1496 3706 1646 3763 sacerdoti
1666 3709 1782 3788 eqnies·

61 3803 247 3877 perhibetur
273 3801 407 3872 signnm,
424 3813 487 3854 non
502 3800 538 3854 ut
550 3797 695 3853 conterat.
723 3797 901 3853 Sacramen·
956 3798 1002 3854 sio
1017 3797 1081 3867 fiat,
1092 3800 1122 3852 et
1137 3796 1259 3852 similia.
1275 3796 1349 3852 Tria
1360 3797 1433 3851 sunt
1456 3810 1567 3866 genera
1592 3796 1784 3854 exercitatio-

62 3895 127 3949 tum
143 3905 221 3947 vero
235 3903 299 3945 non
308 3886 409 3943 solum
423 3884 586 3956 signifieat,
600 3884 653 3939 sed
665 3885 758 3940 etiam
784 3885 905 3977 confert
957 3902 1032 3942 num
1045 3902 1051 3940 :
1065 3900 1163 3941 unum
1182 3885 1221 3940 ad
1247 3884 1477 3940 aedifioationem
1506 3883 1616 3939 auimae
1641 3885 1784 3956 pertinet,

61 3979 136 4037 illud
148 3979 243 4051 cujus
256 3978 304 4032 est
316 3975 438 4045 siguum
448 3972 497 4029 vel
511 3972 704 4043 significatio.
717 3972 834 4028 Iterum
845 3973 906 4046 hoo
959 3973 1126 4030 seeundum
1141 3972 1180 4028 ad
1192 3971 1485 4045 corpusfevendum,
1493 3971 1664 4028 tertiumad
1674 3973 1784 4030 animae

61 4069 214 4136 interest;
229 4065 304 4137 quia
317 4065 441 4134 signum
455 4065 556 4134 potest
570 4076 636 4117 esse
650 4076 704 4134 pro
727 4060 791 4116 sola
805 4061 900 4132 sigui·
959 4061 1199 4118 subversionem.
1219 4060 1357 4118 Primum
1371 4059 1495 4129 indixit,
1511 4060 1646 4116 medium
1666 4076 1786 4118 eonces-

64 4158 185 4213 catione
201 4152 346 4226 quamvis
362 4153 463 4207 eareat
487 4149 698 4219 similitudine,
714 4152 750 4205 ut
768 4149 900 4206 circulus
919 4117 1006 4218 Csit,
1022 4149 1167 4205 ultimum
1181 4149 1350 4221 prohibuit.
1367 4148 1403 4204 In
1419 4147 1518 4204 tribus
1532 4149 1674 4204 consistit
1685 4164 1784 4205 saera·

66 4245 129 4301 vini
139 4260 152 4314 ;
187 4241 244 4298 sed
258 4242 484 4297 sacramentum
497 4253 560 4294 non
584 4237 684 4294 solum
712 4253 750 4292 ex
774 4238 900 4293 institu-
955 4242 1095 4294 mentum
1110 4255 1116 4293 :
1133 4238 1235 4308 rebus,
1248 4238 1348 4306 laetis,
1374 4236 1473 4292 dietis.
1503 4236 1617 4306 Rebus,
1647 4240 1682 4292 ut
1711 4240 1785 4293 sunt

69 4334 152 4389 ione
164 4329 331 4402 signifieat,
344 4327 397 4384 sed
411 4327 504 4382 etiam
517 4341 554 4382 ex
566 4325 768 4382 similitudine
791 4341 900 4399 repree·
957 4342 1048 4399 aqua,
1068 4326 1169 4382 oleum
1184 4329 1214 4381 et
1227 4324 1350 4381 similia.
1364 4325 1478 4394 Factis,
1494 4328 1530 4380 ut
1545 4326 1618 4379 sunt
1646 4324 1784 4380 submer-

70 4424 180 4478 sentat.
197 4418 285 4476 Sicut
308 4417 390 4474 enim
414 4415 480 4487 jam
505 4414 651 4483 diximus,
677 4418 903 4469 sacramentum
957 4415 1013 4484 sio,
1026 4414 1206 4471 insufflatio.
1222 4414 1332 4484 Dictis,
1348 4416 1382 4469 ut
1396 4417 1442 4469 est
1454 4412 1608 4469 invocatio
1616 4412 1785 4469 Trinitaiie.

70 4509 160 4566 debet
171 4504 429 4578 haberealiquam
443 4501 676 4559 similitudinem
686 4501 753 4573 ejus
765 4501 809 4557 rei
816 4502 904 4573 cujus
957 4502 1017 4558 Hic
1029 4506 1131 4575 potest
1142 4503 1238 4574 quaeri
1252 4519 1258 4556 :
1274 4502 1352 4558 Cum
1364 4502 1397 4557 in
1411 4502 1481 4556 istis
1496 4501 1695 4557 sacramentis
1709 4516 1787 4573 prae-

71 4597 183 4655 dicitnr
195 4597 432 4652 sacramentum.
445 4589 608 4647 Sciendum
624 4605 747 4662 qrroque
761 4594 808 4645 est
822 4589 905 4662 quod
958 4592 1046 4664 cipue
1055 4592 1189 4648 hominis
1200 4592 1285 4648 salus
1293 4591 1452 4660 consistat,
1461 4606 1556 4663 qnare
1570 4590 1609 4645 ab
1624 4589 1712 4644 initio
1726 4603 1789 4645 non

71 4677 906 4755 sacramentumappellaturquandoqueinsacraScrip
958 4680 1085 4735 fuerunt
1101 4680 1269 4736 constituta
1288 4683 1324 4736 ut
1339 4680 1378 4735 ab
1403 4679 1492 4734 initio
1514 4681 1594 4734 esset
1619 4692 1789 4733 sacramen·

71 4778 202 4831 iurares
218 4786 305 4827 saera
319 4772 349 4825 et
362 4768 504 4839 mystica,
516 4767 595 4821 siout
611 4769 835 4821 sacramentum
859 4765 905 4820 in·
959 4771 1026 4824 tum
1040 4767 1199 4839 baptismi,
1215 4770 1441 4823 sacramentum
1454 4766 1706 4834 confirmationis
1732 4769 1788 4821 etc.

72 4861 271 4921 carnationis.
292 4857 410 4914 Deinde
434 4854 601 4911 videndum
627 4857 673 4909 est
687 4869 782 4926 quare
806 4869 904 4909 saera·
960 4856 1007 4911 Ad
1022 4856 1104 4927 qnod
1118 4859 1219 4929 potest
1232 4856 1292 4911 diei
1307 4855 1390 4928 quod
1417 4856 1496 4911 sicut
1522 4854 1673 4927 paulatim
1697 4855 1793 4911 erevit

71 4955 177 5008 menta
190 4950 337 5005 instituta
351 4948 434 5002 sunt.
450 4944 611 5001 Tria'sunl
625 4945 748 5015 propter
766 4957 834 5014 quae
847 4944 907 4998 ins·
959 4928 1014 5017 per
1030 4944 1190 5000 intervella
1202 4948 1375 5016 temporum
1386 4942 1640 5015 agnitiotidei,ita
1651 4959 1796 5014 congrue-

71 5040 168 5095 tituta
182 5039 274 5092 sunt:
290 5036 414 5107 prepter
428 5030 640 5099 eruditionem,
648 5029 905 5099 humiliationem,
959 5033 1014 5088 bat
1026 5036 1062 5088 ut
1077 5036 1151 5088 tune
1163 5033 1607 5100 obseuraessentsaerementa;
1618 5032 1708 5088 modo
1719 5031 1793 5104 qnia

73 5125 336 5184 exercitationem.
353 5122 480 5194 Propter
492 5118 694 5175 eruditionem
705 5134 714 5186 3
735 5118 810 5190 quia
837 5134 907 5174 curn
961 5122 1120 5178 veritasin
1133 5121 1232 5178 lucem
1258 5125 1383 5178 venerat
1406 5121 1580 5177 manifesta.
1610 5120 1688 5176 Cum
1712 5120 1793 5174 enim

73 5217 168 5273 horno
184 5218 257 5269 ante
271 5214 429 5285 peecatum
452 5208 579 5264 haberet
599 5207 802 5277 cognitionem
830 5207 907 5263 veri·
963 5210 1153 5266 circumcisio
1169 5215 1199 5267 el
1225 5211 1399 5284 baptismus
1413 5211 1501 5281 signa
1512 5212 1574 5266 sint
1585 5209 1720 5281 ejusdem
1730 5221 1796 5277 gra·

75 5306 150 5360 tatis
166 5308 198 5359 et
212 5306 288 5357 tune
300 5300 366 5355 sine
379 5297 480 5354 medio
494 5299 599 5368 posset
612 5295 712 5351 Deum
723 5295 836 5364 videre,
856 5310 911 5368 per
965 5299 1016 5354 tiae
1029 5298 1116 5354 intus
1131 5314 1149 5353 a
1164 5302 1287 5371 peceato
1301 5298 1472 5366 liberantis,
1488 5296 1683 5353 manifestius
1697 5293 1794 5349 hocin

77 5391 257 5467 superbiam
273 5387 512 5455 exeaeoatueest;
526 5387 599 5440 etut
609 5383 910 5454 adeognitionemre·
964 5387 1148 5459 baptissimo
1156 5388 1348 5458 significatur
1357 5387 1441 5460 quod
1450 5387 1549 5442 abluit
1561 5387 1661 5441 toturn
1674 5396 1794 5454 eorpus,

77 5482 148 5539 (leat
162 5476 338 5536 necessaria
349 5476 423 5530 sunt
436 5473 502 5529 baec
515 5469 652 5528 visibilia
662 5485 716 5543 per
730 5486 798 5542 qnae
813 5471 912 5527 erudi·
967 5492 1060 5548 quam
1075 5477 1108 5532 in
1121 5476 1349 5534 circumsisione
1364 5492 1432 5550 quae
1447 5475 1540 5531 unius
1554 5471 1651 5544 partis
1675 5473 1797 5526 tantum

78 5576 129 5626 tur
143 5582 234 5625 meus
246 5565 286 5622 ad
299 5561 498 5633 intelligenda
509 5557 689 5616 invisibilia.
705 5557 832 5631 Propter
857 5559 913 5615 hu·
967 5564 1143 5637 pelliculam
1158 5566 1326 5622 auferebat.
1341 5565 1450 5638 Itaque
1460 5563 1498 5618 ab
1516 5559 1605 5617 initio
1619 5558 1739 5630 mundi,
1766 5561 1797 5616 et

80 5656 304 5716 miliationem:
319 5651 394 5725 quia
408 5663 478 5707 oum
490 5645 652 5707 rationalis
666 5647 805 5704 creatura
820 5649 915 5706 tanta
968 5651 1003 5710 in
1017 5656 1154 5729 tempore
1168 5654 1320 5715 naturalis
1333 5653 1411 5726 legis
1422 5656 1453 5710 et
1466 5651 1500 5707 in
1519 5653 1654 5721 tempore
1678 5648 1800 5721 scriptae
