3742 6082
132 193 201 248 1055
599 198 769 256 urrunnu
786 197 834 253 Ao
854 191 1007 258 nunonis
1026 191 1141 258 OPERA
1158 189 1371 247 annulum.
1780 192 1832 247 tut

129 315 189 373 hus
202 319 335 373 mentem
351 321 487 391 pascunt.
499 320 596 376 Sedet
611 320 838 377 reuAntioclms
853 320 955 375 ireoo-
978 322 1001 374 A
1014 314 1239 371 messationilrus
1247 315 1378 386 gentium
1387 317 1451 369 erat
1463 313 1635 382 plenumst
1646 316 1835 371 scortantium

133 407 233 464 lensio
244 407 397 464 Persidem
413 409 534 479 reliquit
548 410 694 466 loruinem
702 412 823 479 Lysiam
831 409 959 466 nobilem
1014 422 1080 463 curu
1096 406 1303 462 rireretricibus
1313 404 1498 474 sacratisque
1524 401 1635 458 adibus
1655 404 1799 461 mulieres
1818 421 1838 461 u

131 497 168 552 de
177 498 704 571 yenereregoiisuperneyotiarepta
714 498 922 557 :etmandaoit
934 498 961 552 ei
1013 497 1095 551 ultro
1110 495 1286 565 ingerebant
1302 495 1348 561 (ll
1355 491 1497 548 Mardoi.
1511 490 1562 562 vr).
1576 491 1738 566 Temphun
1763 492 1840 550 luxu·

131 585 383 656 deomnibusqua
396 586 523 659 voulut,
532 587 959 646 etdehabituutibusludrcam
1014 583 1058 639 ria
1071 583 1194 657 plenum
1209 599 1273 638 esse
1285 582 1404 652 dicitur,
1418 581 1492 635 dum
1505 578 1632 635 luxuria
1660 580 1842 651 cogitationi·

131 681 160 732 et
175 676 364 732 Hierusalem
375 677 541 733 utrnitterct
551 679 591 734 ad
605 681 831 747 eoscuercitum
843 678 958 734 adcon·
1014 673 1071 728 hus
1086 672 1274 745 voluptuosis
1286 671 1406 726 animus
1414 669 1588 725 delectatur.
1607 671 1845 729 comessationes

132 763 286 821 tmeudum
301 764 441 820 uirtutem
456 766 561 837 lsrael,
572 773 599 825 et
613 770 757 840 reliquias
769 767 958 824 Hierusalem
1015 763 1125 818 veroin
1137 778 1172 817 eo
1190 762 1284 832 filiunt,
1301 759 1561 816 dumvitiacarnis
1575 759 1709 816 invicem
1726 761 1845 818 mnemia

132 849 162 921 (l
167 850 307 909 diocliae.
323 852 417 924 utilit
429 857 736 927 conpreyauitLysuos
749 857 909 912 electorum
917 853 959 907 oi·
1015 852 1248 909 delectationum
1258 850 1376 907 ferculis
1385 853 1517 906 mentem
1527 854 1668 923 pascunt.
1682 853 1845 908 scortantes

132 942 960 1017 rorumsccayintamillia,etoquitumouinqueinritis,
1015 959 1085 998 oum
1098 941 1305 997 meretricibus
1319 940 1350 996 in
1365 956 1401 995 co
1416 939 1563 1007 habitant,
1578 938 1654 997 dum
1677 941 1763 1013 vitia,
1792 958 1846 998 can

132 1033 159 1087 et
174 1036 320 1086 uenerunt
331 1032 364 1087 in
378 1032 527 1100 ludoearrz,
536 1040 561 1090 et
578 1040 679 1092 costra
688 1038 855 1106 posuerunt
866 1034 897 1087 in
906 1032 960 1087 Be·
1016 1032 1063 1088 nis
1077 1030 1308 1100 cogitationibus
1324 1030 1417 1086 animi
1431 1029 1627 1087 concordant.
1641 1032 1777 1087 Sacratis
1786 1032 1846 1088 ndi

133 1118 251 1175 theron.
267 1120 306 1175 Et
320 1123 523 1180 occurritillis
538 1125 817 1181 luctascmndecern
827 1122 960 1179 millibus
1015 1123 1073 1178 hus
1089 1121 1165 1177 ultro
1181 1137 1212 1176 sc
1225 1120 1365 1176 mulieres
1380 1119 1529 1188 ingerunt,
1555 1119 1631 1176 dum
1654 1120 1800 1178 mollities
1823 1128 1846 1178 ct

133 1208 216 1278 uiris,
230 1215 257 1266 et
273 1212 483 1269 commiserunt
505 1215 659 1284 praelium,
683 1221 709 1271 et
734 1215 903 1271 cecideruut
925 1211 962 1267 de
1018 1211 1226 1268 blandimenta
1240 1209 1339 1266 carnis
1349 1209 1380 1264 in
1395 1213 1511 1264 secreto
1521 1209 1631 1265 mentis
1647 1225 1718 1267 sese
1733 1210 1846 1268 licenter

132 1298 267 1354 cumcitu
280 1300 376 1369 Lysia²
388 1302 629 1374 quinquemillia
645 1305 788 1360 uirorum.
797 1302 902 1358 Videres
911 1315 963 1355 au·
1016 1300 1218 1358 abscondunt.
1236 1299 1333 1355 Altare
1347 1297 1550 1372 profanatum,
1567 1303 1596 1355 et
1609 1298 1739 1372 plenum
1748 1300 1845 1357 illicitis

133 1389 192 1442 tem
206 1386 777 1459 Lysiassuyarnsuorumetludacrum
791 1390 961 1457 arrdacium,
1016 1406 1080 1446 esse
1094 1389 1210 1459 legitur,
1236 1388 1310 1444 dum
1335 1404 1422 1444 mens
1439 1404 1475 1444 ca
1498 1387 1649 1445 desiderat
1663 1393 1695 1447 et
1723 1396 1845 1464 exoptat

134 1474 207 1532 abiit
221 1476 414 1535 Antiochiam
423 1479 451 1550 (l
456 1480 596 1538 Mortuo.
609 1483 658 1553 ru).
677 1481 778 1553 Lysias
799 1479 838 1536 ab
861 1477 962 1535 Antio·
1018 1497 1085 1552 quoe
1101 1478 1130 1534 in
1144 1478 1209 1548 lege
1224 1476 1326 1532 divina
1342 1476 1547 1550 prohibentur.
1569 1479 1663 1534 Portae
1689 1478 1846 1534 combusta

134 1563 192 1621 cho
208 1565 248 1622 ad
255 1564 469 1625 destruendam
480 1570 616 1627 sudeam
627 1574 655 1627 et
667 1569 851 1628 Hierusalem
872 1566 963 1624 mitti·
1016 1569 1126 1640 jacent,
1141 1567 1214 1622 dum
1230 1582 1375 1622 sensuum
1389 1566 1488 1622 aditus
1499 1566 1615 1621 ardenti
1625 1565 1782 1624 desiderio
1795 1584 1846 1624 suc·

135 1655 327 1727 tur,quand0
340 1656 592 1731 spirituslunuriae
608 1658 887 1716 adsuhvcrtondam
896 1673 965 1713 con·
979 1682 1000 1737 B
1020 1657 1112 1727 censi,
1121 1655 1378 1712 ineuntibusvitiis
1387 1655 1774 1728 omninopatent.Virgulta
1787 1674 1845 1713 vero

135 1740 388 1817 fessionispacem
401 1763 419 1804 a
433 1747 556 1806 diabolo
572 1750 746 1806 destinatur.
769 1749 871 1821 Lysias
884 1747 965 1804 onim
1019 1748 1050 1803 in
1063 1743 1144 1802 atriis
1154 1750 1226 1802 nata
1237 1750 1308 1801 siunt
1321 1744 1421 1800 illicita
1436 1744 1595 1813 desideria,
1619 1762 1691 1818 quse
1707 1748 1785 1803 sicut
1796 1747 1845 1803 sir·

136 1847 284 1903 generans
299 1834 518 1908 interpretatur.
536 1839 664 1895 Luxuria
692 1838 841 1911 siquidem
863 1837 965 1910 plures
1021 1835 1103 1906 gulta
1117 1834 1200 1890 nullo
1216 1834 1329 1891 colente
1349 1838 1498 1904 crescunt,
1514 1833 1555 1889 sio
1570 1833 1601 1889 in
1615 1834 1721 1890 animo
1750 1842 1844 1909 sponte

136 1919 215 1977 filios
229 1927 362 1993 generat,
373 1924 446 1995 quia
467 1925 602 1982 diversos
622 1931 722 1984 motus
743 1929 842 1984 carnis
871 1942 907 1981 ex
935 1940 966 1980 se
1022 1939 1144 1992 surgere
1168 1939 1230 1978 non
1259 1922 1408 1979 desinunt.
1438 1922 1634 1995 pastophoria
1658 1923 1773 1993 duuta,
1789 1929 1845 1980 snnt

136 2007 270 2079 quotidie
283 2015 372 2067 creat.
382 2014 420 2068 Et
437 2021 581 2072 veneunt
593 2017 742 2087 audacro,
757 2021 784 2072 ct
807 2021 906 2072 castra
915 2030 967 2084 po·
1022 2012 1129 2069 mentis
1143 2015 1266 2080 secreta,
1280 2011 1319 2067 al)
1334 2011 1520 2083 alienigenis,
1532 2011 1564 2067 id
1579 2016 1633 2079 est,
1654 2028 1674 2069 a
1700 2012 1844 2086 spirin'bus
1870 2019 1871 2031 ¹

136 2101 263 2151 suerunt
280 2097 312 2154 in
320 2099 471 2157 Bethoron
479 2117 491 2159 .·
501 2102 623 2160 veniunt
636 2103 666 2160 in
676 2103 820 2173 Judaeam,
835 2102 909 2159 dum
919 2102 965 2158 in·
1021 2100 1187 2157 immundis
1206 2100 1366 2157 destructa.
1384 2101 1580 2174 Pastophoria
1599 2100 1764 2174 siquidem,
1788 2108 1844 2158 sunt

138 2183 313 2253 gradiuntur
321 2188 704 2250 confessionisterrametin
714 2195 861 2251 Bethoron
869 2197 967 2249 castra
1022 2190 1136 2247 cellulae
1148 2190 1179 2246 in
1193 2190 1305 2246 intimis
1319 2189 1602 2264 gazophylaciorum
1618 2190 1717 2261 lacta,
1730 2196 1784 2248 aut
1795 2192 1843 2247 tha·

137 2278 264 2346 ponunt,
289 2278 362 2349 quia
375 2295 430 2352 per
449 2280 526 2337 uam
542 2286 651 2341 terram
666 2283 872 2352 confessionis,
882 2282 965 2339 inva-
1022 2281 1096 2338 lami
1107 2280 1136 2337 in
1152 2281 1264 2354 quihus
1279 2281 1416 2337 habitant
1431 2279 1613 2354 templorum
1627 2281 1774 2354 praefecti.
1791 2283 1844 2338 Hac

139 2362 224 2420 dunt.
240 2367 386 2424 Bethoron
402 2369 483 2426 enim
492 2372 891 2446 domusirceinterpretatur.
918 2375 967 2428 Est
1022 2372 1112 2441 igitur
1135 2371 1227 2428 Judus
1251 2388 1269 2428 a
1296 2370 1447 2445 predictis
1476 2370 1677 2429 immunditiis
1689 2380 1810 2446 purgat,
1823 2379 1844 2427 et
1870 2384 1871 2452 ,

140 2455 241 2509 autem
249 2455 399 2513 Bethoron
414 2458 559 2530 superior,
574 2460 619 2516 ira
635 2461 848 2534 praelatorum
863 2465 891 2517 et
916 2464 967 2516 Be·
1024 2461 1157 2534 quotidie
1170 2476 1315 2517 renovare
1330 2477 1393 2517 non
1409 2464 1514 2518 cessat.
1870 2462 1871 2487 ³

140 2540 249 2601 theron
259 2543 392 2616 inferior,
408 2546 453 2604 ira
465 2547 887 2623 subditorumouamcunque
897 2550 968 2606 ista·
1025 2553 1091 2607 cur.
1109 2551 1206 2606 XVlll.
1219 2550 1303 2617 Quod
1316 2551 1412 2607 ludos
1428 2550 1580 2607 ordinauit
1595 2551 1688 2622 uiros,
1700 2555 1846 2622 utpuynu·

140 2643 210 2684 rum
222 2630 397 2704 alienigenae
405 2636 571 2707 obtineant,
581 2641 692 2695 terram
700 2638 895 2695 confessionis
912 2642 970 2694 tur·
1060 2646 1127 2696 rent
1142 2641 1285 2697 aduersus
1301 2657 1348 2697 eos
1360 2643 1413 2713 qui
1424 2646 1511 2697 erasit
1525 2641 1556 2696 iu
1572 2655 1651 2710 arce,
1665 2641 1762 2698 donec
1772 2656 1847 2698 suru-

141 2715 226 2776 hant.
250 2721 291 2777 lit
318 2726 630 2784 occurritillisludas
645 2743 712 2785 curn
727 2728 826 2784 decem
835 2727 970 2784 mittitur
1062 2735 1092 2786 ta
1107 2731 1300 2787 mundarent.

142 2809 319 2868 uiris.lndas
327 2813 468 2871 exercitui
477 2815 570 2887 Lysiae
585 2832 655 2875 cum
668 2816 773 2874 decem
782 2817 915 2874 millibus
928 2817 970 2872 vi·
1063 2819 1220 2875 ordinauit
1234 2819 1330 2875 ludas
1346 2820 1436 2879 uiros.
1454 2824 1488 2875 ut
1508 2824 1688 2890 prugnarent
1712 2819 1849 2876 aduersus

142 2896 184 2954 ris
199 2901 336 2971 occurrit,
352 2904 478 2976 quando
498 2906 645 2963 confessio
669 2906 743 2964 fulta
768 2908 874 2964 decem
898 2923 972 2980 prce·
1026 2909 1136 2980 eosqui
1151 2914 1238 2964 erant
1253 2910 1284 2964 in
1297 2923 1376 2976 arce,
1391 2908 1484 2965 dorice
1496 2913 1602 2965 sancta
1618 2909 1819 2965 mundarent
1833 2908 1851 2977 (l

143 2988 330 3063 ceptislegis,
345 2992 469 3051 diversis
478 2994 604 3052 luxurie
614 2997 746 3055 motibus
761 2997 882 3055 viriliter
897 2997 970 3054 resi·
986 3041 1006 3096 C
1026 3000 1105 3054 Mac.
1121 2998 1171 3068 iv).
1185 3000 1237 3053 Per
1252 3012 1352 3054 arcem
1367 3013 1541 3071 possumms
1556 2996 1720 3067 intelligere
1751 2997 1849 3054 mentis

142 3076 185 3135 tit.
210 3080 249 3135 lit
278 3085 488 3142 commiserunt
512 3087 666 3156 pralium,
695 3093 723 3144 et
743 3088 913 3144 ceciderunt
933 3088 970 3144 cte
1026 3088 1183 3156 rationem,
1197 3103 1291 3160 quam
1305 3087 1391 3143 toties
1404 3087 1578 3157 alienigena
1597 3086 1768 3159 possident,
1784 3103 1847 3161 quo

134 3171 383 3242 ,exercituLysiar
392 3177 632 3247 quinquemillia
642 3176 890 3234 uirorumludas
901 3193 971 3233 cnm
1026 3180 1080 3235 ties
1095 3178 1166 3235 vitia
1179 3180 1270 3235 menti
1284 3179 1488 3247 dominantur,
1510 3182 1542 3234 ut
1564 3193 1631 3233 eam
1656 3194 1677 3234 a
1700 3178 1847 3236 virtutihus

143 3257 274 3315 exercitu
287 3261 379 3332 Lysiae
392 3264 529 3337 praelium
545 3267 711 3337 committit,
722 3283 791 3323 cum
807 3283 892 3323 mens
903 3267 972 3323 totis
1026 3269 1165 3325 adenem.
1180 3269 1284 3325 Mirum
1297 3273 1342 3324 cst
1356 3273 1458 3325 tamen
1473 3268 1556 3343 quod
1571 3267 1624 3324 lilii
1636 3268 1730 3325 lsrael
1758 3269 1846 3325 lliem·

142 3346 257 3403 viribus
271 3348 395 3406 luxuria
410 3353 596 3411 contradicit.
615 3360 647 3412 Et
662 3356 704 3412 sic
723 3357 761 3413 de
772 3357 903 3414 exercitu
919 3360 972 3430 Ly·
1025 3359 1120 3415 salem
1133 3358 1278 3429 obtinent,
1294 3358 1467 3428 alienigenae
1476 3374 1548 3414 vero
1563 3356 1763 3416 dominantur
1771 3359 1801 3415 in
1811 3373 1844 3413 ar·

143 3432 194 3490 sire
208 3436 342 3510 quinque
356 3439 450 3497 millia
463 3443 657 3514 occumbunt,
672 3446 746 3501 dum
761 3446 894 3518 quinque
908 3462 972 3503 sen·
1025 3465 1068 3516 ce,
1083 3453 1111 3505 et
1123 3448 1153 3503 in
1169 3447 1275 3504 eadem
1284 3451 1461 3521 potestatem
1476 3447 1609 3504 hahent:
1627 3450 1656 3503 et
1669 3447 1844 3521 nisiAposto

143 3541 195 3581 sus
206 3527 339 3601 corporis
352 3529 384 3586 in
397 3546 449 3586 ore
460 3530 552 3602 gladii
564 3534 744 3590 confessioni
758 3536 969 3594 succumbunt.
1023 3536 1071 3592 lus
1087 3536 1260 3609 quaestionis
1276 3536 1392 3592 nodum
1407 3536 1543 3608 solveret,
1559 3535 1711 3592 dubitaret
1735 3536 1843 3592 forsitan

141 3614 225 3674 Videt
235 3623 337 3677 autem
353 3621 455 3694 Lysias
479 3639 604 3680 suorum
617 3623 732 3695 fugam,
748 3629 776 3681 et
797 3624 971 3682 intimorum
1025 3625 1133 3697 aliquis
1145 3624 1272 3696 qualiter
1286 3625 1343 3681 hoc
1354 3624 1418 3681 fieri
1429 3630 1541 3698 posset.
1557 3625 1655 3689 Video,
1669 3624 1768 3700 inquit
1782 3630 1844 3699 Apo

141 3706 398 3779 andaciam,ahiit
423 3712 623 3770 Antiochiam.
654 3714 843 3773 Antiochiam
867 3715 970 3787 Lysias
1027 3715 1131 3782 stolus,
1149 3715 1242 3772 aliam
1257 3716 1391 3785 leyemin
1410 3716 1548 3772 muniris
1574 3716 1657 3786 areu,
1687 3729 1843 3787 repugnas

141 3795 613 3870 abiit,quialuxuriadivitiarum
626 3804 969 3878 abundantiamquuerit.
1028 3811 1084 3862 tem
1100 3806 1370 3875 leyimmtismca,
1391 3811 1417 3861 ct
1434 3807 1634 3876 captivantem
1660 3821 1708 3861 me
1733 3806 1766 3862 in
1794 3806 1843 3876 teor

140 3885 296 3944 Antiochia
310 3889 401 3960 enim,
412 3893 604 3962 paupertatis
613 3895 766 3950 sitentium
794 3894 968 3965 interprete·
1021 3896 1140 3971 peccati
1154 3896 1245 3966 (Rom.
1261 3897 1321 3961 vu).
1339 3898 1411 3951 Ecce
1431 3894 1489 3952 alia
1502 3898 1547 3952 est
1559 3893 1608 3951 lox
1622 3894 1813 3964 inmembris,
1823 3899 1842 3948 et

139 3976 197 4030 tur.
214 3975 257 4031 lbi
271 3983 434 4051 paupertas
448 3980 532 4037 silere
545 3981 664 4052 dicitur,
681 3983 733 4038 ubi
748 3982 859 4038 divitiae
875 3982 970 4039 domi·
1023 3984 1082 4040 alia
1097 3988 1144 4039 est
1155 3984 1203 4039 lex
1216 3984 1334 4039 mentis.
1350 3985 1429 4040 Caro
1442 3984 1522 4040 enim
1545 3986 1730 4055 concupiscit
1752 3984 1842 4040 uduo·-

139 4062 260 4116 nantur.
275 4063 438 4136 Postquam
452 4062 547 4120 ludas
562 4065 690 4122 missum
703 4066 742 4123 ab
755 4067 900 4123 Antiocho
920 4067 967 4122 iu·
1023 4090 1072 4130 sus
1099 4075 1261 4144 spiriteum
1289 4075 1415 4143 spiritus
1434 4079 1533 4131 autem
1559 4074 1706 4131 adamans
1733 4088 1840 4131 carnut

139 4143 220 4213 gavit
234 4145 366 4218 Lysiam,
377 4146 461 4204 etille
474 4148 571 4207 victus
585 4148 659 4206 abiit
670 4150 867 4208 Antiochiam.
882 4152 968 4208 Dicit
1024 4164 1134 4230 (Galat,
1165 4164 1201 4232 v),
1232 4163 1276 4220 Sic
1306 4162 1469 4237 aliquando
1496 4162 1672 4235 alienigena
1699 4160 1867 4221 dominau'

137 4229 283 4288 ludusod
301 4234 415 4302 fratres
429 4249 497 4290 suos
508 4250 520 4292 .·
533 4235 611 4292 Ecce
633 4236 756 4292 contriti
770 4241 839 4291 sunt
853 4237 969 4292 inimici
1023 4257 1070 4308 gur
1083 4253 1112 4308 in
1128 4268 1212 4321 Ἥρω
1227 4258 1255 4309 ey
1267 4253 1353 4309 mum
1368 4253 1458 4310 epam
1470 4253 1508 4310 de
1522 4253 1650 4326 populo,
1677 4253 1729 4326 qm·
1748 4252 1841 4307 adver.
1864 4280 1868 4329 Ι

26 4320 28 4328 “
137 4316 253 4389 nostri;
268 4318 464 4376 ascendamus
487 4336 569 4377 nunc
596 4322 794 4388 mundarem
819 4336 966 4378 renouare
1022 4341 1232 4410 santuryudoe‚
1250 4348 1372 4400 manem
1385 4342 1416 4399 jn
1431 4343 1558 4399 civitate,
1574 4341 1665 4399 gupa
1680 4341 1760 4399 enim
1784 4356 1841 4396 eum
1864 4340 1867 4381 ε

136 4406 253 4457 sancta.
263 4402 548 4461 Etascenderuntin
559 4405 777 4474 montensium
789 4395 1000 4461 etuideruatU
1022 4431 1711 4505 ipsaconsessionejnmenfflsuntquaenooeny,
1720 4437 1843 4490 ettam„
1863 4388 1868 4541 ἰ

1022 4519 1128 4594 expelli
1137 4536 1197 4577 non
1208 4526 1344 4593 possunt.
1354 4522 1442 4579 linita
1452 4522 1541 4578 etiam
1552 4538 1587 4578 ex
1598 4520 1683 4577 mala
1698 4527 1843 4578 consuctu-

1021 4610 1090 4666 dine
1112 4611 1280 4684 procedunt
1298 4627 1366 4684 quse
1390 4609 1497 4667 rationi
1529 4626 1591 4667 non
1616 4609 1776 4681 obediunt,
1803 4608 1866 4667 scd=

1020 4700 1154 4772 quadam
1176 4700 1350 4757 assiduitate
1390 4700 1504 4757 ratione
1539 4699 1675 4757 vincunt.
1716 4701 1866 4785 Similiter}

1019 4789 1166 4858 Ephraim
1180 4790 1397 4858 Clananaum,
1416 4788 1469 4862 qui
1493 4787 1609 4845 habitat
1631 4789 1664 4844 in
1681 4789 1782 4847 Gezer
1795 4804 1839 4846 non

1020 4879 1299 4948 curuliumquequo
1309 4878 1433 4936 Pharao
1442 4879 1640 4948 reeAEyypu
1647 4879 1748 4937 Gazer
1757 4881 1838 4950 capit

137 4484 570 4558 sanctificationemdesertaru,
581 4490 922 4558 etaltareprosauatum
938 4496 966 4550 et

132 4569 240 4636 portas
255 4572 385 4638 exustas,
402 4575 427 4624 et
444 4571 475 4625 in
490 4572 577 4626 atriis
592 4571 728 4640 uirgulta
740 4578 813 4628 nota
833 4574 909 4630 sicut
933 4576 965 4631 in

135 4650 227 4722 saltu,
244 4651 291 4708 oet
304 4652 336 4708 in
349 4653 507 4722 montibus,
524 4661 552 4711 et
563 4656 762 4725 pastophoria
789 4658 906 4714 diruta:
938 4665 966 4715 et

136 4739 288 4798 sciderunt
303 4743 477 4800 uestimenta
491 4759 556 4812 sua,
570 4751 598 4802 et
622 4746 812 4816 plauserunt
833 4748 964 4816 planctu

135 4838 245 4897 magno
258 4825 363 4899 (idid).
375 4826 467 4884 sudas
480 4828 584 4901 fugato
600 4829 695 4902 Lysia,
707 4830 738 4885 id
750 4835 802 4899 est,
814 4832 965 4890 destructa

133 4907 263 4982 luxuria,
275 4914 303 4967 et
317 4912 449 4969 contritis
463 4914 610 4989 hostibus,
631 4916 880 4988 luxuriae,scilicet
892 4934 964 4992 ope·
1176 4968 1181 4978 .
1297 4969 1302 4979 .
1509 4969 1513 4978 .

132 4994 227 5069 ribus,
241 4994 272 5051 in
285 5001 419 5054 montem
435 4999 505 5056 Sion
520 5000 664 5070 ascendit,
681 4998 836 5060 dumvera
851 5002 964 5059 confes·
1018 4972 1045 5024 ⁶²
1057 4982 1120 5023 mm
1134 4968 1205 5035 mm
1217 4983 1278 5023 m
1290 4982 1322 5023 ²⁷²
1334 4968 1429 5024 ‘mem
1444 4969 1526 5024 dedu
1541 4967 1730 5039 1111111111
1745 4987 1752 5040 1
1765 4971 1838 5026 ‘1⁰⁸⁰‘

131 5080 176 5138 sio
190 5095 245 5155 per
255 5079 367 5152 modus
381 5081 525 5140 virtutum
536 5084 677 5142 sublimia
692 5086 808 5158 quierit.
823 5087 963 5144 Ascendit
1016 5055 1440 5128 1111·111111111ω’1111111111111
1454 5075 1460 5124 3
1472 5056 1837 5157 111111111011111111111111111

130 5165 279 5224 mundare
298 5170 412 5238 sancta,
434 5171 626 5226 etrenovare.
644 5171 704 5226 Cor
715 5172 860 5227 inunctum
881 5188 959 5242 crea,
1017 5148 1399 5244 1111111111ζ111111113111111’
1416 5146 1598 5244 1011111111)
1626 5151 1836 5245 1111111111111111·

128 5249 236 5326 inquit,
248 5252 280 5307 in
294 5267 349 5322 me,
364 5253 454 5323 Deus,
467 5255 646 5324 etspiritum
667 5262 781 5312 rectum
801 5258 913 5312 innova
928 5259 959 5312 iu
1017 5236 1090 5291 eum
1106 5250 1131 5288 11
1145 5237 1246 5331 1811111,
1262 5250 1314 5332 11111
1337 5233 1468 5290 111111111ῐὶ
1482 5233 1554 5291 110111
1577 5250 1680 5308 0111111
1696 5237 1836 5331 colligunt.

129 5335 370 5393 viscmyugmeg
381 5337 541 5409 (pyaygyg
558 5339 635 5395 viij
656 5340 782 5408 munda,
801 5340 958 5397 virtutibus
1015 5321 1364 5378 motuscarnrshahrtarc
1376 5338 1438 5380 non
1449 5322 1601 5386 desinunt.
1616 5324 1723 5380 sedeis
1735 5326 1837 5382 subtu-

127 5416 291 5477 lnnovalit
303 5422 715 5491 uideruntsanctificationeru
727 5424 960 5481 deserturasan-
1013 5412 1087 5468 111110
1098 5411 1241 5483 serviunt>
1257 5413 1461 5484 1Ι111111111111111
1478 5412 1835 5485 111111111111111111111110111

126 5504 338 5562 ctificationem
353 5505 502 5563 desertam
518 5507 671 5579 conspicit,
701 5507 754 5579 qui
769 5508 954 5567 sanctitatem
1012 5505 1315 5573 nanturetpuesunt.
1330 5503 1387 5558 Sed
1408 5518 1480 5558 cum
1508 5502 1624 5558 Pharao
1652 5517 1708 5558 rex
1731 5500 1834 5576 Egypt

123 5589 232 5646 mentis
248 5606 266 5646 a
283 5593 343 5648 Deo
357 5590 530 5648 derelictam
539 5606 605 5647 esse
617 5592 782 5663 cognoscit.
800 5596 954 5665 Templum
1011 5592 1111 5658 Gazer,
1123 5590 1219 5661 idest,
1233 5591 1367 5647 animam
1382 5590 1539 5648 virtutihus
1554 5594 1751 5650 contructam
1772 5591 1833 5666 capit

123 5673 215 5742 onim,
231 5673 306 5731 sicut
316 5675 348 5734 in
360 5675 469 5733 eodem
482 5674 559 5734 libro
574 5675 691 5752 dicitur,
711 5679 847 5750 luxurio,
859 5685 888 5738 et
903 5696 950 5738 co·
1008 5684 1038 5738 et
1055 5678 1205 5752 dissipat:
1222 5694 1337 5749 omnes,
1351 5679 1404 5754 qni
1417 5678 1492 5736 inea
1502 5678 1654 5755 habitant,
1669 5679 1775 5757 idest,
1790 5681 1832 5742 vir·
