<?xml version="1.0" encoding="UTF-8"?>
<!DOCTYPE html PUBLIC "-//W3C//DTD XHTML 1.0 Transitional//EN"
    "http://www.w3.org/TR/xhtml1/DTD/xhtml1-transitional.dtd">
<html xmlns="http://www.w3.org/1999/xhtml" xml:lang="en" lang="en">
 <head>
  <title>
</title>
<meta http-equiv="Content-Type" content="text/html;charset=utf-8" />
  <meta name='ocr-system' content='tesseract 3.04.00' />
  <meta name='ocr-capabilities' content='ocr_page ocr_carea ocr_par ocr_line ocrx_word'/>
</head>
<body>
  <div class='ocr_page' id='page_1' title='image "./patrologiaecurs05migngoog_0298.png"; bbox 0 0 3742 6082; ppageno 0'>
   <div class='ocr_carea' id='block_1_1' title="bbox 75 236 1782 305">
    <p class='ocr_par' dir='ltr' id='par_1_1' title="bbox 75 236 1782 305">
     <span class='ocr_line' id='line_1_1' title="bbox 75 236 1782 305; baseline 0.005 -11"><span class='ocrx_word' id='word_1_1' title='bbox 75 237 132 295; x_wconf 86' lang='lat'>577</span> <span class='ocrx_word' id='word_1_2' title='bbox 217 236 224 247; x_wconf 97' lang='grc'><strong><em>’</em></strong></span> <span class='ocrx_word' id='word_1_3' title='bbox 562 242 921 302; x_wconf 68' lang='lat' dir='ltr'>sessonensium.</span> <span class='ocrx_word' id='word_1_4' title='bbox 942 242 1051 302; x_wconf 87' lang='lat' dir='ltr'>LIBRI</span> <span class='ocrx_word' id='word_1_5' title='bbox 1068 243 1098 302; x_wconf 91' lang='lat'>11</span> <span class='ocrx_word' id='word_1_6' title='bbox 1120 245 1221 304; x_wconf 79' lang='lat' dir='ltr'>PARS</span> <span class='ocrx_word' id='word_1_7' title='bbox 1238 247 1304 305; x_wconf 85' lang='lat' dir='ltr'>XV.</span> <span class='ocrx_word' id='word_1_8' title='bbox 1728 245 1782 303; x_wconf 83' lang='lat'>578</span> 
     </span>
    </p>
   </div>
   <div class='ocr_carea' id='block_1_2' title="bbox 76 359 1801 1322">
    <p class='ocr_par' dir='ltr' id='par_1_2' title="bbox 76 359 1801 1322">
     <span class='ocr_line' id='line_1_2' title="bbox 77 359 1782 444; baseline 0.006 -31"><span class='ocrx_word' id='word_1_9' title='bbox 77 373 147 414; x_wconf 90' lang='lat' dir='ltr'>rum</span> <span class='ocrx_word' id='word_1_10' title='bbox 164 359 201 415; x_wconf 91' lang='lat' dir='ltr'>ad</span> <span class='ocrx_word' id='word_1_11' title='bbox 215 376 338 432; x_wconf 88' lang='lat' dir='ltr'>posnam</span> <span class='ocrx_word' id='word_1_12' title='bbox 360 364 535 435; x_wconf 81' lang='lat' dir='ltr'>requiritur.</span> <span class='ocrx_word' id='word_1_13' title='bbox 552 367 623 423; x_wconf 87' lang='lat' dir='ltr'>ideo</span> <span class='ocrx_word' id='word_1_14' title='bbox 646 369 814 440; x_wconf 76' lang='lat' dir='ltr'>requiritur</span> <span class='ocrx_word' id='word_1_15' title='bbox 828 369 902 441; x_wconf 88' lang='lat' dir='ltr'>quia</span> <span class='ocrx_word' id='word_1_16' title='bbox 914 369 941 424; x_wconf 82' lang='grc' dir='ltr'><strong>Α</strong></span> <span class='ocrx_word' id='word_1_17' title='bbox 957 385 1026 441; x_wconf 87' lang='lat' dir='ltr'>quse</span> <span class='ocrx_word' id='word_1_18' title='bbox 1035 371 1169 442; x_wconf 84' lang='lat' dir='ltr'>profecto</span> <span class='ocrx_word' id='word_1_19' title='bbox 1179 373 1308 444; x_wconf 89' lang='lat' dir='ltr'>repetita</span> <span class='ocrx_word' id='word_1_20' title='bbox 1316 388 1377 428; x_wconf 90' lang='lat' dir='ltr'>non</span> <span class='ocrx_word' id='word_1_21' title='bbox 1391 373 1511 441; x_wconf 88' lang='lat' dir='ltr'>fuisset,</span> <span class='ocrx_word' id='word_1_22' title='bbox 1521 373 1548 427; x_wconf 85' lang='lat' dir='ltr'>si</span> <span class='ocrx_word' id='word_1_23' title='bbox 1557 371 1646 443; x_wconf 89' lang='lat' dir='ltr'>culpa</span> <span class='ocrx_word' id='word_1_24' title='bbox 1661 385 1782 426; x_wconf 88' lang='lat' dir='ltr'>reversa</span> 
     </span>
     <span class='ocr_line' id='line_1_3' title="bbox 77 447 1779 531; baseline 0.006 -30"><span class='ocrx_word' id='word_1_25' title='bbox 77 447 250 505; x_wconf 79' lang='lat' dir='ltr'>satisfactio</span> <span class='ocrx_word' id='word_1_26' title='bbox 258 450 323 521; x_wconf 88' lang='lat' dir='ltr'>jam</span> <span class='ocrx_word' id='word_1_27' title='bbox 339 466 401 507; x_wconf 92' lang='lat' dir='ltr'>non</span> <span class='ocrx_word' id='word_1_28' title='bbox 414 455 460 508; x_wconf 89' lang='lat' dir='ltr'>est</span> <span class='ocrx_word' id='word_1_29' title='bbox 475 452 588 526; x_wconf 90' lang='lat' dir='ltr'>aliqua,</span> <span class='ocrx_word' id='word_1_30' title='bbox 603 471 671 528; x_wconf 85' lang='lat' dir='ltr'>quae</span> <span class='ocrx_word' id='word_1_31' title='bbox 683 457 721 510; x_wconf 90' lang='lat' dir='ltr'>ad</span> <span class='ocrx_word' id='word_1_32' title='bbox 734 456 902 512; x_wconf 78' lang='lat' dir='ltr'>excusatio·</span> <span class='ocrx_word' id='word_1_33' title='bbox 956 472 1018 512; x_wconf 89' lang='lat' dir='ltr'>non</span> <span class='ocrx_word' id='word_1_34' title='bbox 1031 459 1150 514; x_wconf 87' lang='lat' dir='ltr'>fuisset.</span> <span class='ocrx_word' id='word_1_35' title='bbox 1160 459 1287 525; x_wconf 87' lang='lat' dir='ltr'>Quando</span> <span class='ocrx_word' id='word_1_36' title='bbox 1297 460 1382 515; x_wconf 87' lang='lat' dir='ltr'>venit</span> <span class='ocrx_word' id='word_1_37' title='bbox 1392 459 1491 531; x_wconf 87' lang='lat' dir='ltr'>culpa,</span> <span class='ocrx_word' id='word_1_38' title='bbox 1501 462 1604 515; x_wconf 87' lang='lat' dir='ltr'>secuta</span> <span class='ocrx_word' id='word_1_39' title='bbox 1618 461 1665 513; x_wconf 90' lang='lat' dir='ltr'>est</span> <span class='ocrx_word' id='word_1_40' title='bbox 1678 473 1779 530; x_wconf 87' lang='lat' dir='ltr'>poena.</span> 
     </span>
     <span class='ocr_line' id='line_1_4' title="bbox 76 536 1779 618; baseline 0.005 -28"><span class='ocrx_word' id='word_1_41' title='bbox 76 550 147 590; x_wconf 90' lang='lat' dir='ltr'>nem</span> <span class='ocrx_word' id='word_1_42' title='bbox 168 536 252 593; x_wconf 91' lang='lat' dir='ltr'>illius</span> <span class='ocrx_word' id='word_1_43' title='bbox 274 544 456 611; x_wconf 90' lang='lat' dir='ltr'>opponatur.</span> <span class='ocrx_word' id='word_1_44' title='bbox 476 541 618 606; x_wconf 87' lang='lat' dir='ltr'>Quandiu</span> <span class='ocrx_word' id='word_1_45' title='bbox 646 545 816 600; x_wconf 82' lang='lat' dir='ltr'>satisfactio</span> <span class='ocrx_word' id='word_1_46' title='bbox 836 559 902 616; x_wconf 90' lang='lat' dir='ltr'>per·</span> <span class='ocrx_word' id='word_1_47' title='bbox 956 543 1084 609; x_wconf 83' lang='lat' dir='ltr'>Quando</span> <span class='ocrx_word' id='word_1_48' title='bbox 1099 550 1231 602; x_wconf 90' lang='lat' dir='ltr'>correcta</span> <span class='ocrx_word' id='word_1_49' title='bbox 1255 550 1300 602; x_wconf 86' lang='lat' dir='ltr'>eet</span> <span class='ocrx_word' id='word_1_50' title='bbox 1324 546 1422 618; x_wconf 89' lang='lat' dir='ltr'>culpa,</span> <span class='ocrx_word' id='word_1_51' title='bbox 1440 547 1597 602; x_wconf 87' lang='lat' dir='ltr'>subtracta</span> <span class='ocrx_word' id='word_1_52' title='bbox 1620 549 1666 600; x_wconf 89' lang='lat' dir='ltr'>est</span> <span class='ocrx_word' id='word_1_53' title='bbox 1678 560 1779 616; x_wconf 88' lang='lat' dir='ltr'>poena,</span> 
     </span>
     <span class='ocr_line' id='line_1_5' title="bbox 76 624 1778 707; baseline 0.005 -30"><span class='ocrx_word' id='word_1_54' title='bbox 76 624 201 692; x_wconf 89' lang='lat' dir='ltr'>mansit,</span> <span class='ocrx_word' id='word_1_55' title='bbox 221 629 390 697; x_wconf 83' lang='lat' dir='ltr'>permansit</span> <span class='ocrx_word' id='word_1_56' title='bbox 411 630 550 685; x_wconf 83' lang='lat' dir='ltr'>remissio</span> <span class='ocrx_word' id='word_1_57' title='bbox 572 635 602 687; x_wconf 89' lang='lat' dir='ltr'>et</span> <span class='ocrx_word' id='word_1_58' title='bbox 619 647 682 687; x_wconf 90' lang='lat' dir='ltr'>non</span> <span class='ocrx_word' id='word_1_59' title='bbox 706 632 901 703; x_wconf 84' lang='lat' dir='ltr'>puniebatur,</span> <span class='ocrx_word' id='word_1_60' title='bbox 956 634 1081 707; x_wconf 87' lang='lat' dir='ltr'>quando</span> <span class='ocrx_word' id='word_1_61' title='bbox 1105 650 1227 690; x_wconf 90' lang='lat' dir='ltr'>reversa</span> <span class='ocrx_word' id='word_1_62' title='bbox 1249 637 1294 690; x_wconf 89' lang='lat' dir='ltr'>est</span> <span class='ocrx_word' id='word_1_63' title='bbox 1315 635 1415 706; x_wconf 87' lang='lat' dir='ltr'>culpa,</span> <span class='ocrx_word' id='word_1_64' title='bbox 1431 649 1551 689; x_wconf 86' lang='lat' dir='ltr'>reversa</span> <span class='ocrx_word' id='word_1_65' title='bbox 1567 636 1655 689; x_wconf 89' lang='lat' dir='ltr'>estet</span> <span class='ocrx_word' id='word_1_66' title='bbox 1678 647 1778 704; x_wconf 87' lang='lat' dir='ltr'>poena.</span> 
     </span>
     <span class='ocr_line' id='line_1_6' title="bbox 77 715 1779 791; baseline 0.005 -24"><span class='ocrx_word' id='word_1_67' title='bbox 77 716 242 784; x_wconf 82' lang='lat' dir='ltr'>postquam</span> <span class='ocrx_word' id='word_1_68' title='bbox 256 715 349 770; x_wconf 86' lang='lat' dir='ltr'>semel</span> <span class='ocrx_word' id='word_1_69' title='bbox 359 716 519 773; x_wconf 89' lang='lat' dir='ltr'>dimissum</span> <span class='ocrx_word' id='word_1_70' title='bbox 532 718 788 776; x_wconf 85' lang='lat' dir='ltr'>fuerat.Cessavit</span> <span class='ocrx_word' id='word_1_71' title='bbox 800 727 902 775; x_wconf 90' lang='lat' dir='ltr'>autem</span> <span class='ocrx_word' id='word_1_72' title='bbox 957 722 1060 777; x_wconf 92' lang='lat' dir='ltr'>Unum</span> <span class='ocrx_word' id='word_1_73' title='bbox 1076 727 1181 778; x_wconf 86' lang='lat' dir='ltr'>contra</span> <span class='ocrx_word' id='word_1_74' title='bbox 1194 739 1301 791; x_wconf 89' lang='lat' dir='ltr'>unum,</span> <span class='ocrx_word' id='word_1_75' title='bbox 1313 727 1343 777; x_wconf 91' lang='lat' dir='ltr'>et</span> <span class='ocrx_word' id='word_1_76' title='bbox 1352 723 1412 778; x_wconf 92' lang='lat' dir='ltr'>duo</span> <span class='ocrx_word' id='word_1_77' title='bbox 1421 722 1595 777; x_wconf 88' lang='lat' dir='ltr'>contradno</span> <span class='ocrx_word' id='word_1_78' title='bbox 1608 737 1670 776; x_wconf 93' lang='lat' dir='ltr'>non</span> <span class='ocrx_word' id='word_1_79' title='bbox 1681 734 1779 776; x_wconf 89' lang='lat' dir='ltr'>unum</span> 
     </span>
     <span class='ocr_line' id='line_1_7' title="bbox 79 801 1777 882; baseline 0.004 -27"><span class='ocrx_word' id='word_1_80' title='bbox 79 801 260 872; x_wconf 78' lang='lat' dir='ltr'>satisfactio,</span> <span class='ocrx_word' id='word_1_81' title='bbox 287 806 411 876; x_wconf 90' lang='lat' dir='ltr'>quando</span> <span class='ocrx_word' id='word_1_82' title='bbox 431 808 542 863; x_wconf 89' lang='lat' dir='ltr'>iterata</span> <span class='ocrx_word' id='word_1_83' title='bbox 570 813 615 864; x_wconf 90' lang='lat' dir='ltr'>est</span> <span class='ocrx_word' id='word_1_84' title='bbox 635 809 754 864; x_wconf 81' lang='lat' dir='ltr'>mahtia</span> <span class='ocrx_word' id='word_1_85' title='bbox 778 810 851 882; x_wconf 88' lang='lat' dir='ltr'>quia</span> <span class='ocrx_word' id='word_1_86' title='bbox 874 814 904 865; x_wconf 86' lang='lat' dir='ltr'>et</span> <span class='ocrx_word' id='word_1_87' title='bbox 956 814 1062 866; x_wconf 90' lang='lat' dir='ltr'>contra</span> <span class='ocrx_word' id='word_1_88' title='bbox 1071 810 1271 879; x_wconf 91' lang='lat' dir='ltr'>duo,necduo</span> <span class='ocrx_word' id='word_1_89' title='bbox 1282 810 1638 865; x_wconf 85' lang='lat' dir='ltr'>contraunum.Haecest</span> <span class='ocrx_word' id='word_1_90' title='bbox 1646 807 1777 879; x_wconf 86' lang='lat' dir='ltr'>justitia.</span> 
     </span>
     <span class='ocr_line' id='line_1_8' title="bbox 79 889 1797 969; baseline 0.003 -25"><span class='ocrx_word' id='word_1_91' title='bbox 79 889 137 945; x_wconf 94' lang='lat' dir='ltr'>hoc</span> <span class='ocrx_word' id='word_1_92' title='bbox 151 891 190 945; x_wconf 90' lang='lat' dir='ltr'>ad</span> <span class='ocrx_word' id='word_1_93' title='bbox 214 893 454 951; x_wconf 81' lang='lat' dir='ltr'>satisfactionem</span> <span class='ocrx_word' id='word_1_94' title='bbox 468 897 651 968; x_wconf 87' lang='lat' dir='ltr'>pertinebat,</span> <span class='ocrx_word' id='word_1_95' title='bbox 667 902 702 953; x_wconf 92' lang='lat' dir='ltr'>ut</span> <span class='ocrx_word' id='word_1_96' title='bbox 716 899 798 953; x_wconf 83' lang='lat' dir='ltr'>facta</span> <span class='ocrx_word' id='word_1_97' title='bbox 812 897 901 953; x_wconf 91' lang='lat' dir='ltr'>corri·</span> <span class='ocrx_word' id='word_1_98' title='bbox 956 898 1112 964; x_wconf 86' lang='lat' dir='ltr'>Quantum</span> <span class='ocrx_word' id='word_1_99' title='bbox 1135 898 1270 969; x_wconf 90' lang='lat' dir='ltr'>ponitur,</span> <span class='ocrx_word' id='word_1_100' title='bbox 1295 902 1416 952; x_wconf 89' lang='lat' dir='ltr'>tantum</span> <span class='ocrx_word' id='word_1_101' title='bbox 1439 898 1606 969; x_wconf 84' lang='lat' dir='ltr'>reponitur.</span> <span class='ocrx_word' id='word_1_102' title='bbox 1623 895 1703 960; x_wconf 89' lang='lat' dir='ltr'>Quid</span> <span class='ocrx_word' id='word_1_103' title='bbox 1723 895 1797 950; x_wconf 88' lang='lat' dir='ltr'>tibi-</span> 
     </span>
     <span class='ocr_line' id='line_1_9' title="bbox 79 982 1781 1058; baseline 0.004 -26"><span class='ocrx_word' id='word_1_104' title='bbox 79 982 232 1049; x_wconf 80' lang='lat' dir='ltr'>gerentur,</span> <span class='ocrx_word' id='word_1_105' title='bbox 248 985 278 1036; x_wconf 93' lang='lat' dir='ltr'>et</span> <span class='ocrx_word' id='word_1_106' title='bbox 293 988 426 1038; x_wconf 90' lang='lat' dir='ltr'>correcta</span> <span class='ocrx_word' id='word_1_107' title='bbox 449 1000 510 1040; x_wconf 91' lang='lat' dir='ltr'>non</span> <span class='ocrx_word' id='word_1_108' title='bbox 525 985 718 1041; x_wconf 84' lang='lat' dir='ltr'>iterarentur.</span> <span class='ocrx_word' id='word_1_109' title='bbox 735 985 902 1058; x_wconf 90' lang='lat' dir='ltr'>Postquam</span> <span class='ocrx_word' id='word_1_110' title='bbox 955 983 1093 1041; x_wconf 77' lang='lat' dir='ltr'>videtur?</span> <span class='ocrx_word' id='word_1_111' title='bbox 1106 985 1253 1057; x_wconf 86' lang='lat' dir='ltr'>responde</span> <span class='ocrx_word' id='word_1_112' title='bbox 1266 986 1292 1040; x_wconf 91' lang='lat' dir='ltr'>si</span> <span class='ocrx_word' id='word_1_113' title='bbox 1307 990 1403 1057; x_wconf 90' lang='lat' dir='ltr'>potes.</span> <span class='ocrx_word' id='word_1_114' title='bbox 1419 985 1451 1040; x_wconf 89' lang='lat' dir='ltr'>Si</span> <span class='ocrx_word' id='word_1_115' title='bbox 1474 990 1575 1040; x_wconf 88' lang='lat' dir='ltr'>autem</span> <span class='ocrx_word' id='word_1_116' title='bbox 1599 982 1781 1054; x_wconf 90' lang='lat' dir='ltr'>respondere</span> 
     </span>
     <span class='ocr_line' id='line_1_10' title="bbox 79 1069 1780 1147; baseline 0.001 -25"><span class='ocrx_word' id='word_1_117' title='bbox 79 1080 150 1137; x_wconf 78' lang='lat' dir='ltr'>ergo</span> <span class='ocrx_word' id='word_1_118' title='bbox 163 1069 253 1141; x_wconf 87' lang='lat' dir='ltr'>culpa</span> <span class='ocrx_word' id='word_1_119' title='bbox 263 1069 371 1140; x_wconf 90' lang='lat' dir='ltr'>reddit,</span> <span class='ocrx_word' id='word_1_120' title='bbox 380 1072 444 1143; x_wconf 88' lang='lat' dir='ltr'>jam</span> <span class='ocrx_word' id='word_1_121' title='bbox 456 1074 680 1145; x_wconf 89' lang='lat' dir='ltr'>quodammodo</span> <span class='ocrx_word' id='word_1_122' title='bbox 692 1074 827 1147; x_wconf 88' lang='lat' dir='ltr'>idipsum</span> <span class='ocrx_word' id='word_1_123' title='bbox 839 1090 902 1130; x_wconf 90' lang='lat' dir='ltr'>non</span> <span class='ocrx_word' id='word_1_124' title='bbox 956 1089 1018 1129; x_wconf 91' lang='lat' dir='ltr'>non</span> <span class='ocrx_word' id='word_1_125' title='bbox 1036 1077 1133 1145; x_wconf 91' lang='lat' dir='ltr'>potes,</span> <span class='ocrx_word' id='word_1_126' title='bbox 1156 1072 1218 1128; x_wconf 91' lang='lat' dir='ltr'>noli</span> <span class='ocrx_word' id='word_1_127' title='bbox 1240 1071 1430 1140; x_wconf 89' lang='lat' dir='ltr'>contendere,</span> <span class='ocrx_word' id='word_1_128' title='bbox 1450 1072 1502 1127; x_wconf 88' lang='lat' dir='ltr'>sed</span> <span class='ocrx_word' id='word_1_129' title='bbox 1524 1072 1692 1142; x_wconf 89' lang='lat' dir='ltr'>deprecare.</span> <span class='ocrx_word' id='word_1_130' title='bbox 1710 1069 1780 1124; x_wconf 89' lang='lat' dir='ltr'>Non</span> 
     </span>
     <span class='ocr_line' id='line_1_11' title="bbox 79 1155 1801 1235; baseline 0 -24"><span class='ocrx_word' id='word_1_131' title='bbox 79 1155 149 1225; x_wconf 85' lang='lat' dir='ltr'>init,</span> <span class='ocrx_word' id='word_1_132' title='bbox 161 1158 235 1229; x_wconf 93' lang='lat' dir='ltr'>quia</span> <span class='ocrx_word' id='word_1_133' title='bbox 247 1159 296 1214; x_wconf 87' lang='lat' dir='ltr'>bis</span> <span class='ocrx_word' id='word_1_134' title='bbox 308 1160 342 1214; x_wconf 93' lang='lat' dir='ltr'>in</span> <span class='ocrx_word' id='word_1_135' title='bbox 354 1164 440 1216; x_wconf 90' lang='lat' dir='ltr'>reatu</span> <span class='ocrx_word' id='word_1_136' title='bbox 450 1176 516 1217; x_wconf 88' lang='lat' dir='ltr'>esse</span> <span class='ocrx_word' id='word_1_137' title='bbox 526 1163 782 1235; x_wconf 87' lang='lat' dir='ltr'>coepitpeccatum</span> <span class='ocrx_word' id='word_1_138' title='bbox 793 1178 900 1217; x_wconf 89' lang='lat' dir='ltr'>unum.</span> <span class='ocrx_word' id='word_1_139' title='bbox 956 1160 1013 1215; x_wconf 93' lang='lat' dir='ltr'>tihi</span> <span class='ocrx_word' id='word_1_140' title='bbox 1022 1160 1142 1232; x_wconf 77' lang='lat' dir='ltr'>expedIt</span> <span class='ocrx_word' id='word_1_141' title='bbox 1152 1160 1329 1216; x_wconf 89' lang='lat' dir='ltr'>utintresin</span> <span class='ocrx_word' id='word_1_142' title='bbox 1341 1159 1491 1232; x_wconf 86' lang='lat' dir='ltr'>judicium</span> <span class='ocrx_word' id='word_1_143' title='bbox 1502 1174 1571 1214; x_wconf 91' lang='lat' dir='ltr'>cum</span> <span class='ocrx_word' id='word_1_144' title='bbox 1588 1158 1661 1213; x_wconf 89' lang='lat' dir='ltr'>Deo.</span> <span class='ocrx_word' id='word_1_145' title='bbox 1674 1157 1781 1222; x_wconf 83' lang='lat' dir='ltr'>Quaere</span> <span class='ocrx_word' id='word_1_146' title='bbox 1800 1188 1801 1195; x_wconf 29' lang='grc' dir='ltr'>ι</span> 
     </span>
     <span class='ocr_line' id='line_1_12' title="bbox 77 1241 1764 1322; baseline 0 -24"><span class='ocrx_word' id='word_1_147' title='bbox 77 1241 156 1309; x_wconf 82' lang='lat' dir='ltr'>Quia</span> <span class='ocrx_word' id='word_1_148' title='bbox 168 1248 270 1302; x_wconf 89' lang='lat' dir='ltr'>autem</span> <span class='ocrx_word' id='word_1_149' title='bbox 278 1246 367 1320; x_wconf 88' lang='lat' dir='ltr'>culpa</span> <span class='ocrx_word' id='word_1_150' title='bbox 375 1263 496 1305; x_wconf 87' lang='lat' dir='ltr'>reversa</span> <span class='ocrx_word' id='word_1_151' title='bbox 504 1253 559 1320; x_wconf 86' lang='lat' dir='ltr'>est,</span> <span class='ocrx_word' id='word_1_152' title='bbox 570 1265 692 1306; x_wconf 89' lang='lat' dir='ltr'>reversa</span> <span class='ocrx_word' id='word_1_153' title='bbox 703 1254 748 1307; x_wconf 90' lang='lat' dir='ltr'>est</span> <span class='ocrx_word' id='word_1_154' title='bbox 759 1254 789 1307; x_wconf 90' lang='lat' dir='ltr'>et</span> <span class='ocrx_word' id='word_1_155' title='bbox 799 1265 900 1322; x_wconf 79' lang='lat' dir='ltr'>poena3</span> <span class='ocrx_word' id='word_1_156' title='bbox 956 1262 1027 1318; x_wconf 80' lang='lat' dir='ltr'>ergo</span> <span class='ocrx_word' id='word_1_157' title='bbox 1041 1248 1291 1318; x_wconf 83' lang='lat' dir='ltr'>misericordiam,</span> <span class='ocrx_word' id='word_1_158' title='bbox 1305 1251 1341 1303; x_wconf 92' lang='lat' dir='ltr'>ut</span> <span class='ocrx_word' id='word_1_159' title='bbox 1352 1247 1506 1320; x_wconf 88' lang='lat' dir='ltr'>justitiam</span> <span class='ocrx_word' id='word_1_160' title='bbox 1520 1250 1641 1319; x_wconf 89' lang='lat' dir='ltr'>portare</span> <span class='ocrx_word' id='word_1_161' title='bbox 1655 1244 1764 1316; x_wconf 89' lang='lat' dir='ltr'>possis.</span> 
     </span>
    </p>
   </div>
   <div class='ocr_carea' id='block_1_3' title="bbox 847 1435 1026 1451">
    <p class='ocr_par' dir='ltr' id='par_1_3' title="bbox 847 1435 1026 1451">
     <span class='ocr_line' id='line_1_13' title="bbox 847 1435 1026 1451; baseline 0.006 -5"><span class='ocrx_word' id='word_1_162' title='bbox 847 1435 1026 1451; x_wconf 50' lang='grc' dir='ltr'><strong><em>ψ</em></strong></span> 
     </span>
    </p>
   </div>
   <div class='ocr_carea' id='block_1_4' title="bbox 525 1585 1339 1726">
    <p class='ocr_par' dir='ltr' id='par_1_4' title="bbox 525 1585 1339 1726">
     <span class='ocr_line' id='line_1_14' title="bbox 525 1585 1339 1726; baseline -0.001 -28"><span class='ocrx_word' id='word_1_163' title='bbox 525 1588 704 1702; x_wconf 84' lang='lat' dir='ltr'>PARS</span> <span class='ocrx_word' id='word_1_164' title='bbox 746 1585 1013 1726; x_wconf 84' lang='lat' dir='ltr'>QUINTA</span> <span class='ocrx_word' id='word_1_165' title='bbox 1055 1585 1339 1702; x_wconf 82' lang='lat' dir='ltr'>DECIMA.</span> 
     </span>
    </p>
   </div>
   <div class='ocr_carea' id='block_1_5' title="bbox 646 1801 1207 1861">
    <p class='ocr_par' dir='ltr' id='par_1_5' title="bbox 646 1801 1207 1861">
     <span class='ocr_line' id='line_1_15' title="bbox 646 1801 1207 1861; baseline 0.004 -4"><span class='ocrx_word' id='word_1_166' title='bbox 646 1802 699 1857; x_wconf 86' lang='lat' dir='ltr'>DE</span> <span class='ocrx_word' id='word_1_167' title='bbox 718 1801 921 1860; x_wconf 83' lang='lat' dir='ltr'>UNCTIONE</span> <span class='ocrx_word' id='word_1_168' title='bbox 939 1802 1207 1861; x_wconf 88' lang='lat' dir='ltr'>INFIRMORUM.</span> 
     </span>
    </p>
   </div>
   <div class='ocr_carea' id='block_1_6' title="bbox 71 1956 1844 5649">
    <p class='ocr_par' dir='ltr' id='par_1_6' title="bbox 75 1956 1780 2130">
     <span class='ocr_line' id='line_1_16' title="bbox 75 1956 1775 2041; baseline 0.002 -26"><span class='ocrx_word' id='word_1_169' title='bbox 75 1956 148 2015; x_wconf 75' lang='lat' dir='ltr'>Car.</span> <span class='ocrx_word' id='word_1_170' title='bbox 165 1960 192 2016; x_wconf 94' lang='lat' dir='ltr'>I.</span> <span class='ocrx_word' id='word_1_171' title='bbox 205 1964 250 2017; x_wconf 87' lang='lat' dir='ltr'>De</span> <span class='ocrx_word' id='word_1_172' title='bbox 263 1965 368 2020; x_wconf 77' lang='lat' dir='ltr'>tribus</span> <span class='ocrx_word' id='word_1_173' title='bbox 380 1968 552 2036; x_wconf 64' lang='lat' dir='ltr'>peceribus</span> <span class='ocrx_word' id='word_1_174' title='bbox 567 1970 639 2035; x_wconf 86' lang='lat' dir='ltr'>olei,</span> <span class='ocrx_word' id='word_1_175' title='bbox 655 1974 687 2025; x_wconf 84' lang='lat' dir='ltr'>et</span> <span class='ocrx_word' id='word_1_176' title='bbox 700 1971 895 2025; x_wconf 71' lang='lat' dir='ltr'>eccellentia</span> <span class='ocrx_word' id='word_1_177' title='bbox 909 1966 935 2023; x_wconf 93' lang='lat' dir='ltr'>B</span> <span class='ocrx_word' id='word_1_178' title='bbox 948 1970 1063 2025; x_wconf 89' lang='lat' dir='ltr'>tionem</span> <span class='ocrx_word' id='word_1_179' title='bbox 1084 1970 1212 2026; x_wconf 86' lang='lat' dir='ltr'>fideliter</span> <span class='ocrx_word' id='word_1_180' title='bbox 1232 1974 1263 2026; x_wconf 89' lang='lat' dir='ltr'>et</span> <span class='ocrx_word' id='word_1_181' title='bbox 1281 1970 1388 2026; x_wconf 92' lang='lat' dir='ltr'>devote</span> <span class='ocrx_word' id='word_1_182' title='bbox 1402 1970 1541 2041; x_wconf 89' lang='lat' dir='ltr'>percipit,</span> <span class='ocrx_word' id='word_1_183' title='bbox 1557 1983 1611 2040; x_wconf 89' lang='lat' dir='ltr'>per</span> <span class='ocrx_word' id='word_1_184' title='bbox 1624 1981 1690 2022; x_wconf 89' lang='lat' dir='ltr'>eam</span> <span class='ocrx_word' id='word_1_185' title='bbox 1708 1966 1775 2021; x_wconf 88' lang='lat' dir='ltr'>sine</span> 
     </span>
     <span class='ocr_line' id='line_1_17' title="bbox 389 2055 1780 2130; baseline -0.002 -21"><span class='ocrx_word' id='word_1_186' title='bbox 389 2056 588 2112; x_wconf 78' lang='lat' dir='ltr'>chrismatis.</span> <span class='ocrx_word' id='word_1_187' title='bbox 954 2057 1048 2114; x_wconf 89' lang='lat' dir='ltr'>dubio</span> <span class='ocrx_word' id='word_1_188' title='bbox 1063 2061 1093 2114; x_wconf 92' lang='lat' dir='ltr'>et</span> <span class='ocrx_word' id='word_1_189' title='bbox 1106 2060 1139 2113; x_wconf 94' lang='lat' dir='ltr'>in</span> <span class='ocrx_word' id='word_1_190' title='bbox 1154 2073 1278 2130; x_wconf 91' lang='lat' dir='ltr'>corpore</span> <span class='ocrx_word' id='word_1_191' title='bbox 1292 2061 1323 2114; x_wconf 92' lang='lat' dir='ltr'>et</span> <span class='ocrx_word' id='word_1_192' title='bbox 1345 2059 1377 2113; x_wconf 90' lang='lat' dir='ltr'>in</span> <span class='ocrx_word' id='word_1_193' title='bbox 1394 2058 1498 2112; x_wconf 88' lang='lat' dir='ltr'>anima</span> <span class='ocrx_word' id='word_1_194' title='bbox 1519 2055 1733 2111; x_wconf 86' lang='lat' dir='ltr'>allevationem</span> <span class='ocrx_word' id='word_1_195' title='bbox 1749 2055 1780 2107; x_wconf 91' lang='lat' dir='ltr'>et</span> 
     </span>
    </p>

    <p class='ocr_par' dir='ltr' id='par_1_7' title="bbox 73 2135 1844 4768">
     <span class='ocr_line' id='line_1_18' title="bbox 110 2135 1777 2220; baseline 0.002 -29"><span class='ocrx_word' id='word_1_196' title='bbox 110 2135 184 2192; x_wconf 85' lang='lat' dir='ltr'>Tria</span> <span class='ocrx_word' id='word_1_197' title='bbox 191 2143 265 2194; x_wconf 88' lang='lat' dir='ltr'>sunt</span> <span class='ocrx_word' id='word_1_198' title='bbox 272 2156 383 2211; x_wconf 82' lang='lat' dir='ltr'>genera</span> <span class='ocrx_word' id='word_1_199' title='bbox 393 2143 451 2199; x_wconf 90' lang='lat' dir='ltr'>olei</span> <span class='ocrx_word' id='word_1_200' title='bbox 466 2146 574 2201; x_wconf 89' lang='lat' dir='ltr'>sancti.</span> <span class='ocrx_word' id='word_1_201' title='bbox 589 2146 727 2202; x_wconf 89' lang='lat' dir='ltr'>Primum</span> <span class='ocrx_word' id='word_1_202' title='bbox 740 2150 786 2202; x_wconf 89' lang='lat' dir='ltr'>est</span> <span class='ocrx_word' id='word_1_203' title='bbox 800 2145 900 2201; x_wconf 90' lang='lat' dir='ltr'>oleum</span> <span class='ocrx_word' id='word_1_204' title='bbox 955 2147 1193 2203; x_wconf 90' lang='lat' dir='ltr'>consolationem</span> <span class='ocrx_word' id='word_1_205' title='bbox 1208 2148 1341 2220; x_wconf 88' lang='lat' dir='ltr'>accipere</span> <span class='ocrx_word' id='word_1_206' title='bbox 1354 2148 1503 2211; x_wconf 57' lang='lat' dir='ltr'>meretum</span> <span class='ocrx_word' id='word_1_207' title='bbox 1520 2145 1546 2199; x_wconf 87' lang='lat' dir='ltr'>si</span> <span class='ocrx_word' id='word_1_208' title='bbox 1569 2147 1672 2198; x_wconf 90' lang='lat' dir='ltr'>tamen</span> <span class='ocrx_word' id='word_1_209' title='bbox 1687 2155 1777 2211; x_wconf 82' lang='lat' dir='ltr'>expe-</span> 
     </span>
     <span class='ocr_line' id='line_1_19' title="bbox 75 2225 1779 2307; baseline 0.002 -29"><span class='ocrx_word' id='word_1_210' title='bbox 75 2225 240 2281; x_wconf 90' lang='lat' dir='ltr'>unctionis.</span> <span class='ocrx_word' id='word_1_211' title='bbox 255 2227 428 2286; x_wconf 88' lang='lat' dir='ltr'>Secundum</span> <span class='ocrx_word' id='word_1_212' title='bbox 443 2235 489 2288; x_wconf 90' lang='lat' dir='ltr'>est</span> <span class='ocrx_word' id='word_1_213' title='bbox 503 2232 604 2290; x_wconf 90' lang='lat' dir='ltr'>oleum</span> <span class='ocrx_word' id='word_1_214' title='bbox 618 2233 796 2307; x_wconf 90' lang='lat' dir='ltr'>principalis</span> <span class='ocrx_word' id='word_1_215' title='bbox 810 2233 901 2289; x_wconf 80' lang='lat' dir='ltr'>chris</span> <span class='ocrx_word' id='word_1_216' title='bbox 954 2233 1001 2289; x_wconf 91' lang='lat' dir='ltr'>dit</span> <span class='ocrx_word' id='word_1_217' title='bbox 1012 2239 1048 2290; x_wconf 91' lang='lat' dir='ltr'>ut</span> <span class='ocrx_word' id='word_1_218' title='bbox 1060 2235 1093 2289; x_wconf 89' lang='lat' dir='ltr'>in</span> <span class='ocrx_word' id='word_1_219' title='bbox 1107 2237 1238 2306; x_wconf 89' lang='lat' dir='ltr'>utroque</span> <span class='ocrx_word' id='word_1_220' title='bbox 1250 2234 1407 2302; x_wconf 88' lang='lat' dir='ltr'>allevetur,</span> <span class='ocrx_word' id='word_1_221' title='bbox 1418 2233 1539 2305; x_wconf 91' lang='lat' dir='ltr'>quodsi</span> <span class='ocrx_word' id='word_1_222' title='bbox 1551 2233 1629 2286; x_wconf 85' lang='lat' dir='ltr'>forte</span> <span class='ocrx_word' id='word_1_223' title='bbox 1643 2227 1779 2300; x_wconf 90' lang='lat' dir='ltr'>corporis</span> 
     </span>
     <span class='ocr_line' id='line_1_20' title="bbox 75 2312 1777 2394; baseline 0.002 -28"><span class='ocrx_word' id='word_1_224' title='bbox 75 2312 176 2368; x_wconf 88' lang='lat' dir='ltr'>matis.</span> <span class='ocrx_word' id='word_1_225' title='bbox 202 2314 339 2372; x_wconf 91' lang='lat' dir='ltr'>Tertium</span> <span class='ocrx_word' id='word_1_226' title='bbox 363 2322 409 2375; x_wconf 87' lang='lat' dir='ltr'>est</span> <span class='ocrx_word' id='word_1_227' title='bbox 433 2320 543 2391; x_wconf 90' lang='lat' dir='ltr'>oleum,</span> <span class='ocrx_word' id='word_1_228' title='bbox 564 2323 647 2394; x_wconf 91' lang='lat' dir='ltr'>quod</span> <span class='ocrx_word' id='word_1_229' title='bbox 667 2322 780 2377; x_wconf 90' lang='lat' dir='ltr'>dicitur</span> <span class='ocrx_word' id='word_1_230' title='bbox 799 2318 899 2377; x_wconf 85' lang='lat' dir='ltr'>oleum</span> <span class='ocrx_word' id='word_1_231' title='bbox 954 2322 1118 2378; x_wconf 89' lang='lat' dir='ltr'>sanitatem</span> <span class='ocrx_word' id='word_1_232' title='bbox 1129 2325 1159 2377; x_wconf 87' lang='lat' dir='ltr'>et</span> <span class='ocrx_word' id='word_1_233' title='bbox 1173 2322 1379 2378; x_wconf 90' lang='lat' dir='ltr'>valetudinem</span> <span class='ocrx_word' id='word_1_234' title='bbox 1394 2322 1507 2377; x_wconf 89' lang='lat' dir='ltr'>habere</span> <span class='ocrx_word' id='word_1_235' title='bbox 1519 2320 1553 2375; x_wconf 91' lang='lat' dir='ltr'>ili</span> <span class='ocrx_word' id='word_1_236' title='bbox 1569 2334 1630 2374; x_wconf 90' lang='lat' dir='ltr'>non</span> <span class='ocrx_word' id='word_1_237' title='bbox 1644 2315 1777 2388; x_wconf 77' lang='lat' dir='ltr'>expedit,</span> 
     </span>
     <span class='ocr_line' id='line_1_21' title="bbox 74 2399 1778 2483; baseline 0.001 -29"><span class='ocrx_word' id='word_1_238' title='bbox 74 2399 898 2478; x_wconf 81' lang='lat' dir='ltr'>infirmorum.ChrismaGraecedicitur,unctioLatine.</span> <span class='ocrx_word' id='word_1_239' title='bbox 953 2410 1038 2466; x_wconf 88' lang='lat' dir='ltr'>illam</span> <span class='ocrx_word' id='word_1_240' title='bbox 1052 2410 1158 2482; x_wconf 88' lang='lat' dir='ltr'>procul</span> <span class='ocrx_word' id='word_1_241' title='bbox 1171 2411 1264 2467; x_wconf 91' lang='lat' dir='ltr'>dubio</span> <span class='ocrx_word' id='word_1_242' title='bbox 1284 2427 1353 2483; x_wconf 72' lang='lat' dir='ltr'>quas</span> <span class='ocrx_word' id='word_1_243' title='bbox 1376 2414 1423 2466; x_wconf 90' lang='lat' dir='ltr'>est</span> <span class='ocrx_word' id='word_1_244' title='bbox 1445 2410 1556 2465; x_wconf 86' lang='lat' dir='ltr'>animae</span> <span class='ocrx_word' id='word_1_245' title='bbox 1571 2406 1734 2463; x_wconf 89' lang='lat' dir='ltr'>sanitatem</span> <span class='ocrx_word' id='word_1_246' title='bbox 1748 2407 1778 2457; x_wconf 89' lang='lat' dir='ltr'>et</span> 
     </span>
     <span class='ocr_line' id='line_1_22' title="bbox 74 2487 1776 2571; baseline 0.002 -29"><span class='ocrx_word' id='word_1_247' title='bbox 74 2487 113 2542; x_wconf 86' lang='lat' dir='ltr'>Et</span> <span class='ocrx_word' id='word_1_248' title='bbox 128 2491 231 2545; x_wconf 88' lang='lat' dir='ltr'>tamen</span> <span class='ocrx_word' id='word_1_249' title='bbox 246 2506 335 2548; x_wconf 91' lang='lat' dir='ltr'>omne</span> <span class='ocrx_word' id='word_1_250' title='bbox 356 2493 456 2551; x_wconf 91' lang='lat' dir='ltr'>oleum</span> <span class='ocrx_word' id='word_1_251' title='bbox 474 2497 512 2552; x_wconf 88' lang='lat' dir='ltr'>ad</span> <span class='ocrx_word' id='word_1_252' title='bbox 533 2499 709 2553; x_wconf 88' lang='lat' dir='ltr'>unctionem</span> <span class='ocrx_word' id='word_1_253' title='bbox 729 2498 899 2553; x_wconf 87' lang='lat' dir='ltr'>faciendam</span> <span class='ocrx_word' id='word_1_254' title='bbox 953 2491 1776 2571; x_wconf 84' lang='lat' dir='ltr'>allevationemhujusunctionisperceptioneacquirit.</span> 
     </span>
     <span class='ocr_line' id='line_1_23' title="bbox 74 2577 1776 2658; baseline 0.001 -27"><span class='ocrx_word' id='word_1_255' title='bbox 74 2577 280 2634; x_wconf 85' lang='lat' dir='ltr'>sanctificetur</span> <span class='ocrx_word' id='word_1_256' title='bbox 284 2597 294 2650; x_wconf 78' lang='lat'><em>3</em></span> <span class='ocrx_word' id='word_1_257' title='bbox 310 2597 372 2637; x_wconf 92' lang='lat' dir='ltr'>non</span> <span class='ocrx_word' id='word_1_258' title='bbox 387 2599 476 2639; x_wconf 90' lang='lat' dir='ltr'>omne</span> <span class='ocrx_word' id='word_1_259' title='bbox 499 2585 600 2640; x_wconf 91' lang='lat' dir='ltr'>oleum</span> <span class='ocrx_word' id='word_1_260' title='bbox 612 2586 790 2658; x_wconf 88' lang='lat' dir='ltr'>principalis</span> <span class='ocrx_word' id='word_1_261' title='bbox 804 2586 898 2641; x_wconf 85' lang='lat' dir='ltr'>chris·</span> <span class='ocrx_word' id='word_1_262' title='bbox 954 2587 1089 2644; x_wconf 67' lang='lat' dir='ltr'>canili.</span> <span class='ocrx_word' id='word_1_263' title='bbox 1105 2590 1218 2642; x_wconf 82' lang='lat' dir='ltr'>Utrum</span> <span class='ocrx_word' id='word_1_264' title='bbox 1226 2588 1451 2656; x_wconf 81' lang='lat' dir='ltr'>iterariporsit</span> <span class='ocrx_word' id='word_1_265' title='bbox 1458 2584 1776 2640; x_wconf 80' lang='lat' dir='ltr'>bocsacramentum.</span> 
     </span>
     <span class='ocr_line' id='line_1_24' title="bbox 74 2665 1777 2747; baseline 0.001 -27"><span class='ocrx_word' id='word_1_266' title='bbox 74 2666 167 2721; x_wconf 87' lang='lat' dir='ltr'>matis</span> <span class='ocrx_word' id='word_1_267' title='bbox 188 2672 326 2739; x_wconf 89' lang='lat' dir='ltr'>vocatur,</span> <span class='ocrx_word' id='word_1_268' title='bbox 341 2671 402 2726; x_wconf 90' lang='lat' dir='ltr'>nisi</span> <span class='ocrx_word' id='word_1_269' title='bbox 423 2671 500 2728; x_wconf 90' lang='lat' dir='ltr'>illud</span> <span class='ocrx_word' id='word_1_270' title='bbox 522 2673 621 2730; x_wconf 90' lang='lat' dir='ltr'>solum</span> <span class='ocrx_word' id='word_1_271' title='bbox 640 2688 701 2746; x_wconf 94' lang='lat' dir='ltr'>quo</span> <span class='ocrx_word' id='word_1_272' title='bbox 722 2674 900 2747; x_wconf 86' lang='lat' dir='ltr'>principalis</span> <span class='ocrx_word' id='word_1_273' title='bbox 988 2675 1136 2741; x_wconf 77' lang='lat' dir='ltr'>Quaerunt</span> <span class='ocrx_word' id='word_1_274' title='bbox 1150 2673 1275 2747; x_wconf 88' lang='lat' dir='ltr'>quidam</span> <span class='ocrx_word' id='word_1_275' title='bbox 1290 2689 1330 2728; x_wconf 89' lang='lat' dir='ltr'>an</span> <span class='ocrx_word' id='word_1_276' title='bbox 1349 2673 1452 2729; x_wconf 92' lang='lat' dir='ltr'>unctio</span> <span class='ocrx_word' id='word_1_277' title='bbox 1467 2672 1659 2725; x_wconf 87' lang='lat' dir='ltr'>infirmorum</span> <span class='ocrx_word' id='word_1_278' title='bbox 1673 2665 1777 2722; x_wconf 88' lang='lat' dir='ltr'>iterari</span> 
     </span>
     <span class='ocr_line' id='line_1_25' title="bbox 74 2755 1776 2835; baseline -0.001 -26"><span class='ocrx_word' id='word_1_279' title='bbox 74 2755 179 2811; x_wconf 88' lang='lat' dir='ltr'>unctio</span> <span class='ocrx_word' id='word_1_280' title='bbox 189 2757 354 2827; x_wconf 88' lang='lat' dir='ltr'>perficitur,</span> <span class='ocrx_word' id='word_1_281' title='bbox 363 2760 446 2830; x_wconf 93' lang='lat' dir='ltr'>quod</span> <span class='ocrx_word' id='word_1_282' title='bbox 455 2762 547 2817; x_wconf 89' lang='lat' dir='ltr'>etiam</span> <span class='ocrx_word' id='word_1_283' title='bbox 558 2761 755 2833; x_wconf 69' lang='lat' dir='ltr'>singulariter</span> <span class='ocrx_word' id='word_1_284' title='bbox 766 2763 901 2818; x_wconf 87' lang='lat' dir='ltr'>chrisma</span> <span class='ocrx_word' id='word_1_285' title='bbox 954 2763 1061 2835; x_wconf 77' lang='lat' dir='ltr'>possIt,</span> <span class='ocrx_word' id='word_1_286' title='bbox 1075 2778 1145 2818; x_wconf 94' lang='lat' dir='ltr'>cum</span> <span class='ocrx_word' id='word_1_287' title='bbox 1163 2762 1347 2834; x_wconf 85' lang='lat' dir='ltr'>baptismus,</span> <span class='ocrx_word' id='word_1_288' title='bbox 1363 2759 1553 2816; x_wconf 87' lang='lat' dir='ltr'>confirmatio</span> <span class='ocrx_word' id='word_1_289' title='bbox 1574 2759 1604 2811; x_wconf 91' lang='lat' dir='ltr'>et</span> <span class='ocrx_word' id='word_1_290' title='bbox 1618 2756 1679 2811; x_wconf 90' lang='lat' dir='ltr'>alia</span> <span class='ocrx_word' id='word_1_291' title='bbox 1696 2769 1776 2826; x_wconf 86' lang='lat' dir='ltr'>quae·</span> 
     </span>
     <span class='ocr_line' id='line_1_26' title="bbox 75 2841 1777 2918; baseline -0.001 -21"><span class='ocrx_word' id='word_1_292' title='bbox 75 2844 263 2900; x_wconf 91' lang='lat' dir='ltr'>nominatur.</span> <span class='ocrx_word' id='word_1_293' title='bbox 272 2845 502 2904; x_wconf 89' lang='lat' dir='ltr'>Chrismaenim</span> <span class='ocrx_word' id='word_1_294' title='bbox 513 2850 669 2907; x_wconf 87' lang='lat' dir='ltr'>estoleum</span> <span class='ocrx_word' id='word_1_295' title='bbox 678 2866 748 2906; x_wconf 92' lang='lat' dir='ltr'>cum</span> <span class='ocrx_word' id='word_1_296' title='bbox 761 2850 900 2907; x_wconf 86' lang='lat' dir='ltr'>balsamo</span> <span class='ocrx_word' id='word_1_297' title='bbox 953 2850 1025 2906; x_wconf 91' lang='lat' dir='ltr'>dam</span> <span class='ocrx_word' id='word_1_298' title='bbox 1041 2852 1241 2918; x_wconf 85' lang='lat' dir='ltr'>sacramenta,</span> <span class='ocrx_word' id='word_1_299' title='bbox 1255 2848 1348 2904; x_wconf 86' lang='lat' dir='ltr'>semel</span> <span class='ocrx_word' id='word_1_300' title='bbox 1366 2851 1517 2918; x_wconf 91' lang='lat' dir='ltr'>suscepta,</span> <span class='ocrx_word' id='word_1_301' title='bbox 1531 2845 1632 2901; x_wconf 91' lang='lat' dir='ltr'>denuo</span> <span class='ocrx_word' id='word_1_302' title='bbox 1646 2857 1708 2897; x_wconf 91' lang='lat' dir='ltr'>non</span> <span class='ocrx_word' id='word_1_303' title='bbox 1722 2841 1777 2896; x_wconf 91' lang='lat' dir='ltr'>ite·</span> 
     </span>
     <span class='ocr_line' id='line_1_27' title="bbox 74 2928 1780 3011; baseline -0.001 -27"><span class='ocrx_word' id='word_1_304' title='bbox 74 2931 213 3001; x_wconf 87' lang='lat' dir='ltr'>mistum,</span> <span class='ocrx_word' id='word_1_305' title='bbox 227 2939 462 3006; x_wconf 81' lang='lat' dir='ltr'>quounguutur</span> <span class='ocrx_word' id='word_1_306' title='bbox 486 2939 587 3010; x_wconf 90' lang='lat' dir='ltr'>capita</span> <span class='ocrx_word' id='word_1_307' title='bbox 608 2953 714 3009; x_wconf 79' lang='lat' dir='ltr'>regum</span> <span class='ocrx_word' id='word_1_308' title='bbox 730 2943 759 2994; x_wconf 88' lang='lat' dir='ltr'>et</span> <span class='ocrx_word' id='word_1_309' title='bbox 778 2940 899 3011; x_wconf 87' lang='lat' dir='ltr'>pontiti·</span> <span class='ocrx_word' id='word_1_310' title='bbox 953 2942 1070 2994; x_wconf 90' lang='lat' dir='ltr'>rentur.</span> <span class='ocrx_word' id='word_1_311' title='bbox 1096 2938 1154 2993; x_wconf 89' lang='lat' dir='ltr'>Sed</span> <span class='ocrx_word' id='word_1_312' title='bbox 1177 2937 1253 2992; x_wconf 93' lang='lat' dir='ltr'>mihi</span> <span class='ocrx_word' id='word_1_313' title='bbox 1278 2936 1402 2992; x_wconf 90' lang='lat' dir='ltr'>interim</span> <span class='ocrx_word' id='word_1_314' title='bbox 1427 2935 1506 2989; x_wconf 88' lang='lat' dir='ltr'>ratio</span> <span class='ocrx_word' id='word_1_315' title='bbox 1534 2931 1620 2987; x_wconf 93' lang='lat' dir='ltr'>nulla</span> <span class='ocrx_word' id='word_1_316' title='bbox 1649 2928 1780 2985; x_wconf 89' lang='lat' dir='ltr'>occurrit</span> 
     </span>
     <span class='ocr_line' id='line_1_28' title="bbox 74 3021 1778 3099; baseline 0 -27"><span class='ocrx_word' id='word_1_317' title='bbox 74 3032 143 3073; x_wconf 91' lang='lat' dir='ltr'>cum</span> <span class='ocrx_word' id='word_1_318' title='bbox 161 3035 168 3073; x_wconf 91' lang='lat'>:</span> <span class='ocrx_word' id='word_1_319' title='bbox 185 3034 246 3092; x_wconf 92' lang='lat' dir='ltr'>quo</span> <span class='ocrx_word' id='word_1_320' title='bbox 257 3022 349 3078; x_wconf 89' lang='lat' dir='ltr'>etiam</span> <span class='ocrx_word' id='word_1_321' title='bbox 363 3024 535 3096; x_wconf 88' lang='lat' dir='ltr'>baptizatos</span> <span class='ocrx_word' id='word_1_322' title='bbox 545 3025 685 3082; x_wconf 87' lang='lat' dir='ltr'>sacerdos</span> <span class='ocrx_word' id='word_1_323' title='bbox 695 3026 899 3097; x_wconf 74' lang='lat' dir='ltr'>ungitinver-</span> <span class='ocrx_word' id='word_1_324' title='bbox 954 3041 1049 3099; x_wconf 88' lang='lat' dir='ltr'>quare</span> <span class='ocrx_word' id='word_1_325' title='bbox 1064 3026 1278 3082; x_wconf 89' lang='lat' dir='ltr'>convenienter</span> <span class='ocrx_word' id='word_1_326' title='bbox 1291 3024 1396 3080; x_wconf 88' lang='lat' dir='ltr'>iterari</span> <span class='ocrx_word' id='word_1_327' title='bbox 1410 3039 1472 3079; x_wconf 90' lang='lat' dir='ltr'>non</span> <span class='ocrx_word' id='word_1_328' title='bbox 1489 3022 1586 3095; x_wconf 77' lang='lat' dir='ltr'>possIt</span> <span class='ocrx_word' id='word_1_329' title='bbox 1606 3021 1662 3076; x_wconf 93' lang='lat' dir='ltr'>hoc</span> <span class='ocrx_word' id='word_1_330' title='bbox 1679 3032 1778 3073; x_wconf 90' lang='lat' dir='ltr'>sacra·</span> 
     </span>
     <span class='ocr_line' id='line_1_29' title="bbox 73 3105 1780 3186; baseline -0.001 -25"><span class='ocrx_word' id='word_1_331' title='bbox 73 3105 231 3176; x_wconf 82' lang='lat' dir='ltr'>tice,sicut</span> <span class='ocrx_word' id='word_1_332' title='bbox 241 3109 345 3165; x_wconf 88' lang='lat' dir='ltr'>eodem</span> <span class='ocrx_word' id='word_1_333' title='bbox 354 3113 783 3186; x_wconf 80' lang='lat' dir='ltr'>pontifexperimpositionem</span> <span class='ocrx_word' id='word_1_334' title='bbox 790 3128 901 3170; x_wconf 88' lang='lat' dir='ltr'>manus</span> <span class='ocrx_word' id='word_1_335' title='bbox 953 3118 1101 3169; x_wconf 90' lang='lat' dir='ltr'>mentum.</span> <span class='ocrx_word' id='word_1_336' title='bbox 1117 3113 1176 3178; x_wconf 86' lang='lat' dir='ltr'>Qui</span> <span class='ocrx_word' id='word_1_337' title='bbox 1189 3113 1271 3168; x_wconf 90' lang='lat' dir='ltr'>enim</span> <span class='ocrx_word' id='word_1_338' title='bbox 1284 3112 1461 3184; x_wconf 87' lang='lat' dir='ltr'>baptizatus</span> <span class='ocrx_word' id='word_1_339' title='bbox 1480 3113 1537 3178; x_wconf 90' lang='lat' dir='ltr'>est,</span> <span class='ocrx_word' id='word_1_340' title='bbox 1552 3109 1620 3164; x_wconf 91' lang='lat' dir='ltr'>ideo</span> <span class='ocrx_word' id='word_1_341' title='bbox 1645 3106 1780 3178; x_wconf 87' lang='lat' dir='ltr'>baptiza·</span> 
     </span>
     <span class='ocr_line' id='line_1_30' title="bbox 76 3194 1780 3274; baseline -0.001 -24"><span class='ocrx_word' id='word_1_342' title='bbox 76 3195 302 3253; x_wconf 84' lang='lat' dir='ltr'>confirmandos</span> <span class='ocrx_word' id='word_1_343' title='bbox 314 3200 405 3270; x_wconf 74' lang='lat' dir='ltr'>ungit</span> <span class='ocrx_word' id='word_1_344' title='bbox 418 3200 450 3256; x_wconf 89' lang='lat' dir='ltr'>in</span> <span class='ocrx_word' id='word_1_345' title='bbox 465 3201 575 3257; x_wconf 85' lang='lat' dir='ltr'>fronte.</span> <span class='ocrx_word' id='word_1_346' title='bbox 592 3202 657 3257; x_wconf 89' lang='lat' dir='ltr'>Hoc</span> <span class='ocrx_word' id='word_1_347' title='bbox 680 3202 785 3274; x_wconf 89' lang='lat' dir='ltr'>itaque</span> <span class='ocrx_word' id='word_1_348' title='bbox 800 3201 900 3258; x_wconf 89' lang='lat' dir='ltr'>oleum</span> <span class='ocrx_word' id='word_1_349' title='bbox 955 3207 1005 3258; x_wconf 90' lang='lat' dir='ltr'>tus</span> <span class='ocrx_word' id='word_1_350' title='bbox 1020 3206 1076 3271; x_wconf 89' lang='lat' dir='ltr'>est,</span> <span class='ocrx_word' id='word_1_351' title='bbox 1091 3205 1127 3257; x_wconf 89' lang='lat' dir='ltr'>ut</span> <span class='ocrx_word' id='word_1_352' title='bbox 1139 3201 1326 3257; x_wconf 89' lang='lat' dir='ltr'>christianus</span> <span class='ocrx_word' id='word_1_353' title='bbox 1341 3199 1459 3264; x_wconf 88' lang='lat' dir='ltr'>sit.Qui</span> <span class='ocrx_word' id='word_1_354' title='bbox 1476 3201 1577 3253; x_wconf 89' lang='lat' dir='ltr'>autem</span> <span class='ocrx_word' id='word_1_355' title='bbox 1592 3194 1685 3251; x_wconf 87' lang='lat' dir='ltr'>semel</span> <span class='ocrx_word' id='word_1_356' title='bbox 1701 3194 1780 3249; x_wconf 92' lang='lat' dir='ltr'>chri·</span> 
     </span>
     <span class='ocr_line' id='line_1_31' title="bbox 75 3282 1780 3361; baseline 0 -24"><span class='ocrx_word' id='word_1_357' title='bbox 75 3282 900 3359; x_wconf 86' lang='lat' dir='ltr'>cumbalsamomistum,chrismavocatnr,siveoleum</span> <span class='ocrx_word' id='word_1_358' title='bbox 919 3290 1075 3361; x_wconf 64' lang='lat' dir='ltr'>(gatianus</span> <span class='ocrx_word' id='word_1_359' title='bbox 1096 3291 1197 3345; x_wconf 89' lang='lat' dir='ltr'>factus</span> <span class='ocrx_word' id='word_1_360' title='bbox 1218 3292 1263 3344; x_wconf 88' lang='lat' dir='ltr'>est</span> <span class='ocrx_word' id='word_1_361' title='bbox 1285 3288 1417 3361; x_wconf 89' lang='lat' dir='ltr'>amplius</span> <span class='ocrx_word' id='word_1_362' title='bbox 1441 3285 1629 3343; x_wconf 89' lang='lat' dir='ltr'>christianus</span> <span class='ocrx_word' id='word_1_363' title='bbox 1650 3282 1700 3340; x_wconf 92' lang='lat' dir='ltr'>hic</span> <span class='ocrx_word' id='word_1_364' title='bbox 1714 3297 1780 3339; x_wconf 89' lang='lat' dir='ltr'>esse</span> 
     </span>
     <span class='ocr_line' id='line_1_32' title="bbox 75 3370 1780 3451; baseline 0 -25"><span class='ocrx_word' id='word_1_365' title='bbox 75 3371 254 3447; x_wconf 88' lang='lat' dir='ltr'>principalis</span> <span class='ocrx_word' id='word_1_366' title='bbox 264 3375 427 3432; x_wconf 91' lang='lat' dir='ltr'>unctionis.</span> <span class='ocrx_word' id='word_1_367' title='bbox 442 3377 516 3432; x_wconf 68' lang='lat' dir='ltr'>Haec</span> <span class='ocrx_word' id='word_1_368' title='bbox 525 3378 606 3433; x_wconf 90' lang='lat' dir='ltr'>enim</span> <span class='ocrx_word' id='word_1_369' title='bbox 616 3378 722 3435; x_wconf 86' lang='lat' dir='ltr'>unctio</span> <span class='ocrx_word' id='word_1_370' title='bbox 733 3394 801 3451; x_wconf 86' lang='lat' dir='ltr'>quse</span> <span class='ocrx_word' id='word_1_371' title='bbox 811 3378 904 3435; x_wconf 88' lang='lat' dir='ltr'>chris-</span> <span class='ocrx_word' id='word_1_372' title='bbox 955 3393 1017 3434; x_wconf 92' lang='lat' dir='ltr'>non</span> <span class='ocrx_word' id='word_1_373' title='bbox 1030 3381 1142 3451; x_wconf 89' lang='lat' dir='ltr'>potest,</span> <span class='ocrx_word' id='word_1_374' title='bbox 1156 3378 1248 3433; x_wconf 84' lang='lat' dir='ltr'>etiam</span> <span class='ocrx_word' id='word_1_375' title='bbox 1262 3377 1288 3432; x_wconf 90' lang='lat' dir='ltr'>si</span> <span class='ocrx_word' id='word_1_376' title='bbox 1301 3375 1402 3431; x_wconf 90' lang='lat' dir='ltr'>malus</span> <span class='ocrx_word' id='word_1_377' title='bbox 1416 3375 1485 3443; x_wconf 86' lang='lat' dir='ltr'>flat;</span> <span class='ocrx_word' id='word_1_378' title='bbox 1501 3374 1575 3446; x_wconf 90' lang='lat' dir='ltr'>quia</span> <span class='ocrx_word' id='word_1_379' title='bbox 1594 3375 1624 3428; x_wconf 90' lang='lat' dir='ltr'>et</span> <span class='ocrx_word' id='word_1_380' title='bbox 1641 3370 1780 3428; x_wconf 88' lang='lat' dir='ltr'>christia·</span> 
     </span>
     <span class='ocr_line' id='line_1_33' title="bbox 74 3460 1780 3543; baseline -0.001 -29"><span class='ocrx_word' id='word_1_381' title='bbox 74 3463 157 3515; x_wconf 89' lang='lat' dir='ltr'>mate</span> <span class='ocrx_word' id='word_1_382' title='bbox 178 3460 214 3516; x_wconf 83' lang='lat' dir='ltr'>at</span> <span class='ocrx_word' id='word_1_383' title='bbox 236 3462 414 3543; x_wconf 86' lang='lat' dir='ltr'>principalis</span> <span class='ocrx_word' id='word_1_384' title='bbox 436 3465 541 3520; x_wconf 91' lang='lat' dir='ltr'>unctio</span> <span class='ocrx_word' id='word_1_385' title='bbox 564 3465 688 3536; x_wconf 90' lang='lat' dir='ltr'>dicitur,</span> <span class='ocrx_word' id='word_1_386' title='bbox 709 3467 784 3538; x_wconf 87' lang='lat' dir='ltr'>quia</span> <span class='ocrx_word' id='word_1_387' title='bbox 807 3467 840 3522; x_wconf 90' lang='lat' dir='ltr'>in</span> <span class='ocrx_word' id='word_1_388' title='bbox 867 3481 902 3522; x_wconf 90' lang='lat' dir='ltr'>ea</span> <span class='ocrx_word' id='word_1_389' title='bbox 954 3482 1014 3523; x_wconf 91' lang='lat' dir='ltr'>nus</span> <span class='ocrx_word' id='word_1_390' title='bbox 1035 3467 1137 3523; x_wconf 89' lang='lat' dir='ltr'>malus</span> <span class='ocrx_word' id='word_1_391' title='bbox 1155 3480 1221 3521; x_wconf 91' lang='lat' dir='ltr'>esse</span> <span class='ocrx_word' id='word_1_392' title='bbox 1246 3468 1356 3539; x_wconf 86' lang='lat' dir='ltr'>potest;</span> <span class='ocrx_word' id='word_1_393' title='bbox 1384 3479 1439 3519; x_wconf 91' lang='lat' dir='ltr'>nec</span> <span class='ocrx_word' id='word_1_394' title='bbox 1464 3466 1566 3518; x_wconf 89' lang='lat' dir='ltr'>tamen</span> <span class='ocrx_word' id='word_1_395' title='bbox 1593 3460 1780 3517; x_wconf 87' lang='lat' dir='ltr'>christianus</span> 
     </span>
     <span class='ocr_line' id='line_1_34' title="bbox 74 3546 1778 3628; baseline 0.001 -26"><span class='ocrx_word' id='word_1_396' title='bbox 74 3546 285 3620; x_wconf 82' lang='lat' dir='ltr'>principaliter</span> <span class='ocrx_word' id='word_1_397' title='bbox 305 3551 481 3608; x_wconf 85' lang='lat' dir='ltr'>Paracletus</span> <span class='ocrx_word' id='word_1_398' title='bbox 502 3552 601 3609; x_wconf 90' lang='lat' dir='ltr'>datur.</span> <span class='ocrx_word' id='word_1_399' title='bbox 625 3555 712 3612; x_wconf 86' lang='lat' dir='ltr'>Unda</span> <span class='ocrx_word' id='word_1_400' title='bbox 726 3559 756 3610; x_wconf 90' lang='lat' dir='ltr'>et</span> <span class='ocrx_word' id='word_1_401' title='bbox 777 3559 901 3628; x_wconf 87' lang='lat' dir='ltr'>propter</span> <span class='ocrx_word' id='word_1_402' title='bbox 955 3571 1020 3612; x_wconf 87' lang='lat' dir='ltr'>esse</span> <span class='ocrx_word' id='word_1_403' title='bbox 1035 3555 1157 3624; x_wconf 88' lang='lat' dir='ltr'>desinit,</span> <span class='ocrx_word' id='word_1_404' title='bbox 1174 3556 1265 3609; x_wconf 88' lang='lat' dir='ltr'>etiam</span> <span class='ocrx_word' id='word_1_405' title='bbox 1281 3554 1307 3608; x_wconf 95' lang='lat' dir='ltr'>si</span> <span class='ocrx_word' id='word_1_406' title='bbox 1321 3553 1422 3609; x_wconf 92' lang='lat' dir='ltr'>bonus</span> <span class='ocrx_word' id='word_1_407' title='bbox 1439 3567 1504 3607; x_wconf 90' lang='lat' dir='ltr'>esse</span> <span class='ocrx_word' id='word_1_408' title='bbox 1529 3551 1651 3606; x_wconf 89' lang='lat' dir='ltr'>desinit.</span> <span class='ocrx_word' id='word_1_409' title='bbox 1667 3549 1778 3605; x_wconf 88' lang='lat' dir='ltr'>Praete·</span> 
     </span>
     <span class='ocr_line' id='line_1_35' title="bbox 75 3634 1777 3715; baseline 0.001 -26"><span class='ocrx_word' id='word_1_410' title='bbox 75 3634 298 3693; x_wconf 87' lang='lat' dir='ltr'>abundantiam</span> <span class='ocrx_word' id='word_1_411' title='bbox 313 3640 419 3709; x_wconf 81' lang='lat' dir='ltr'>gratiss</span> <span class='ocrx_word' id='word_1_412' title='bbox 431 3639 508 3696; x_wconf 90' lang='lat' dir='ltr'>duos</span> <span class='ocrx_word' id='word_1_413' title='bbox 520 3640 654 3714; x_wconf 75' lang='lat' dir='ltr'>quuoras</span> <span class='ocrx_word' id='word_1_414' title='bbox 664 3642 773 3699; x_wconf 88' lang='lat' dir='ltr'>mistos</span> <span class='ocrx_word' id='word_1_415' title='bbox 787 3643 898 3699; x_wconf 83' lang='lat' dir='ltr'>habet:</span> <span class='ocrx_word' id='word_1_416' title='bbox 955 3661 1006 3701; x_wconf 88' lang='lat' dir='ltr'>rea</span> <span class='ocrx_word' id='word_1_417' title='bbox 1016 3645 1069 3715; x_wconf 91' lang='lat' dir='ltr'>qni</span> <span class='ocrx_word' id='word_1_418' title='bbox 1076 3642 1168 3700; x_wconf 88' lang='lat' dir='ltr'>semel</span> <span class='ocrx_word' id='word_1_419' title='bbox 1177 3643 1351 3714; x_wconf 85' lang='lat' dir='ltr'>baptizatus</span> <span class='ocrx_word' id='word_1_420' title='bbox 1359 3645 1406 3697; x_wconf 90' lang='lat' dir='ltr'>est</span> <span class='ocrx_word' id='word_1_421' title='bbox 1413 3641 1513 3695; x_wconf 88' lang='lat' dir='ltr'>denuo</span> <span class='ocrx_word' id='word_1_422' title='bbox 1521 3654 1581 3693; x_wconf 92' lang='lat' dir='ltr'>non</span> <span class='ocrx_word' id='word_1_423' title='bbox 1592 3638 1777 3709; x_wconf 89' lang='lat' dir='ltr'>baptizatur,</span> 
     </span>
     <span class='ocr_line' id='line_1_36' title="bbox 75 3721 1780 3802; baseline -0.001 -25"><span class='ocrx_word' id='word_1_424' title='bbox 75 3721 176 3778; x_wconf 90' lang='lat' dir='ltr'>oleum</span> <span class='ocrx_word' id='word_1_425' title='bbox 199 3723 313 3781; x_wconf 87' lang='lat' dir='ltr'>scilicet</span> <span class='ocrx_word' id='word_1_426' title='bbox 324 3729 354 3781; x_wconf 93' lang='lat' dir='ltr'>et</span> <span class='ocrx_word' id='word_1_427' title='bbox 368 3727 550 3783; x_wconf 88' lang='lat' dir='ltr'>balsamum.</span> <span class='ocrx_word' id='word_1_428' title='bbox 568 3727 674 3784; x_wconf 88' lang='lat' dir='ltr'>Oleum</span> <span class='ocrx_word' id='word_1_429' title='bbox 697 3731 901 3802; x_wconf 72' lang='lat' dir='ltr'>conscientia,</span> <span class='ocrx_word' id='word_1_430' title='bbox 955 3732 1089 3787; x_wconf 89' lang='lat' dir='ltr'>etiamsi</span> <span class='ocrx_word' id='word_1_431' title='bbox 1108 3723 1780 3788; x_wconf 86' lang='lat' dir='ltr'>demaloadhonumconvertatur.Quiau·</span> 
     </span>
     <span class='ocr_line' id='line_1_37' title="bbox 74 3810 1777 3892; baseline -0.002 -24"><span class='ocrx_word' id='word_1_432' title='bbox 74 3810 250 3890; x_wconf 83' lang='lat' dir='ltr'>balsamum</span> <span class='ocrx_word' id='word_1_433' title='bbox 264 3814 355 3884; x_wconf 81' lang='lat' dir='ltr'>fanae3</span> <span class='ocrx_word' id='word_1_434' title='bbox 370 3815 471 3872; x_wconf 91' lang='lat' dir='ltr'>oleum</span> <span class='ocrx_word' id='word_1_435' title='bbox 484 3832 545 3889; x_wconf 92' lang='lat' dir='ltr'>quo</span> <span class='ocrx_word' id='word_1_436' title='bbox 560 3817 645 3873; x_wconf 87' lang='lat' dir='ltr'>intus</span> <span class='ocrx_word' id='word_1_437' title='bbox 660 3819 846 3875; x_wconf 72' lang='lat' dir='ltr'>consolanda</span> <span class='ocrx_word' id='word_1_438' title='bbox 855 3834 903 3892; x_wconf 88' lang='lat' dir='ltr'>pe·</span> <span class='ocrx_word' id='word_1_439' title='bbox 955 3823 1016 3876; x_wconf 91' lang='lat' dir='ltr'>tem</span> <span class='ocrx_word' id='word_1_440' title='bbox 1025 3819 1091 3875; x_wconf 90' lang='lat' dir='ltr'>oleo</span> <span class='ocrx_word' id='word_1_441' title='bbox 1103 3817 1231 3888; x_wconf 76' lang='lat' dir='ltr'>ungitur</span> <span class='ocrx_word' id='word_1_442' title='bbox 1239 3816 1307 3871; x_wconf 91' lang='lat' dir='ltr'>ideo</span> <span class='ocrx_word' id='word_1_443' title='bbox 1321 3816 1449 3886; x_wconf 81' lang='lat' dir='ltr'>ungitur</span> <span class='ocrx_word' id='word_1_444' title='bbox 1460 3815 1531 3869; x_wconf 89' lang='lat' dir='ltr'>utci</span> <span class='ocrx_word' id='word_1_445' title='bbox 1545 3810 1777 3884; x_wconf 89' lang='lat' dir='ltr'>peccatadimit-</span> 
     </span>
     <span class='ocr_line' id='line_1_38' title="bbox 76 3899 1780 3978; baseline -0.002 -22"><span class='ocrx_word' id='word_1_446' title='bbox 76 3899 229 3971; x_wconf 76' lang='lat' dir='ltr'>rungItur,</span> <span class='ocrx_word' id='word_1_447' title='bbox 237 3902 410 3959; x_wconf 85' lang='lat' dir='ltr'>balsamum</span> <span class='ocrx_word' id='word_1_448' title='bbox 419 3905 507 3977; x_wconf 76' lang='lat' dir='ltr'>culus</span> <span class='ocrx_word' id='word_1_449' title='bbox 517 3904 609 3961; x_wconf 89' lang='lat' dir='ltr'>odore</span> <span class='ocrx_word' id='word_1_450' title='bbox 618 3906 693 3962; x_wconf 84' lang='lat' dir='ltr'>foris</span> <span class='ocrx_word' id='word_1_451' title='bbox 704 3906 836 3978; x_wconf 80' lang='lat' dir='ltr'>proximi</span> <span class='ocrx_word' id='word_1_452' title='bbox 845 3922 893 3964; x_wconf 89' lang='lat' dir='ltr'>res</span> <span class='ocrx_word' id='word_1_453' title='bbox 955 3911 1072 3976; x_wconf 89' lang='lat' dir='ltr'>tantur,</span> <span class='ocrx_word' id='word_1_454' title='bbox 1083 3910 1114 3961; x_wconf 92' lang='lat' dir='ltr'>et</span> <span class='ocrx_word' id='word_1_455' title='bbox 1122 3904 1287 3960; x_wconf 88' lang='lat' dir='ltr'>infirmitas</span> <span class='ocrx_word' id='word_1_456' title='bbox 1297 3902 1453 3958; x_wconf 89' lang='lat' dir='ltr'>allevetur.</span> <span class='ocrx_word' id='word_1_457' title='bbox 1465 3902 1523 3958; x_wconf 86' lang='lat' dir='ltr'>Sed</span> <span class='ocrx_word' id='word_1_458' title='bbox 1533 3901 1586 3974; x_wconf 91' lang='lat' dir='ltr'>qui</span> <span class='ocrx_word' id='word_1_459' title='bbox 1593 3900 1780 3973; x_wconf 87' lang='lat' dir='ltr'>justificatur</span> 
     </span>
     <span class='ocr_line' id='line_1_39' title="bbox 75 3987 1783 4068; baseline -0.001 -25"><span class='ocrx_word' id='word_1_460' title='bbox 75 3993 256 4059; x_wconf 79' lang='lat' dir='ltr'>perguntur.</span> <span class='ocrx_word' id='word_1_461' title='bbox 264 3989 371 4047; x_wconf 90' lang='lat' dir='ltr'>Oleum</span> <span class='ocrx_word' id='word_1_462' title='bbox 380 3993 466 4048; x_wconf 89' lang='lat' dir='ltr'>intus</span> <span class='ocrx_word' id='word_1_463' title='bbox 477 3993 516 4048; x_wconf 90' lang='lat' dir='ltr'>ad</span> <span class='ocrx_word' id='word_1_464' title='bbox 526 4008 631 4066; x_wconf 89' lang='lat' dir='ltr'>pacem</span> <span class='ocrx_word' id='word_1_465' title='bbox 639 4009 708 4049; x_wconf 91' lang='lat' dir='ltr'>cum</span> <span class='ocrx_word' id='word_1_466' title='bbox 721 3994 795 4059; x_wconf 88' lang='lat' dir='ltr'>Deo;</span> <span class='ocrx_word' id='word_1_467' title='bbox 806 3994 903 4050; x_wconf 90' lang='lat' dir='ltr'>balsa-</span> <span class='ocrx_word' id='word_1_468' title='bbox 955 3998 1055 4068; x_wconf 89' lang='lat' dir='ltr'>potest</span> <span class='ocrx_word' id='word_1_469' title='bbox 1070 3996 1181 4050; x_wconf 89' lang='lat' dir='ltr'>iterum</span> <span class='ocrx_word' id='word_1_470' title='bbox 1196 4006 1329 4063; x_wconf 88' lang='lat' dir='ltr'>peccare,</span> <span class='ocrx_word' id='word_1_471' title='bbox 1346 3995 1375 4046; x_wconf 91' lang='lat' dir='ltr'>et</span> <span class='ocrx_word' id='word_1_472' title='bbox 1395 3992 1448 4063; x_wconf 92' lang='lat' dir='ltr'>qui</span> <span class='ocrx_word' id='word_1_473' title='bbox 1474 3993 1601 4045; x_wconf 88' lang='lat' dir='ltr'>sanatur</span> <span class='ocrx_word' id='word_1_474' title='bbox 1616 3991 1716 4060; x_wconf 88' lang='lat' dir='ltr'>potest</span> <span class='ocrx_word' id='word_1_475' title='bbox 1730 3987 1783 4042; x_wconf 92' lang='lat' dir='ltr'>ite·</span> 
     </span>
     <span class='ocr_line' id='line_1_40' title="bbox 75 4075 1780 4155; baseline 0.001 -26"><span class='ocrx_word' id='word_1_476' title='bbox 75 4078 164 4131; x_wconf 80' lang='lat' dir='ltr'>mum&#39;</span> <span class='ocrx_word' id='word_1_477' title='bbox 174 4075 250 4132; x_wconf 93' lang='lat' dir='ltr'>foris</span> <span class='ocrx_word' id='word_1_478' title='bbox 265 4079 304 4132; x_wconf 92' lang='lat' dir='ltr'>ad</span> <span class='ocrx_word' id='word_1_479' title='bbox 318 4080 490 4152; x_wconf 82' lang='lat' dir='ltr'>exemplum</span> <span class='ocrx_word' id='word_1_480' title='bbox 506 4096 574 4137; x_wconf 90' lang='lat' dir='ltr'>cum</span> <span class='ocrx_word' id='word_1_481' title='bbox 590 4082 738 4155; x_wconf 85' lang='lat' dir='ltr'>proximo.</span> <span class='ocrx_word' id='word_1_482' title='bbox 751 4083 807 4138; x_wconf 78' lang='lat' dir='ltr'>list</span> <span class='ocrx_word' id='word_1_483' title='bbox 818 4082 902 4138; x_wconf 90' lang='lat' dir='ltr'>aliud</span> <span class='ocrx_word' id='word_1_484' title='bbox 955 4098 1024 4138; x_wconf 92' lang='lat' dir='ltr'>rum</span> <span class='ocrx_word' id='word_1_485' title='bbox 1048 4085 1205 4152; x_wconf 70' lang='lat' dir='ltr'>aegrotare.</span> <span class='ocrx_word' id='word_1_486' title='bbox 1229 4080 1288 4146; x_wconf 90' lang='lat' dir='ltr'>Qui</span> <span class='ocrx_word' id='word_1_487' title='bbox 1307 4082 1410 4136; x_wconf 89' lang='lat' dir='ltr'>autem</span> <span class='ocrx_word' id='word_1_488' title='bbox 1431 4078 1619 4134; x_wconf 86' lang='lat' dir='ltr'>christianus</span> <span class='ocrx_word' id='word_1_489' title='bbox 1643 4077 1780 4145; x_wconf 86' lang='lat' dir='ltr'>efficitur,</span> 
     </span>
     <span class='ocr_line' id='line_1_41' title="bbox 76 4159 1782 4243; baseline 0.002 -27"><span class='ocrx_word' id='word_1_490' title='bbox 76 4159 180 4218; x_wconf 91' lang='lat' dir='ltr'>oleum</span> <span class='ocrx_word' id='word_1_491' title='bbox 194 4163 903 4242; x_wconf 88' lang='lat' dir='ltr'>quoddicitnroleumunctionis,quocatechu·</span> <span class='ocrx_word' id='word_1_492' title='bbox 956 4172 1030 4243; x_wconf 90' lang='lat' dir='ltr'>quia</span> <span class='ocrx_word' id='word_1_493' title='bbox 1044 4170 1127 4243; x_wconf 91' lang='lat' dir='ltr'>quod</span> <span class='ocrx_word' id='word_1_494' title='bbox 1150 4169 1243 4226; x_wconf 87' lang='lat' dir='ltr'>habet</span> <span class='ocrx_word' id='word_1_495' title='bbox 1260 4171 1484 4224; x_wconf 89' lang='lat' dir='ltr'>sacramentum</span> <span class='ocrx_word' id='word_1_496' title='bbox 1510 4167 1644 4222; x_wconf 86' lang='lat' dir='ltr'>nominis</span> <span class='ocrx_word' id='word_1_497' title='bbox 1658 4164 1782 4237; x_wconf 83' lang='lat' dir='ltr'>perdere</span> 
     </span>
     <span class='ocr_line' id='line_1_42' title="bbox 76 4250 1783 4331; baseline 0.001 -27"><span class='ocrx_word' id='word_1_498' title='bbox 76 4250 159 4305; x_wconf 85' lang='lat' dir='ltr'>mani</span> <span class='ocrx_word' id='word_1_499' title='bbox 177 4253 208 4306; x_wconf 91' lang='lat' dir='ltr'>et</span> <span class='ocrx_word' id='word_1_500' title='bbox 226 4253 372 4326; x_wconf 89' lang='lat' dir='ltr'>neophyti</span> <span class='ocrx_word' id='word_1_501' title='bbox 395 4260 556 4327; x_wconf 80' lang='lat' dir='ltr'>unguntur</span> <span class='ocrx_word' id='word_1_502' title='bbox 578 4257 611 4313; x_wconf 88' lang='lat' dir='ltr'>in</span> <span class='ocrx_word' id='word_1_503' title='bbox 634 4259 754 4328; x_wconf 87' lang='lat' dir='ltr'>pectore</span> <span class='ocrx_word' id='word_1_504' title='bbox 772 4260 803 4312; x_wconf 83' lang='lat' dir='ltr'>at</span> <span class='ocrx_word' id='word_1_505' title='bbox 822 4258 903 4313; x_wconf 83' lang='lat' dir='ltr'>inter</span> <span class='ocrx_word' id='word_1_506' title='bbox 956 4275 1018 4316; x_wconf 92' lang='lat' dir='ltr'>non</span> <span class='ocrx_word' id='word_1_507' title='bbox 1033 4259 1355 4331; x_wconf 83' lang='lat' dir='ltr'>potest,reciperenon</span> <span class='ocrx_word' id='word_1_508' title='bbox 1367 4258 1477 4327; x_wconf 90' lang='lat' dir='ltr'>potest.</span> <span class='ocrx_word' id='word_1_509' title='bbox 1489 4255 1558 4310; x_wconf 90' lang='lat' dir='ltr'>Non</span> <span class='ocrx_word' id='word_1_510' title='bbox 1570 4254 1612 4308; x_wconf 86' lang='lat' dir='ltr'>sic</span> <span class='ocrx_word' id='word_1_511' title='bbox 1625 4255 1672 4308; x_wconf 92' lang='lat' dir='ltr'>est</span> <span class='ocrx_word' id='word_1_512' title='bbox 1687 4267 1783 4307; x_wconf 89' lang='lat' dir='ltr'>sacra·</span> 
     </span>
     <span class='ocr_line' id='line_1_43' title="bbox 76 4338 1781 4420; baseline -0.001 -26"><span class='ocrx_word' id='word_1_513' title='bbox 76 4338 499 4410; x_wconf 86' lang='lat' dir='ltr'>scapulasadsacramentum</span> <span class='ocrx_word' id='word_1_514' title='bbox 508 4345 653 4418; x_wconf 83' lang='lat' dir='ltr'>baptismi</span> <span class='ocrx_word' id='word_1_515' title='bbox 660 4345 899 4420; x_wconf 84' lang='lat' dir='ltr'>percipiendum.</span> <span class='ocrx_word' id='word_1_516' title='bbox 955 4351 1093 4403; x_wconf 88' lang='lat' dir='ltr'>mentum</span> <span class='ocrx_word' id='word_1_517' title='bbox 1108 4345 1263 4401; x_wconf 89' lang='lat' dir='ltr'>unctionis</span> <span class='ocrx_word' id='word_1_518' title='bbox 1280 4360 1286 4400; x_wconf 94' lang='lat'><strong>:</strong></span> <span class='ocrx_word' id='word_1_519' title='bbox 1304 4343 1451 4416; x_wconf 86' lang='lat' dir='ltr'>spiritalis</span> <span class='ocrx_word' id='word_1_520' title='bbox 1465 4345 1512 4396; x_wconf 89' lang='lat' dir='ltr'>est</span> <span class='ocrx_word' id='word_1_521' title='bbox 1532 4340 1673 4413; x_wconf 86' lang='lat' dir='ltr'>quaedam</span> <span class='ocrx_word' id='word_1_522' title='bbox 1687 4339 1781 4394; x_wconf 89' lang='lat' dir='ltr'>medi·</span> 
     </span>
     <span class='ocr_line' id='line_1_44' title="bbox 75 4425 1844 4508; baseline 0.001 -27"><span class='ocrx_word' id='word_1_523' title='bbox 75 4425 215 4484; x_wconf 77' lang='lat' dir='ltr'>Tertium</span> <span class='ocrx_word' id='word_1_524' title='bbox 229 4444 326 4500; x_wconf 77' lang='lat' dir='ltr'>genus</span> <span class='ocrx_word' id='word_1_525' title='bbox 340 4432 397 4488; x_wconf 92' lang='lat' dir='ltr'>olei</span> <span class='ocrx_word' id='word_1_526' title='bbox 411 4437 457 4488; x_wconf 92' lang='lat' dir='ltr'>est</span> <span class='ocrx_word' id='word_1_527' title='bbox 473 4434 555 4505; x_wconf 92' lang='lat' dir='ltr'>quod</span> <span class='ocrx_word' id='word_1_528' title='bbox 569 4434 681 4490; x_wconf 89' lang='lat' dir='ltr'>dicitur</span> <span class='ocrx_word' id='word_1_529' title='bbox 699 4434 800 4490; x_wconf 91' lang='lat' dir='ltr'>oleum</span> <span class='ocrx_word' id='word_1_530' title='bbox 818 4435 902 4490; x_wconf 86' lang='lat' dir='ltr'>infir·</span> <span class='ocrx_word' id='word_1_531' title='bbox 956 4437 1026 4492; x_wconf 88' lang='lat' dir='ltr'>cina</span> <span class='ocrx_word' id='word_1_532' title='bbox 1051 4434 1186 4508; x_wconf 91' lang='lat' dir='ltr'>corporis</span> <span class='ocrx_word' id='word_1_533' title='bbox 1208 4438 1238 4488; x_wconf 90' lang='lat' dir='ltr'>et</span> <span class='ocrx_word' id='word_1_534' title='bbox 1257 4433 1378 4500; x_wconf 87' lang='lat' dir='ltr'>animae,</span> <span class='ocrx_word' id='word_1_535' title='bbox 1394 4430 1556 4501; x_wconf 77' lang='lat' dir='ltr'>languores</span> <span class='ocrx_word' id='word_1_536' title='bbox 1580 4429 1728 4499; x_wconf 80' lang='lat' dir='ltr'>mitigans</span> <span class='ocrx_word' id='word_1_537' title='bbox 1751 4431 1782 4483; x_wconf 90' lang='lat' dir='ltr'>et</span> <span class='ocrx_word' id='word_1_538' title='bbox 1837 4499 1844 4508; x_wconf 91' lang='lat'>.</span> 
     </span>
     <span class='ocr_line' id='line_1_45' title="bbox 75 4515 1782 4595; baseline -0.001 -25"><span class='ocrx_word' id='word_1_539' title='bbox 75 4529 209 4584; x_wconf 88' lang='lat' dir='ltr'>morum,</span> <span class='ocrx_word' id='word_1_540' title='bbox 224 4517 306 4589; x_wconf 93' lang='lat' dir='ltr'>quod</span> <span class='ocrx_word' id='word_1_541' title='bbox 317 4519 356 4574; x_wconf 90' lang='lat' dir='ltr'>ad</span> <span class='ocrx_word' id='word_1_542' title='bbox 368 4536 502 4591; x_wconf 87' lang='lat' dir='ltr'>praesens</span> <span class='ocrx_word' id='word_1_543' title='bbox 517 4525 742 4578; x_wconf 88' lang='lat' dir='ltr'>sacramentum</span> <span class='ocrx_word' id='word_1_544' title='bbox 758 4523 900 4595; x_wconf 90' lang='lat' dir='ltr'>pertinet.</span> <span class='ocrx_word' id='word_1_545' title='bbox 957 4538 1079 4579; x_wconf 88' lang='lat' dir='ltr'>sanans.</span> <span class='ocrx_word' id='word_1_546' title='bbox 1096 4521 1175 4578; x_wconf 88' lang='lat' dir='ltr'>Nam</span> <span class='ocrx_word' id='word_1_547' title='bbox 1190 4521 1291 4577; x_wconf 90' lang='lat' dir='ltr'>oleum</span> <span class='ocrx_word' id='word_1_548' title='bbox 1306 4519 1443 4575; x_wconf 89' lang='lat' dir='ltr'>membra</span> <span class='ocrx_word' id='word_1_549' title='bbox 1462 4517 1607 4574; x_wconf 88' lang='lat' dir='ltr'>dolentia.</span> <span class='ocrx_word' id='word_1_550' title='bbox 1620 4519 1718 4572; x_wconf 88' lang='lat' dir='ltr'>sanat.</span> <span class='ocrx_word' id='word_1_551' title='bbox 1733 4515 1782 4570; x_wconf 90' lang='lat' dir='ltr'>Ita</span> 
     </span>
     <span class='ocr_line' id='line_1_46' title="bbox 93 4601 1781 4694; baseline 0 -35"><span class='ocrx_word' id='word_1_552' title='bbox 93 4601 168 4659; x_wconf 75' lang='lat' dir='ltr'>Cae.</span> <span class='ocrx_word' id='word_1_553' title='bbox 183 4603 222 4659; x_wconf 91' lang='lat'>11.</span> <span class='ocrx_word' id='word_1_554' title='bbox 237 4608 371 4665; x_wconf 79' lang='lat' dir='ltr'>Quando</span> <span class='ocrx_word' id='word_1_555' title='bbox 384 4614 414 4663; x_wconf 85' lang='lat' dir='ltr'>et</span> <span class='ocrx_word' id='word_1_556' title='bbox 427 4624 448 4664; x_wconf 86' lang='lat' dir='ltr'>a</span> <span class='ocrx_word' id='word_1_557' title='bbox 464 4625 526 4679; x_wconf 83' lang='lat' dir='ltr'>quo</span> <span class='ocrx_word' id='word_1_558' title='bbox 541 4611 697 4665; x_wconf 78' lang='lat' dir='ltr'>instituta</span> <span class='ocrx_word' id='word_1_559' title='bbox 709 4616 757 4666; x_wconf 84' lang='lat' dir='ltr'>est</span> <span class='ocrx_word' id='word_1_560' title='bbox 771 4612 883 4666; x_wconf 83' lang='lat' dir='ltr'>unctio</span> <span class='ocrx_word' id='word_1_561' title='bbox 915 4639 943 4694; x_wconf 76' lang='lat' dir='ltr'>D</span> <span class='ocrx_word' id='word_1_562' title='bbox 956 4612 1057 4668; x_wconf 88' lang='lat' dir='ltr'>oleum</span> <span class='ocrx_word' id='word_1_563' title='bbox 1074 4611 1113 4665; x_wconf 87' lang='lat' dir='ltr'>ad</span> <span class='ocrx_word' id='word_1_564' title='bbox 1132 4615 1298 4682; x_wconf 86' lang='lat' dir='ltr'>utrumque</span> <span class='ocrx_word' id='word_1_565' title='bbox 1319 4607 1488 4664; x_wconf 87' lang='lat' dir='ltr'>curandum</span> <span class='ocrx_word' id='word_1_566' title='bbox 1507 4606 1629 4679; x_wconf 89' lang='lat' dir='ltr'>prodest</span> <span class='ocrx_word' id='word_1_567' title='bbox 1637 4621 1645 4674; x_wconf 81' lang='lat'>3</span> <span class='ocrx_word' id='word_1_568' title='bbox 1662 4605 1688 4660; x_wconf 92' lang='lat' dir='ltr'>si</span> <span class='ocrx_word' id='word_1_569' title='bbox 1700 4616 1781 4660; x_wconf 91' lang='lat' dir='ltr'>mor·</span> 
     </span>
     <span class='ocr_line' id='line_1_47' title="bbox 380 4692 1783 4768; baseline -0.001 -17"><span class='ocrx_word' id='word_1_570' title='bbox 380 4697 602 4768; x_wconf 82' lang='lat' dir='ltr'>infirmorum.</span> <span class='ocrx_word' id='word_1_571' title='bbox 957 4700 1016 4754; x_wconf 92' lang='lat' dir='ltr'>bus</span> <span class='ocrx_word' id='word_1_572' title='bbox 1031 4714 1092 4753; x_wconf 91' lang='lat' dir='ltr'>non</span> <span class='ocrx_word' id='word_1_573' title='bbox 1108 4699 1272 4754; x_wconf 89' lang='lat' dir='ltr'>revertitur</span> <span class='ocrx_word' id='word_1_574' title='bbox 1285 4696 1436 4752; x_wconf 90' lang='lat' dir='ltr'>medicina</span> <span class='ocrx_word' id='word_1_575' title='bbox 1451 4710 1512 4750; x_wconf 90' lang='lat' dir='ltr'>non</span> <span class='ocrx_word' id='word_1_576' title='bbox 1533 4695 1669 4749; x_wconf 81' lang='lat' dir='ltr'>lteretur.</span> <span class='ocrx_word' id='word_1_577' title='bbox 1685 4692 1716 4749; x_wconf 92' lang='lat' dir='ltr'>Si</span> <span class='ocrx_word' id='word_1_578' title='bbox 1732 4708 1783 4749; x_wconf 91' lang='lat' dir='ltr'>au·</span> 
     </span>
    </p>

    <p class='ocr_par' dir='ltr' id='par_1_8' title="bbox 71 4779 1788 5649">
     <span class='ocr_line' id='line_1_48' title="bbox 110 4779 1784 4859; baseline 0.001 -23"><span class='ocrx_word' id='word_1_579' title='bbox 110 4779 344 4839; x_wconf 91' lang='lat' dir='ltr'>Sacramentum</span> <span class='ocrx_word' id='word_1_580' title='bbox 352 4785 903 4859; x_wconf 82' lang='lat' dir='ltr'>unctionisinfirmorumabapostoIIs</span> <span class='ocrx_word' id='word_1_581' title='bbox 957 4791 1019 4842; x_wconf 88' lang='lat' dir='ltr'>tem</span> <span class='ocrx_word' id='word_1_582' title='bbox 1038 4785 1164 4840; x_wconf 89' lang='lat' dir='ltr'>morbus</span> <span class='ocrx_word' id='word_1_583' title='bbox 1186 4799 1247 4840; x_wconf 93' lang='lat' dir='ltr'>non</span> <span class='ocrx_word' id='word_1_584' title='bbox 1268 4787 1369 4855; x_wconf 88' lang='lat' dir='ltr'>potest</span> <span class='ocrx_word' id='word_1_585' title='bbox 1386 4782 1530 4849; x_wconf 89' lang='lat' dir='ltr'>cohiberi,</span> <span class='ocrx_word' id='word_1_586' title='bbox 1546 4796 1639 4852; x_wconf 91' lang='lat' dir='ltr'>quare</span> <span class='ocrx_word' id='word_1_587' title='bbox 1660 4781 1784 4837; x_wconf 90' lang='lat' dir='ltr'>deberet</span> 
     </span>
     <span class='ocr_line' id='line_1_49' title="bbox 76 4867 1783 4947; baseline 0.001 -24"><span class='ocrx_word' id='word_1_588' title='bbox 76 4867 255 4926; x_wconf 89' lang='lat' dir='ltr'>institutum</span> <span class='ocrx_word' id='word_1_589' title='bbox 271 4871 384 4943; x_wconf 80' lang='lat' dir='ltr'>legilur</span> <span class='ocrx_word' id='word_1_590' title='bbox 396 4873 446 4943; x_wconf 81' lang='lat'>(5).</span> <span class='ocrx_word' id='word_1_591' title='bbox 457 4873 475 4928; x_wconf 89' lang='lat' dir='ltr'>J</span> <span class='ocrx_word' id='word_1_592' title='bbox 477 4874 590 4929; x_wconf 91' lang='lat' dir='ltr'>acobns</span> <span class='ocrx_word' id='word_1_593' title='bbox 603 4874 685 4929; x_wconf 91' lang='lat' dir='ltr'>enim</span> <span class='ocrx_word' id='word_1_594' title='bbox 701 4874 858 4947; x_wconf 88' lang='lat' dir='ltr'>apostolus</span> <span class='ocrx_word' id='word_1_595' title='bbox 870 4877 903 4932; x_wconf 90' lang='lat' dir='ltr'>in</span> <span class='ocrx_word' id='word_1_596' title='bbox 957 4872 1108 4929; x_wconf 89' lang='lat' dir='ltr'>medicina</span> <span class='ocrx_word' id='word_1_597' title='bbox 1123 4868 1299 4942; x_wconf 73' lang='lat' dir='ltr'>prohiberi?</span> <span class='ocrx_word' id='word_1_598' title='bbox 1313 4869 1344 4924; x_wconf 89' lang='lat' dir='ltr'>Si</span> <span class='ocrx_word' id='word_1_599' title='bbox 1359 4870 1463 4925; x_wconf 91' lang='lat' dir='ltr'>unctio</span> <span class='ocrx_word' id='word_1_600' title='bbox 1474 4868 1578 4924; x_wconf 92' lang='lat' dir='ltr'>iterari</span> <span class='ocrx_word' id='word_1_601' title='bbox 1594 4885 1655 4925; x_wconf 91' lang='lat' dir='ltr'>non</span> <span class='ocrx_word' id='word_1_602' title='bbox 1669 4873 1783 4942; x_wconf 88' lang='lat' dir='ltr'>potest,</span> 
     </span>
     <span class='ocr_line' id='line_1_50' title="bbox 75 4955 1783 5034; baseline 0.001 -23"><span class='ocrx_word' id='word_1_603' title='bbox 75 4955 216 5028; x_wconf 76' lang='lat' dir='ltr'>Epistola</span> <span class='ocrx_word' id='word_1_604' title='bbox 230 4973 286 5013; x_wconf 89' lang='lat' dir='ltr'>sua</span> <span class='ocrx_word' id='word_1_605' title='bbox 301 4960 436 5015; x_wconf 88' lang='lat' dir='ltr'>scribens</span> <span class='ocrx_word' id='word_1_606' title='bbox 456 4961 498 5016; x_wconf 89' lang='lat' dir='ltr'>sic</span> <span class='ocrx_word' id='word_1_607' title='bbox 513 4961 557 5016; x_wconf 93' lang='lat' dir='ltr'>ait</span> <span class='ocrx_word' id='word_1_608' title='bbox 575 4978 580 5015; x_wconf 91' lang='lat'><strong>:</strong></span> <span class='ocrx_word' id='word_1_609' title='bbox 605 4963 806 5034; x_wconf 78' lang='lat' dir='ltr'>infirmatur</span> <span class='ocrx_word' id='word_1_610' title='bbox 829 4966 903 5034; x_wconf 81' lang='lat' dir='ltr'>quis</span> <span class='ocrx_word' id='word_1_611' title='bbox 959 4976 1014 5017; x_wconf 87' lang='lat' dir='ltr'>nec</span> <span class='ocrx_word' id='word_1_612' title='bbox 1027 4958 1124 5014; x_wconf 89' lang='lat' dir='ltr'>oratio</span> <span class='ocrx_word' id='word_1_613' title='bbox 1138 4958 1241 5013; x_wconf 90' lang='lat' dir='ltr'>iterari</span> <span class='ocrx_word' id='word_1_614' title='bbox 1255 4960 1366 5029; x_wconf 88' lang='lat' dir='ltr'>potest.</span> <span class='ocrx_word' id='word_1_615' title='bbox 1381 4957 1518 5029; x_wconf 88' lang='lat' dir='ltr'>Utraque</span> <span class='ocrx_word' id='word_1_616' title='bbox 1531 4958 1611 5013; x_wconf 89' lang='lat' dir='ltr'>enim</span> <span class='ocrx_word' id='word_1_617' title='bbox 1627 4958 1690 5015; x_wconf 88' lang='lat' dir='ltr'>illic</span> <span class='ocrx_word' id='word_1_618' title='bbox 1704 4973 1783 5014; x_wconf 93' lang='lat' dir='ltr'>com·</span> 
     </span>
     <span class='ocr_line' id='line_1_51' title="bbox 77 5043 1785 5118; baseline 0.001 -20"><span class='ocrx_word' id='word_1_619' title='bbox 77 5045 113 5099; x_wconf 79' lang='lat' dir='ltr'>in</span> <span class='ocrx_word' id='word_1_620' title='bbox 122 5043 226 5101; x_wconf 70' lang='lat' dir='ltr'>vobis?</span> <span class='ocrx_word' id='word_1_621' title='bbox 237 5048 375 5102; x_wconf 81' lang='lat' dir='ltr'>inducat</span> <span class='ocrx_word' id='word_1_622' title='bbox 383 5051 748 5118; x_wconf 78' lang='lat' dir='ltr'>presbyterosEcclesice</span> <span class='ocrx_word' id='word_1_623' title='bbox 759 5055 797 5106; x_wconf 83' lang='lat' dir='ltr'>ut</span> <span class='ocrx_word' id='word_1_624' title='bbox 811 5057 905 5107; x_wconf 83' lang='lat' dir='ltr'>orent</span> <span class='ocrx_word' id='word_1_625' title='bbox 959 5051 1128 5106; x_wconf 87' lang='lat' dir='ltr'>memorata</span> <span class='ocrx_word' id='word_1_626' title='bbox 1147 5049 1229 5102; x_wconf 90' lang='lat' dir='ltr'>sunt.</span> <span class='ocrx_word' id='word_1_627' title='bbox 1245 5048 1353 5116; x_wconf 82' lang='lat' dir='ltr'>orent,</span> <span class='ocrx_word' id='word_1_628' title='bbox 1368 5046 1479 5118; x_wconf 91' lang='lat' dir='ltr'>inquit,</span> <span class='ocrx_word' id='word_1_629' title='bbox 1490 5063 1551 5116; x_wconf 86' lang='lat' dir='ltr'>pre</span> <span class='ocrx_word' id='word_1_630' title='bbox 1568 5063 1613 5115; x_wconf 91' lang='lat' dir='ltr'>ec,</span> <span class='ocrx_word' id='word_1_631' title='bbox 1627 5051 1785 5117; x_wconf 61' lang='lat' dir='ltr'>irrepentes</span> 
     </span>
     <span class='ocr_line' id='line_1_52' title="bbox 71 5136 1787 5207; baseline -0.001 -19"><span class='ocrx_word' id='word_1_632' title='bbox 71 5148 134 5202; x_wconf 82' lang='lat' dir='ltr'>pro</span> <span class='ocrx_word' id='word_1_633' title='bbox 144 5141 357 5205; x_wconf 80' lang='lat' dir='ltr'>eo‚unpenter</span> <span class='ocrx_word' id='word_1_634' title='bbox 367 5152 441 5192; x_wconf 77' lang='lat' dir='ltr'>curn</span> <span class='ocrx_word' id='word_1_635' title='bbox 455 5141 522 5192; x_wconf 88' lang='lat' dir='ltr'>oleo</span> <span class='ocrx_word' id='word_1_636' title='bbox 537 5152 640 5206; x_wconf 73' lang='lat' dir='ltr'>sacro,</span> <span class='ocrx_word' id='word_1_637' title='bbox 661 5139 692 5192; x_wconf 83' lang='lat' dir='ltr'>si</span> <span class='ocrx_word' id='word_1_638' title='bbox 708 5139 744 5192; x_wconf 82' lang='lat' dir='ltr'>in</span> <span class='ocrx_word' id='word_1_639' title='bbox 763 5141 905 5207; x_wconf 76' lang='lat' dir='ltr'>peccatis</span> <span class='ocrx_word' id='word_1_640' title='bbox 960 5154 1034 5195; x_wconf 84' lang='lat' dir='ltr'>eum</span> <span class='ocrx_word' id='word_1_641' title='bbox 1047 5139 1114 5192; x_wconf 86' lang='lat' dir='ltr'>oleo</span> <span class='ocrx_word' id='word_1_642' title='bbox 1128 5151 1234 5202; x_wconf 66' lang='lat' dir='ltr'>sacrm</span> <span class='ocrx_word' id='word_1_643' title='bbox 1247 5137 1277 5190; x_wconf 80' lang='lat' dir='ltr'>ri</span> <span class='ocrx_word' id='word_1_644' title='bbox 1291 5137 1326 5189; x_wconf 82' lang='lat' dir='ltr'>in</span> <span class='ocrx_word' id='word_1_645' title='bbox 1338 5136 1482 5204; x_wconf 78' lang='lat' dir='ltr'>peccatis</span> <span class='ocrx_word' id='word_1_646' title='bbox 1498 5140 1555 5202; x_wconf 84' lang='lat' dir='ltr'>ert,</span> <span class='ocrx_word' id='word_1_647' title='bbox 1572 5137 1787 5190; x_wconf 76' lang='lat' dir='ltr'>dinzittentur</span> 
     </span>
     <span class='ocr_line' id='line_1_53' title="bbox 75 5220 1788 5297; baseline 0 -21"><span class='ocrx_word' id='word_1_648' title='bbox 75 5226 135 5291; x_wconf 80' lang='lat' dir='ltr'>est,</span> <span class='ocrx_word' id='word_1_649' title='bbox 147 5223 363 5279; x_wconf 82' lang='lat' dir='ltr'>dimittentur</span> <span class='ocrx_word' id='word_1_650' title='bbox 373 5227 414 5292; x_wconf 85' lang='lat' dir='ltr'>ei,</span> <span class='ocrx_word' id='word_1_651' title='bbox 424 5227 569 5280; x_wconf 85' lang='lat' dir='ltr'>etoratio</span> <span class='ocrx_word' id='word_1_652' title='bbox 579 5226 905 5297; x_wconf 75' lang='lat' dir='ltr'>salvabitinfirmum</span> <span class='ocrx_word' id='word_1_653' title='bbox 964 5228 1007 5293; x_wconf 82' lang='lat' dir='ltr'>ei;</span> <span class='ocrx_word' id='word_1_654' title='bbox 1018 5230 1048 5280; x_wconf 86' lang='lat' dir='ltr'>et</span> <span class='ocrx_word' id='word_1_655' title='bbox 1063 5225 1169 5278; x_wconf 83' lang='lat' dir='ltr'>oratio</span> <span class='ocrx_word' id='word_1_656' title='bbox 1193 5225 1335 5278; x_wconf 81' lang='lat' dir='ltr'>salvabit</span> <span class='ocrx_word' id='word_1_657' title='bbox 1357 5223 1529 5294; x_wconf 72' lang='lat' dir='ltr'>infirmum</span> <span class='ocrx_word' id='word_1_658' title='bbox 1544 5222 1659 5293; x_wconf 81' lang='lat' dir='ltr'>(Jacob.</span> <span class='ocrx_word' id='word_1_659' title='bbox 1672 5220 1714 5290; x_wconf 80' lang='lat' dir='ltr'>v).</span> <span class='ocrx_word' id='word_1_660' title='bbox 1729 5221 1788 5276; x_wconf 85' lang='lat' dir='ltr'>Sed</span> 
     </span>
     <span class='ocr_line' id='line_1_54' title="bbox 77 5303 1787 5386; baseline -0.003 -20"><span class='ocrx_word' id='word_1_661' title='bbox 77 5312 198 5379; x_wconf 77' lang='lat' dir='ltr'>(Jacob.</span> <span class='ocrx_word' id='word_1_662' title='bbox 215 5310 257 5380; x_wconf 80' lang='lat' dir='ltr'>v).</span> <span class='ocrx_word' id='word_1_663' title='bbox 276 5310 312 5366; x_wconf 93' lang='lat' dir='ltr'>In</span> <span class='ocrx_word' id='word_1_664' title='bbox 337 5327 398 5383; x_wconf 90' lang='lat' dir='ltr'>quo</span> <span class='ocrx_word' id='word_1_665' title='bbox 421 5313 594 5369; x_wconf 87' lang='lat' dir='ltr'>ostenditur</span> <span class='ocrx_word' id='word_1_666' title='bbox 617 5313 731 5386; x_wconf 90' lang='lat' dir='ltr'>duplici</span> <span class='ocrx_word' id='word_1_667' title='bbox 756 5328 794 5368; x_wconf 84' lang='lat' dir='ltr'>ex</span> <span class='ocrx_word' id='word_1_668' title='bbox 816 5328 910 5369; x_wconf 88' lang='lat' dir='ltr'>causa</span> <span class='ocrx_word' id='word_1_669' title='bbox 963 5312 1104 5369; x_wconf 79' lang='lat' dir='ltr'>fortassis</span> <span class='ocrx_word' id='word_1_670' title='bbox 1123 5303 1204 5367; x_wconf 86' lang='lat' dir='ltr'>dices</span> <span class='ocrx_word' id='word_1_671' title='bbox 1219 5310 1302 5384; x_wconf 92' lang='lat' dir='ltr'>quod</span> <span class='ocrx_word' id='word_1_672' title='bbox 1325 5311 1430 5366; x_wconf 91' lang='lat' dir='ltr'>unctio</span> <span class='ocrx_word' id='word_1_673' title='bbox 1454 5325 1515 5365; x_wconf 91' lang='lat' dir='ltr'>non</span> <span class='ocrx_word' id='word_1_674' title='bbox 1530 5308 1662 5380; x_wconf 87' lang='lat' dir='ltr'>pertinet</span> <span class='ocrx_word' id='word_1_675' title='bbox 1675 5308 1736 5362; x_wconf 90' lang='lat' dir='ltr'>nisi</span> <span class='ocrx_word' id='word_1_676' title='bbox 1748 5309 1787 5362; x_wconf 88' lang='lat' dir='ltr'>ad</span> 
     </span>
     <span class='ocr_line' id='line_1_55' title="bbox 78 5396 1786 5476; baseline -0.003 -20"><span class='ocrx_word' id='word_1_677' title='bbox 78 5402 306 5456; x_wconf 85' lang='lat' dir='ltr'>sacramentum</span> <span class='ocrx_word' id='word_1_678' title='bbox 321 5400 378 5456; x_wconf 88' lang='lat' dir='ltr'>hoc</span> <span class='ocrx_word' id='word_1_679' title='bbox 392 5401 545 5470; x_wconf 85' lang='lat' dir='ltr'>institam,</span> <span class='ocrx_word' id='word_1_680' title='bbox 556 5405 586 5456; x_wconf 88' lang='lat' dir='ltr'>et</span> <span class='ocrx_word' id='word_1_681' title='bbox 597 5400 635 5455; x_wconf 89' lang='lat' dir='ltr'>ad</span> <span class='ocrx_word' id='word_1_682' title='bbox 650 5404 842 5472; x_wconf 88' lang='lat' dir='ltr'>peccatorum</span> <span class='ocrx_word' id='word_1_683' title='bbox 856 5403 913 5458; x_wconf 87' lang='lat' dir='ltr'>sci·</span> <span class='ocrx_word' id='word_1_684' title='bbox 962 5406 1154 5476; x_wconf 86' lang='lat' dir='ltr'>peccatorum</span> <span class='ocrx_word' id='word_1_685' title='bbox 1175 5400 1399 5468; x_wconf 77' lang='lat' dir='ltr'>remissionem3</span> <span class='ocrx_word' id='word_1_686' title='bbox 1415 5402 1445 5454; x_wconf 90' lang='lat' dir='ltr'>et</span> <span class='ocrx_word' id='word_1_687' title='bbox 1459 5397 1556 5452; x_wconf 89' lang='lat' dir='ltr'>oratio</span> <span class='ocrx_word' id='word_1_688' title='bbox 1580 5410 1641 5450; x_wconf 90' lang='lat' dir='ltr'>non</span> <span class='ocrx_word' id='word_1_689' title='bbox 1655 5396 1786 5467; x_wconf 88' lang='lat' dir='ltr'>pertinet</span> 
     </span>
     <span class='ocr_line' id='line_1_56' title="bbox 76 5484 1782 5562; baseline -0.002 -19"><span class='ocrx_word' id='word_1_690' title='bbox 76 5487 149 5545; x_wconf 89' lang='lat' dir='ltr'>licet</span> <span class='ocrx_word' id='word_1_691' title='bbox 173 5488 397 5559; x_wconf 89' lang='lat' dir='ltr'>remissionem,</span> <span class='ocrx_word' id='word_1_692' title='bbox 418 5495 448 5545; x_wconf 91' lang='lat' dir='ltr'>et</span> <span class='ocrx_word' id='word_1_693' title='bbox 470 5489 508 5543; x_wconf 90' lang='lat' dir='ltr'>ad</span> <span class='ocrx_word' id='word_1_694' title='bbox 532 5489 697 5561; x_wconf 90' lang='lat' dir='ltr'>corporalis</span> <span class='ocrx_word' id='word_1_695' title='bbox 717 5489 908 5546; x_wconf 83' lang='lat' dir='ltr'>infirmitatis</span> <span class='ocrx_word' id='word_1_696' title='bbox 962 5491 1022 5546; x_wconf 88' lang='lat' dir='ltr'>nisi</span> <span class='ocrx_word' id='word_1_697' title='bbox 1037 5490 1075 5545; x_wconf 93' lang='lat' dir='ltr'>ad</span> <span class='ocrx_word' id='word_1_698' title='bbox 1100 5489 1235 5562; x_wconf 83' lang='lat' dir='ltr'>corporis</span> <span class='ocrx_word' id='word_1_699' title='bbox 1259 5487 1483 5554; x_wconf 87' lang='lat' dir='ltr'>allevationem,</span> <span class='ocrx_word' id='word_1_700' title='bbox 1498 5484 1699 5555; x_wconf 90' lang='lat' dir='ltr'>quiadictum</span> <span class='ocrx_word' id='word_1_701' title='bbox 1715 5487 1782 5539; x_wconf 88' lang='lat' dir='ltr'>est:</span> 
     </span>
     <span class='ocr_line' id='line_1_57' title="bbox 78 5571 1783 5649; baseline -0.004 -14"><span class='ocrx_word' id='word_1_702' title='bbox 78 5576 306 5635; x_wconf 85' lang='lat' dir='ltr'>allevationem.</span> <span class='ocrx_word' id='word_1_703' title='bbox 325 5577 412 5634; x_wconf 88' lang='lat' dir='ltr'>Unde</span> <span class='ocrx_word' id='word_1_704' title='bbox 425 5580 545 5633; x_wconf 88' lang='lat' dir='ltr'>constat</span> <span class='ocrx_word' id='word_1_705' title='bbox 568 5576 649 5648; x_wconf 72' lang='lat' dir='ltr'>qual</span> <span class='ocrx_word' id='word_1_706' title='bbox 673 5577 727 5649; x_wconf 88' lang='lat' dir='ltr'>qui</span> <span class='ocrx_word' id='word_1_707' title='bbox 742 5577 822 5634; x_wconf 90' lang='lat' dir='ltr'>hanc</span> <span class='ocrx_word' id='word_1_708' title='bbox 834 5594 906 5636; x_wconf 89' lang='lat' dir='ltr'>unc·</span> <span class='ocrx_word' id='word_1_709' title='bbox 962 5579 1060 5636; x_wconf 91' lang='lat' dir='ltr'>oratio</span> <span class='ocrx_word' id='word_1_710' title='bbox 1076 5578 1208 5635; x_wconf 87' lang='lat' dir='ltr'>salvabit</span> <span class='ocrx_word' id='word_1_711' title='bbox 1217 5577 1383 5633; x_wconf 84' lang='lat' dir='ltr'>infirmum.</span> <span class='ocrx_word' id='word_1_712' title='bbox 1401 5575 1490 5629; x_wconf 89' lang='lat' dir='ltr'>Verte</span> <span class='ocrx_word' id='word_1_713' title='bbox 1505 5571 1651 5644; x_wconf 90' lang='lat' dir='ltr'>quolibet.</span> <span class='ocrx_word' id='word_1_714' title='bbox 1668 5571 1726 5628; x_wconf 89' lang='lat' dir='ltr'>Sed</span> <span class='ocrx_word' id='word_1_715' title='bbox 1740 5571 1783 5628; x_wconf 92' lang='lat' dir='ltr'>di·</span> 
     </span>
    </p>
   </div>
   <div class='ocr_carea' id='block_1_7' title="bbox 113 5665 1810 5774">
    <p class='ocr_par' dir='ltr' id='par_1_9' title="bbox 113 5665 1810 5774">
     <span class='ocr_line' id='line_1_58' title="bbox 113 5665 1810 5774; baseline -0.006 -17"><span class='ocrx_word' id='word_1_716' title='bbox 113 5700 152 5774; x_wconf 71' lang='lat'>(5)</span> <span class='ocrx_word' id='word_1_717' title='bbox 174 5699 337 5772; x_wconf 79' lang='lat' dir='ltr'>Unctionis</span> <span class='ocrx_word' id='word_1_718' title='bbox 350 5705 491 5757; x_wconf 77' lang='lat' dir='ltr'>extremae</span> <span class='ocrx_word' id='word_1_719' title='bbox 506 5703 731 5758; x_wconf 88' lang='lat' dir='ltr'>sacramentum</span> <span class='ocrx_word' id='word_1_720' title='bbox 746 5715 765 5755; x_wconf 89' lang='lat' dir='ltr'>a</span> <span class='ocrx_word' id='word_1_721' title='bbox 778 5699 902 5758; x_wconf 85' lang='lat' dir='ltr'>Christo</span> <span class='ocrx_word' id='word_1_722' title='bbox 922 5701 1101 5758; x_wconf 80' lang='lat' dir='ltr'>instItutum</span> <span class='ocrx_word' id='word_1_723' title='bbox 1122 5701 1208 5757; x_wconf 89' lang='lat' dir='ltr'>docet</span> <span class='ocrx_word' id='word_1_724' title='bbox 1229 5700 1422 5756; x_wconf 88' lang='lat' dir='ltr'>sacrosancta</span> <span class='ocrx_word' id='word_1_725' title='bbox 1439 5695 1577 5768; x_wconf 84' lang='lat' dir='ltr'>synodus</span> <span class='ocrx_word' id='word_1_726' title='bbox 1591 5696 1785 5757; x_wconf 76' lang='lat' dir='ltr'>Tridentino..</span> <span class='ocrx_word' id='word_1_727' title='bbox 1807 5665 1810 5671; x_wconf 52' lang='lat'>.</span> 
     </span>
    </p>
   </div>
   <div class='ocr_carea' id='block_1_8' title="bbox 0 0 1876 6082">
    <p class='ocr_par' dir='ltr' id='par_1_10' title="bbox 0 0 1876 6082">
     <span class='ocr_line' id='line_1_59' title="bbox 0 0 1876 6082; baseline 0 0"><span class='ocrx_word' id='word_1_728' title='bbox 0 0 1876 6082; x_wconf 95' lang='lat' dir='ltr'> </span> 
     </span>
    </p>
   </div>
  </div>
 </body>
</html>
