3742 6082
49 182 102 241 173
712 189 767 249 DE
784 187 1095 250 SAGGRAMENTIS.
1700 190 1755 319 172

49 307 147 365 tentia
160 307 307 381 bigamus
321 314 419 382 egeat,
435 312 505 385 quis
520 313 577 369 erit
588 313 749 387 presbyter
762 315 817 388 qui
831 317 875 371 ta·
931 313 1018 386 solet)
1031 313 1115 371 ultra
1128 312 1255 370 modum
1269 313 1302 370 in
1313 327 1439 371 uxorem
1448 313 1604 386 propriam
1618 328 1743 372 exeroea

48 395 364 470 libusnuptiispossit
375 401 510 473 praebere
521 418 704 460 consensum
715 403 729 459 i
742 403 800 462 Sed
814 420 877 461 non
916 403 1018 486 ,libini
1033 419 1113 459 nem.
1134 402 1197 460 Nec
1221 403 1381 476 presbyter
1402 401 1517 458 talibus
1533 403 1651 476 nuptiis
1665 403 1754 460 debet

49 484 180 543 dicimus
191 487 352 559 bigamum
362 489 430 546 ideo
445 505 531 562 egere
544 493 726 564 poenitentia
740 493 822 566 quod
837 494 878 551 sit
931 492 1114 562 consentire,
1132 508 1167 549 eo
1190 492 1273 565 quod
1296 507 1348 548 eas
1373 492 1596 564 frequentando
1614 491 1754 548 homines

50 579 211 648 peccatum
228 577 380 634 secundas
395 580 521 652 nuptias
536 580 653 653 facere;
668 583 720 640 sed
736 583 810 656 quia
821 583 877 640 ior·
932 583 1110 640 exhortetur
1124 582 1163 638 ad
1177 582 1302 654 nuptias
1316 582 1493 655 frequenter
1503 581 1669 638 iterandas.

49 665 129 721 sitan
152 681 224 722 curn
239 667 280 723 sit
300 668 393 725 nimis
406 669 601 728 incontinens
630 670 677 743 (ut
703 673 878 743 contingere

387 1030 450 1206 ii
491 1029 854 1213 tibitibi
904 1033 1235 1215 tittiiliit
1278 1037 1436 1213 iiiii.

612 1461 1239 1582 PRAEFATIUNCULA.

86 1686 219 1743 Librum
232 1686 269 1744 de
284 1687 484 1743 sacramentis
498 1687 682 1745 Christianae
693 1689 763 1745 fidei
778 1691 881 1748 studio
892 1693 1097 1766 quorumdam
1113 1693 1243 1749 scribere
1268 1691 1445 1764 compulsus
1459 1706 1528 1747 sum
1536 1706 1546 1761 3
1560 1691 1594 1747 in
1609 1706 1670 1764 quo
1685 1706 1762 1748 non-

54 1774 139 1830 nulla
153 1791 226 1848 quas
247 1780 339 1832 antea
366 1776 497 1849 sparsim
517 1776 704 1834 dictaveram
723 1782 884 1851 propterea
904 1774 1106 1854 quod’itera'to
1131 1781 1237 1839 eadem
1253 1782 1334 1854 stylo
1349 1782 1518 1855 exprimere
1534 1781 1697 1838 molestum
1714 1780 1764 1840 vel

55 1864 247 1935 superfluum
267 1864 433 1921 videbatur
446 1866 572 1922 inserui.
590 1867 627 1922 In
644 1867 769 1939 quibus,
787 1869 813 1924 si
839 1869 918 1926 forte
935 1887 1034 1928 sermo
1050 1871 1218 1946 simplicior
1232 1871 1364 1927 colorem
1379 1871 1556 1927 dictaminis
1569 1886 1689 1926 servare
1703 1885 1765 1926 non

55 1954 201 2026 potuerit,
218 1969 280 2010 non
296 1954 428 2010 multum
440 1955 588 2011 interesse
601 1956 719 2028 putavi.
736 1956 842 2012 eadem
855 1958 984 2016 veritate
1000 1960 1170 2016 constante.
1188 1959 1254 2014 Hoc
1270 1964 1373 2015 autem
1387 1959 1488 2030 magis
1502 1975 1540 2015 ne
1556 1963 1659 2027 moyet
1682 1957 1765 2031 quod

56 2057 123 2097 curn
149 2042 217 2098 haec
240 2043 345 2098 eadem
366 2044 452 2115 prius
478 2044 683 2115 negligentius
703 2046 866 2102 dictassem
882 2048 999 2121 (utpote
1022 2047 1159 2105 nondum
1186 2048 1287 2104 adhuc
1322 2047 1419 2103 futuri
1448 2046 1548 2119 operis
1575 2047 1766 2119 propositum

56 2132 197 2204 babens),
213 2133 331 2205 passim
347 2135 580 2190 transcribenda
594 2137 743 2208 exposui:
767 2138 903 2194 sufficere
916 2141 990 2194 tunc
1008 2137 1176 2194 arbitratus
1191 2136 1340 2208 ejusmodi
1357 2135 1486 2191 minima
1506 2135 1555 2191 vel
1576 2135 1723 2190 adnotata
1733 2133 1767 2189 in

59 2221 204 2278 notitiam
215 2222 331 2278 venire.
343 2223 412 2293 Sed,
427 2224 502 2295 quia
515 2226 710 2296 postmodum
723 2242 793 2282 eum
809 2227 914 2283 eadem
929 2226 1022 2298 hujus
1037 2227 1137 2299 operis
1152 2225 1250 2283 textui
1276 2225 1453 2294 insererem,
1477 2224 1618 2296 quaedam
1634 2222 1667 2279 in
1690 2222 1767 2294 ipsis

57 2311 333 2383 mutaro‚quaedam
345 2327 417 2368 vero
432 2312 560 2384 adJicere
572 2314 621 2370 vel
634 2315 792 2372 detrahere
805 2319 885 2372 ratio
894 2315 1082 2388 postulabat.
1101 2315 1257 2372 Lectorem
1273 2314 1464 2370 admonitum
1477 2328 1542 2368 esse
1556 2304 1636 2381 volo,
1647 2313 1682 2367 ut
1692 2311 1768 2367 sicu·

56 2398 87 2454 bi
101 2414 138 2454 ea
151 2403 241 2456 extra
255 2401 356 2473 operis
370 2400 465 2473 hujus
476 2403 586 2459 seriem
598 2403 683 2460 aliud
697 2407 752 2460 aut
762 2404 851 2461 aliter
866 2403 984 2478 aliquid
998 2404 1148 2461 habentia
1160 2403 1325 2472 invenerit,
1341 2402 1422 2459 hanc
1436 2401 1625 2458 diversitatis
1639 2414 1765 2456 causam

58 2504 123 2546 esse
138 2489 228 2559 sciat,
242 2492 273 2546 et
287 2491 314 2546 si
328 2490 404 2563 quid
416 2491 495 2548 iorte
507 2492 540 2547 in
555 2493 599 2548 eis
616 2493 840 2549 emendandum
863 2493 967 2563 fuerit,
989 2493 1027 2548 ad
1042 2492 1137 2566 hujus
1157 2492 1257 2565 operis
1280 2492 1412 2548 formam
1426 2492 1599 2562 componat.
1616 2488 1695 2544 Sane
1709 2487 1768 2544 hoc

59 2594 136 2652 opus
150 2579 186 2635 in
199 2578 278 2635 duos
291 2579 388 2635 libros
400 2579 550 2651 distinxi3
566 2584 720 2653 quatenus
732 2582 765 2637 in
779 2585 867 2638 tanta
881 2597 983 2638 rerum
998 2581 1197 2638 multitudine
1216 2583 1246 2638 et
1260 2581 1436 2653 prolixitate
1449 2580 1558 2637 incisio
1580 2577 1769 2635 narrationis

60 2667 236 2739 legentibus
250 2668 379 2725 taedium
392 2668 512 2726 tolleret
523 2673 553 2726 et
568 2670 661 2726 simul
674 2674 840 2744 utrumque
854 2670 985 2728 scribere
998 2685 1060 2727 non
1074 2669 1250 2728 valentibus
1262 2672 1317 2726 aut
1329 2669 1453 2728 divisim
1459 2669 1572 2726 habere
1585 2666 1762 2724 volentibus

64 2755 302 2815 commodiorem
316 2757 448 2814 formam
463 2757 630 2816 exhiberet.

513 3089 657 3209 HOC
687 3089 912 3205 OPERE
942 3090 1320 3208 CONTENTA

96 3418 229 3485 Proicere
243 3421 268 3472 ei
284 3418 352 3472 iibri
364 3421 427 3472 duo.

95 3516 210 3569 Primus
225 3515 294 3568 iiber
308 3530 327 3569 a
343 3515 481 3583 principio
497 3515 597 3568 mnndi
610 3529 694 3583 usque
708 3512 973 3568 adinrarnationcm
992 3511 1068 3565 Verbi
1083 3511 1259 3565 narrationis
1274 3511 1371 3565 seriem
1385 3509 1501 3562 deducit.

95 3611 236 3667 Secundae
253 3613 321 3666 tiber
336 3612 371 3666 ab
385 3613 579 3667 incantatione
600 3613 677 3666 Verbi
688 3624 771 3680 usqne
784 3613 820 3665 ad
834 3612 916 3677 finem
928 3615 951 3664 et
965 3611 1225 3664 commatationem
1233 3610 1359 3663 omnium
1372 3605 1468 3660 ordine
1481 3604 1609 3670 procedit.

97 3711 164 3764 Item
180 3712 291 3779 primns
308 3711 377 3765 iiber
392 3712 534 3766 ambasia
548 3712 682 3764 clanculus
696 3711 752 3764 sive
763 3715 854 3777 partes
866 3710 1058 3774 mmpbciitur.

97 3810 198 3863 Prima
213 3812 394 3876 perstrueret
410 3809 442 3862 de
458 3809 593 3862 creatione
606 3811 630 3860 et
641 3808 833 3867 constitutione
847 3807 927 3871 braim
940 3805 1075 3860 tenibilis
1090 3804 1195 3857 mnndi.

97 3906 227 3962 Smanda
239 3906 273 3960 de
286 3921 369 3960 conia
383 3908 529 3960 erectionis
546 3906 712 3960 humanust
727 3905 759 3958 de
768 3904 997 3973 primordialibus
1010 3903 1100 3956 earnis
1108 3914 1204 3954 rernm
1217 3898 1355 3952 omnium.

103 4006 195 4060 rnna
208 4005 241 4058 de
255 4005 406 4071 coercitione
419 4003 472 4068 Dei,
490 4004 608 4072 quatiter
616 4003 651 4056 ab
666 4004 748 4056 initio
760 4003 949 4070 manifestatus
961 4008 998 4056 est
1008 4005 1032 4054 et
1041 4015 1113 4054 unta
1126 4003 1149 4052 et
1167 3998 1269 4051 trinus.

98 4105 207 4169 θιιανω
219 4103 253 4155 de
266 4102 400 4156 calamato
412 4101 465 4167 bei,
483 4107 507 4154 et
521 4102 554 4155 de
562 4103 676 4155 divesis
689 4101 784 4165 modic,
800 4101 899 4169 quibus
913 4114 994 4154 saera
1007 4098 1155 4167 Scriptura
1167 4097 1199 4150 de
1212 4096 1349 4149 voluntate
1361 4093 1407 4147 Dei
1421 4092 1496 4162 boui
1510 4089 1652 4144 coruneoit.

100 4202 206 4267 Quinta
219 4201 252 4253 de
267 4200 402 4253 creatione
415 4199 585 4266 anacletum,
601 4202 626 4252 et
638 4200 843 4266 contributione
851 4202 875 4252 et
891 4200 978 4268 lepra
994 4202 1018 4251 et
1031 4198 1063 4251 de
1077 4197 1177 4252 coieris
1192 4208 1251 4264 qua
1262 4194 1299 4248 ad
1310 4193 1382 4261 ipsos
1392 4192 1535 4258 pertinent.

100 4298 181 4354 sista
193 4299 228 4353 dc
241 4298 377 4352 creatione
391 4297 523 4360 bominis,
539 4301 563 4352 et
576 4298 608 4351 de
616 4301 689 4352 statu
702 4299 759 4365 nus
772 4301 834 4351 ante
846 4300 991 4365 peceatum
1347 4296 1350 4299 ’

101 4397 225 4466 Septima
237 4397 271 4451 de
285 4398 372 4465 banni.

103 4496 203 4550 Mace
217 4495 251 4549 de
265 4496 446 4560 reparatione.

103 4595 185 4649 Nossa
199 4594 233 4648 de
242 4594 414 4648 imtitntione
426 4600 672 4650 sacramentorum.

103 4694 215 4748 imina
223 4692 256 4748 de
270 4693 328 4760 nde

109 4795 254 4848 dndaeina
269 4793 302 4847 de
314 4793 494 4848 mamonis
509 4792 649 4846 naturalia
662 4793 735 4859 lepra

104 4891 313 4946 medecimade
325 4891 504 4946 sacramenia
516 4891 624 4958 scriptu
639 4890 712 4956 bnis.

108 4991 195 5059 Hujus
205 4989 273 5045 iibri
287 4989 407 5058 capitula
417 5001 468 5054 per
480 4988 603 5057 anysius
613 4994 703 5053 partes
716 4987 805 5041 subu
819 4983 1001 5039 ordinacione
1016 4981 1048 5033 in
1060 4979 1134 5033 bunc
1148 4975 1279 5029 modurn:

310 5309 473 5370 TABULA
492 5307 675 5368 PROLOGI.
961 5294 1145 5356 conditionis
1157 5288 1320 5349 descendat
1336 5289 1376 5345 ad
1390 5287 1547 5345 narranda
1562 5300 1658 5359 opera
1671 5283 1789 5339 restau·

119 5410 161 5463 ln
172 5405 389 5461 dictinctione
398 5403 528 5473 prolabi
540 5400 688 5470 capitula
702 5400 782 5451 sunt
797 5394 871 5450 baec.
963 5387 1102 5446 rationis.
1760 5457 1766 5469 θ

115 5498 192 5554 Car.
209 5495 234 5551 I.
250 5494 324 5560 Quae
337 5492 401 5548 sint
415 5490 560 5547 discenda
574 5505 593 5544 a
605 5485 765 5560 principio.
999 5478 1073 5534 Gna.
1088 5475 1138 5531 IV.
1153 5471 1240 5538 Quod
1262 5468 1435 5541 tripluciter
1461 5468 1572 5523 tractat
1597 5464 1634 5518 de
1659 5462 1789 5515 materia

112 5586 190 5643 cm.
208 5583 247 5641 H.
264 5583 338 5650 Quae
354 5581 396 5638 sit
410 5579 539 5638 materia
549 5578 724 5634 divinarum
740 5571 910 5643 Scriptura·
965 5583 1021 5622 sua
1036 5563 1191 5636 eloquium
1205 5574 1338 5615 sacrum.

79 5692 147 5735 rum
1000 5654 1074 5712 Car.
1089 5652 1126 5710 V.
1155 5648 1243 5716 Quod
1256 5649 1290 5704 in
1305 5661 1391 5703 sacro
1404 5642 1525 5716 eloquio
1537 5653 1600 5697 non
1615 5637 1687 5697 solae
1700 5650 1791 5696 voees

111 5718 190 5826 Gar.
205 5762 265 5826 111.
279 5761 433 5837 Quoniam
446 5745 553 5821 dirim
575 5753 733 5830 Scriptura
747 5766 801 5827 per
818 5761 910 5825 opera
966 5743 1063 5805 sedet
1076 5757 1125 5802 res
1140 5737 1312 5813 significare
1328 5733 1457 5794 babent.
