3742 6082
51 222 105 282 001
535 216 589 274 DE
606 213 895 274 SACRAMENTIS.
916 213 1025 274 LIBRI
1043 217 1073 276 11
1091 219 1192 278 PARS
1210 217 1305 278 XVII.
1706 223 1762 283 602

52 350 130 403 coelo
142 350 173 401 et
187 346 310 400 incrtat
327 346 385 413 qui
400 346 437 398 in
457 345 582 400 Christo
607 350 686 400 sunt
705 350 878 415 resurgent
890 337 917 391 A
932 337 970 403 do
983 363 1117 420 namque
1130 349 1212 420 quod
1226 352 1451 405 resurrecturus
1467 365 1547 416 sum,
1564 350 1616 405 sed
1632 351 1700 407 volo
1724 356 1760 409 ut

48 437 166 505 primi.
181 436 304 488 Deinde
318 449 375 488 nos
393 433 532 489 viventes
557 437 615 507 qui
640 434 751 506 reliqui
774 450 882 490 sumus
936 438 1059 494 audiam
1074 439 1185 510 qualis.
1197 438 1359 494 Sciendum
1372 439 1485 511 quippe
1500 439 1579 495 mibi
1594 443 1641 496 est
1654 444 1760 497 utrum

53 526 158 580 simui
179 524 352 591 rapiemur
364 536 437 577 cnm
462 524 531 577 iltis
548 525 584 576 in
600 524 738 576 nectibus
755 524 880 578 obviam
935 527 968 581 in
984 527 1115 599 quodam
1130 527 1190 583 alio
1203 526 1309 582 subtili
1318 527 1449 582 fortasse
1458 527 1507 582 vel
1522 528 1614 597 aerio,
1628 544 1667 583 an
1677 529 1710 584 in
1727 544 1761 585 00

54 612 182 667 Christo
205 612 241 664 in
266 625 356 665 aera.
383 612 424 664 Et
446 610 491 664 ita
513 625 638 679 semper
657 624 731 665 cum
745 612 882 666 Domino
937 631 998 688 quo
1012 632 1121 673 maneo
1135 633 1259 690 corpore
1273 632 1407 687 surgam.
1423 617 1480 673 Sed
1507 619 1534 673 si
1556 618 1588 673 in
1604 618 1686 674 aerio
1702 633 1765 673 cor·

53 701 181 755 erimut
196 700 223 768 (l
243 699 329 753 Thet-
345 702 398 763 1V't·
416 697 489 752 Haec
501 698 594 752 verba
607 698 774 770 apostolica
786 713 883 754 resur·
936 720 1008 776 pore
1021 707 1254 777 resurrer0,jam
1269 721 1330 761 non
1343 720 1394 761 ero
1409 721 1464 776 ego
1475 707 1529 777 qui
1544 706 1762 777 resurgo.Nam

54 788 221 845 rectionem
249 791 441 842 mortuorum
470 786 606 842 futuram
633 787 757 858 quando
780 787 883 843 veniet
937 794 1089 865 quomodo
1104 798 1150 850 est
1161 810 1234 850 vera
1246 795 1437 863 resurrectio,
1450 795 1476 849 si
1486 811 1559 850 vera
1574 810 1637 850 non
1650 794 1765 867 poterit

53 876 197 933 Christus
211 876 319 947 utiquc
334 875 373 930 ad
386 875 473 930 vivos
492 879 522 930 et
541 880 678 932 mortuos
700 876 883 948 judicandos
937 898 1002 938 esse
1016 898 1086 939 caro
1098 881 1113 936 1
1124 884 1239 955 Aperta
1251 898 1322 953 ergo
1333 885 1411 939 ratio
1426 885 1563 954 suggerit
1574 882 1668 956 quod,
1680 884 1706 939 si
1716 897 1765 938 ve·

53 965 288 1038 praeclarissime
302 963 478 1020 ostendunt.
494 962 552 1019 Sed
565 965 661 1036 quaeri
685 964 761 1021 solet
776 968 882 1021 utrum
937 986 971 1026 ra
984 987 1055 1027 caro
1067 986 1128 1027 non
1144 971 1247 1040 fuerit,
1263 970 1369 1042 procui
1382 972 1476 1028 dubio
1491 971 1672 1028 resurrectio
1687 986 1762 1027 vera

52 1053 98 1109 illi
121 1068 200 1127 quos
224 1053 274 1108 hic
297 1052 435 1108 viventes
458 1052 641 1108 inventurus
662 1057 709 1109 est
730 1053 882 1121 Christus,
937 1076 999 1117 non
1015 1061 1081 1116 erit,
1095 1061 1202 1132 Neque
1216 1060 1297 1116 enim
1321 1062 1401 1116 recta
1426 1060 1607 1116 resurrectio
1629 1059 1689 1115 dici
1710 1074 1763 1132 po·

53 1158 189 1215 quorum
206 1157 353 1214 personas
366 1141 399 1195 in
415 1156 446 1197 se
461 1145 554 1213 atque
575 1142 644 1198 illos
668 1143 721 1215 qui
746 1146 820 1198 111110
838 1157 882 1197 se·
938 1154 1008 1218 test,
1023 1149 1077 1205 ubi
1102 1164 1164 1205 non
1179 1149 1278 1219 surgit
1293 1148 1376 1220 quod
1390 1147 1539 1204 ceciderit.
1561 1147 1648 1204 Unde
1668 1147 1762 1215 etiam

54 1246 124 1287 cum
134 1230 282 1286 vivebant
292 1230 534 1300 transfigurabat
544 1229 883 1302 Apostolu⁸,nunquam
938 1238 1121 1310 Redemptor
1141 1242 1245 1293 noster
1259 1237 1474 1292 dubitantibus
1495 1236 1532 1292 de
1546 1252 1603 1291 sua
1615 1250 1763 1291 100111100-
1825 1266 1829 1271 ⁴

54 1320 183 1376 omnino
195 1320 335 1374 morituri
358 1319 431 1388 sint,
454 1335 493 1374 an
508 1320 576 1391 ipso
600 1320 746 1391 temporis
769 1323 883 1391 puncto
939 1328 1020 1383 tione
1035 1326 1194 1398 discipulis
1207 1326 1341 1381 ostendit
1357 1341 1468 1381 manus
1482 1327 1512 1380 et
1526 1323 1608 1380 latus
1619 1340 1628 1392 ;
1641 1321 1765 1396 palpan-

55 1424 200 1481 qu0‚cum
215 1408 449 1478 resurgentibus
459 1408 618 1479 rapientur
630 1409 663 1462 in
686 1408 822 1464 nubibus
835 1409 882 1464 ob
937 1416 977 1471 da
991 1430 1071 1484 ossa,
1087 1419 1117 1470 et
1131 1429 1253 1470 carnem
1269 1413 1412 1486 praebuit,
1428 1413 1551 1469 dicens:
1577 1414 1716 1481 Peripate
1732 1414 1765 1465 et

55 1500 139 1554 viam
153 1497 277 1553 Christo
289 1498 321 1552 in
338 1513 408 1553 aera
418 1497 457 1552 ad
466 1497 728 1553 immortalitatem
737 1513 790 1570 per
804 1513 882 1554 mor·
938 1507 1044 1560 videte
1054 1506 1134 1573 quia
1148 1505 1287 1573 spiritus
1302 1518 1434 1559 carnem
1448 1506 1479 1558 et
1489 1516 1562 1557 ossa
1575 1515 1641 1556 non
1657 1500 1763 1568 babet,

56 1591 118 1644 tem
133 1586 214 1642 mira
231 1586 384 1641 celeritate
403 1586 590 1642 transibunt.
609 1585 642 1642 Si
668 1601 739 1658 ergo
762 1591 884 1643 sanctos
937 1588 1577 1662 sicutmenidetisbabere(Luc.xx1vt.
1599 1589 1668 1644 Jam
1692 1602 1765 1643 vero

57 1677 111 1748 qui
123 1675 315 1747 reperientur
329 1674 452 1730 Christo
466 1675 608 1731 veniente
621 1675 770 1743 viventes,
795 1676 885 1747 eique
898 1677 924 1734 B
938 1681 975 1737 de
989 1682 1209 1738 resurrectione
1225 1681 1335 1749 carnis,
1351 1695 1414 1735 non
1429 1680 1508 1734 sicut
1522 1676 1648 1749 quidam
1663 1690 1762 1732 resur·

58 1765 91 1820 in
106 1764 230 1819 obviam
242 1764 400 1834 rapientur
414 1762 631 1819 crediderimus
648 1763 681 1818 in
697 1763 802 1819 eodem
816 1779 883 1835 rap-

57 1857 92 1908 tu
106 1852 145 1908 de
161 1851 344 1908 mortalibus
363 1852 541 1923 corporibus
559 1852 696 1908 exituros
705 1868 713 1921 ;
738 1856 769 1908 et
783 1851 823 1907 ad
842 1867 886 1906 ea-

58 1940 126 1996 dem
141 1956 213 1996 mcx
222 1940 409 1996 immortalia
433 1940 594 2009 redituros,
617 1940 718 1996 nullas
736 1941 769 1996 in
783 1940 885 1996 verbis

58 2030 200 2104 Apostoli
213 2031 367 2102 patiemur
382 2031 551 2100 angustias,
573 2030 637 2084 sive
653 2029 706 2084 nbi
720 2029 812 2085 dicit:
840 2031 885 2084 Ta

58 2124 144 2192 quod
159 2123 304 2176 cerninus
325 2135 389 2174 11011
408 2120 599 2190 vivificatur
622 2121 690 2176 nisi
708 2122 805 2189 prius
824 2135 886 2175 mo

57 2211 174 2265 riatur
190 2209 220 2278 (l
232 2209 298 2265 Cor.
311 2208 363 2274 xv)
377 2225 382 2262 :
401 2209 465 2263 sive
478 2209 532 2263 ubi
544 2208 636 2264 dicit:
651 2210 767 2263 Omnes
781 2224 887 2263 resur·

58 2314 173 2371 gemus
189 2301 243 2354 aut
254 2312 360 2354 omnes
374 2297 561 2352 dormiemus
572 2298 681 2367 (ibidl3
698 2298 772 2370 quia
786 2313 841 2353 nec
855 2297 888 2353 il·

58 2386 82 2442 li
95 2402 153 2459 per
165 2385 430 2442 immortalitatem
443 2386 692 2455 vivificabuntur,
708 2386 767 2442 nisi
782 2401 888 2458 quam·

56 2474 134 2531 libet
157 2475 318 2548 paululum
333 2478 437 2530 tamen
465 2479 535 2530 ante
564 2476 759 2545 moriantur,
780 2490 815 2531 ac
834 2491 889 2548 per

59 2564 119 2619 hoc
138 2566 170 2619 et
183 2578 201 2618 a
215 2563 437 2620 resurrectione
452 2579 514 2619 non
541 2567 633 2619 erunt
659 2564 762 2633 alieni,
793 2579 887 2636 quam

60 2651 245 2709 dormitione
256 2652 433 2725 praecedunt
447 2653 590 2725 quamvis
608 2653 800 2722 brevissima,
825 2668 887 2709 non

939 1773 1084 1826 rexerunt
1097 1770 1271 1841 iterumque
1285 1772 1360 1824 sunt
1373 1767 1507 1835 mortui;
1533 1765 1586 1822 sed
1612 1766 1645 1820 in
1670 1765 1767 1819 vitam

940 1862 1086 1914 aeternam
1101 1850 1307 1913 sicut'Cbristi
1317 1856 1415 1928 ipsius
1427 1851 1766 1925 resurrectic,quemad·

939 1947 1065 2002 modum
1079 1961 1205 2018 possum
1226 1945 1359 2000 breviter
1379 1942 1547 2015 disputare,
1569 1943 1600 1996 et
1622 1940 1767 1996 omnibus

940 2035 1244 2107 quaestionibusque
1260 2033 1297 2089 de
1311 2032 1368 2088 bac
1390 2031 1538 2087 removeri
1564 2029 1663 2085 solent
1676 2028 1765 2083 satis-

940 2125 1039 2181 iacere
1052 2140 1114 2180 non
1126 2121 1513 2179 invenioiiesurrecturam
1528 2121 1632 2174 tamen
1644 2131 1767 2173 carnem

941 2214 1080 2270 omnium
1090 2213 1266 2284 quicunque
1280 2210 1346 2265 nati
1361 2210 1626 2276 sunt,nascuntur‚
1643 2208 1673 2261 et
1687 2220 1767 2260 mor·

941 2305 988 2359 tui
1003 2307 1085 2372 sunt,
1102 2306 1132 2357 et
1150 2300 1331 2368 morientur,
1354 2297 1439 2360 nullo
1463 2296 1553 2352 modo
1573 2295 1769 2351 Christianus

942 2393 1030 2448 debet
1045 2392 1195 2448 dubitare.
1213 2389 1300 2446 Unde
1311 2389 1410 2461 prima
1422 2386 1554 2443 occurrit
1568 2383 1605 2440 de
1619 2382 1769 2439 abortivis

942 2482 1056 2538 fetibus
1071 2478 1268 2553 quaestio,qui
1278 2478 1342 2550 jam
1351 2476 1474 2548 quidem
1489 2473 1556 2528 nati
1571 2472 1689 2528 suntin
1703 2474 1770 2527 ute·

942 2571 986 2628 ris
997 2573 1143 2638 matrum,
1157 2568 1210 2624 sed
1224 2565 1361 2623 nondum
1379 2566 1423 2621 ita
1436 2563 1502 2619 uati
1517 2565 1553 2618 ut
1564 2563 1628 2633 jam
1651 2560 1771 2634 possint

943 2657 1106 2715 renasci.Si
1119 2659 1304 2712 resurrectos
1319 2668 1370 2709 ecs
1381 2651 1550 2707 dixerimus
1565 2649 1620 2720 qui
1630 2648 1696 2720 jam
1709 2648 1769 2702 ior·

61 2745 167 2798 tamen
182 2740 277 2797 nulla.

96 2829 172 2887 Car.
184 2829 254 2886 XII.
270 2832 430 2891 Quomodo
439 2832 693 2901 intelligendum
708 2832 853 2900 estquod

60 2921 310 2988 scriptumest:
330 2940 340 2969 1
366 2921 457 2975 Vives
471 2925 502 2975 et
522 2920 856 2988 mortuosjudicactt.
876 2942 886 2968 ι

943 2748 1019 2804 mati
1033 2750 1106 2803 sunt
1118 2749 1275 2816 utcunque
1290 2741 1413 2798 tolerari
1426 2741 1526 2812 potest
1541 2735 1624 2810 quod
1638 2735 1767 2791 dicitur.

943 2837 1094 2892 informes
1108 2850 1180 2890 vero
1193 2832 1349 2889 abortivos
1368 2829 1439 2902 quis
1457 2842 1520 2884 non
1542 2822 1709 2899 proclivius
1723 2836 1771 2895 pe

944 2925 1004 2980 rire
1025 2924 1192 2980 arbitretur
1207 2922 1286 2977 sicut
1310 2919 1427 2975 semina
1450 2932 1519 2990 quaa
1541 2919 1687 2983 concepta
1707 2924 1770 2967 non

97 3007 228 3063 Duobus
242 3006 341 3063 modis
362 3008 520 3079 accipitur,
548 3009 630 3079 quod
651 3008 738 3065 vivos
761 3012 791 3064 et
813 3023 889 3064 mor·
907 3009 1083 3078 cinerinti
1096 3010 1155 3067 Sed
1174 3024 1284 3081 negare
1297 3007 1367 3081 quis
1386 3004 1498 3061 audeat
1517 3006 1547 3059 et
1570 3002 1596 3057 si
1620 2999 1771 3055 affirmare

62 3101 135 3152 tuos
146 3096 307 3168 judicabit.
323 3095 393 3152 Sive
412 3096 501 3152 vivos
521 3096 721 3167 intelligimus
735 3113 814 3170 quos
839 3098 889 3154 hic
941 3117 1004 3157 non
1018 3100 1140 3168 audeat,
1155 3099 1187 3154 id
1202 3102 1339 3154 acturam
1354 3093 1618 3159 resurrectionem,
1633 3091 1670 3145 ut
1686 3085 1770 3160 quid-

61 3184 200 3242 nondum
214 3187 363 3253 mortuos,
379 3185 433 3241 sed
448 3185 547 3241 adhuc
560 3186 593 3242 in
607 3186 666 3242 ista
679 3201 769 3243 carue
784 3188 888 3243 viven-
943 3190 1018 3263 quid
1037 3188 1143 3244 formae
1166 3186 1265 3242 deluit
1280 3183 1455 3256 impleatur,
1481 3184 1574 3252 atque
1589 3179 1634 3234 ita
1659 3192 1722 3233 non
1744 3174 1772 3231 si

60 3278 108 3330 tes
123 3274 307 3330 inventurus
317 3277 364 3329 est
378 3273 444 3346 eJus
455 3274 623 3344 adventus3
635 3279 774 3332 mortuos
785 3279 888 3332 autem
941 3278 1087 3350 perfectio
1107 3291 1176 3348 quae
1194 3287 1353 3330 accessura
1376 3273 1442 3327 erat
1467 3273 1602 3341 tempore
1624 3262 1769 3339 quemad·

61 3364 117 3436 qui
131 3362 168 3418 de
178 3377 302 3435 corpore
310 3363 491 3435 priusquam
502 3364 760 3433 veniat,exierunt
769 3364 888 3422 1010111-
942 3367 1067 3424 modum
1079 3380 1143 3434 non
1155 3367 1246 3421 erunt
1259 3362 1412 3432 vitiaquae
1422 3358 1769 3427 accesserunttempcre‚

61 3452 125 3508 turi
140 3455 222 3507 sunt.
238 3451 308 3507 Sive
321 3451 409 3507 vivos
422 3451 523 3522 justos
537 3455 568 3508 et
587 3456 726 3509 mortuos
744 3453 888 3525 injustos,
942 3461 978 3512 ut
990 3470 1089 3527 neque
1100 3454 1133 3510 in
1146 3468 1180 3509 eo
1195 3449 1278 3525 quod
1287 3453 1394 3522 aptum
1409 3450 1440 3504 et
1452 3460 1623 3517 congruum
1647 3440 1768 3500 (1101111-

60 3541 210 3614 quoniam
222 3541 407 3614 judicabunt
423 3541 510 3613 justi,
528 3540 750 3613 judicabuntur
768 3542 886 3613 injusti.
942 3544 1036 3601 laturi
1060 3542 1193 3611 fuerant,
1215 3543 1328 3595 natura
1354 3534 1524 3602 fraudetur,
1550 3546 1650 3604 neque
1676 3530 1710 3585 in
1734 3543 1770 3584 eo

61 3629 138 3686 Car.
154 3629 238 3686 XIII.
255 3633 299 3686 lie
324 3630 565 3685 resurrectione
588 3643 771 3700 corporum,
786 3633 890 3701 quati
943 3632 1025 3704 quod
1038 3632 1203 3687 adversum
1213 3632 1243 3684 et
1255 3625 1443 3683 contrarium
1459 3622 1523 3677 dies
1553 3617 1701 3685 attulerit,
1720 3630 1772 3670 na·

243 3723 293 3774 ter
313 3723 374 3773 aut
389 3719 505 3788 qualia
528 3724 710 3789 resurgent.
943 3725 1014 3777 tura
1028 3721 1170 3789 turpetur
1193 3731 1201 3784 3
1224 3714 1278 3770 sed
1299 3709 1504 3781 integrabitur
1526 3704 1608 3778 quod
1633 3702 1769 3760 nondum

98 3807 179 3863 Sunt
193 3806 334 3863 nonnulli
349 3807 402 3879 qui
417 3806 644 3863 considerantes
666 3808 748 3879 quod
762 3808 890 3880 spiritus
944 3798 1019 3878 erat,
1031 3812 1061 3863 et
1085 3807 1239 3874 integrum
1263 3797 1490 3856 instaurabitur
1522 3793 1606 3866 quod
1631 3790 1769 3849 nondum

63 3912 82 3953 a
96 3912 187 3953 carne
201 3896 341 3965 solvitur,
356 3894 439 3968 quod
453 3910 523 3951 caro
536 3896 568 3950 in
585 3896 778 3969 putredinem
803 3897 891 3952 verti·
943 3896 1045 3952 iuerat
1057 3894 1212 3950 vitiatum.

63 3990 125 4054 tur,
139 3984 222 4057 quod
237 3985 366 4056 putredo
381 3985 414 4040 in
439 3984 595 4056 pulverem
621 3984 778 4056 redigitur,
808 3984 891 4057 quod
944 3984 1017 4042 (tra.
1034 3982 1114 4040 XIV.
1135 3983 1178 4035 De
1192 3977 1348 4034 abortivis
1361 3979 1392 4031 et
1412 3973 1569 4030 monstris
1586 3975 1701 4026 utrum
1716 3979 1768 4021 re·

63 4073 167 4146 pulvis
182 4073 215 4128 in
227 4073 377 4128 elementa
393 4071 565 4128 solviturut
579 4088 774 4145 nequaquam
790 4074 829 4128 ab
838 4074 892 4129 hu·
1193 4070 1329 4136 surgent
1345 4069 1376 4119 et
1397 4064 1524 4133 qualia.

64 4163 166 4218 manis
181 4161 278 4217 oculis
291 4161 434 4217 videatur
444 4177 452 4229 ;
467 4162 718 4217 resurrectionem
727 4162 792 4218 fieri
802 4178 891 4235 posse
980 4161 1076 4232 Super
1088 4158 1145 4223 hoc
1168 4152 1433 4227 scrupulosissime
1459 4149 1583 4214 quidem
1604 4147 1685 4201 inter
1706 4141 1773 4198 doc

64 4252 279 4323 desperantiit
291 4250 364 4306 dum
380 4250 466 4305 arida
485 4266 555 4304 ossa
569 4250 748 4324 inspiciunt,
754 4251 820 4306 haec
829 4266 893 4306 ves·
945 4250 1081 4306 tissimos
1095 4246 1191 4319 quaeri
1207 4243 1283 4300 solet
1292 4240 1444 4313 disputari
1457 4232 1653 4310 potest,qu0d
1664 4234 1770 4285 utrum

64 4340 116 4395 tiri
130 4340 275 4396 carnibus
286 4354 470 4410 rursumque
479 4338 518 4393 ad
529 4339 811 4396 vitamviridescere
825 4355 891 4412 pos
904 4360 932 4415 D
946 4339 985 4394 ab
1000 4337 1122 4393 homine
1135 4331 1268 4389 inveniri
1278 4329 1375 4403 possit
1389 4329 1507 4398 ignoro.
1522 4320 1650 4390 Quando
1663 4315 1772 4388 incipit

64 4445 97 4484 se
110 4428 264 4499 diffidunt,
280 4429 333 4501 qui
350 4428 580 4484 resurrectionis
594 4429 684 4486 fldem
700 4446 738 4486 es
753 4429 891 4487 obedienss
943 4429 1046 4495 homo,
1057 4426 1090 4481 in
1104 4427 1192 4480 utero
1206 4421 1308 4478 vivere
1321 4421 1425 4473 utrum
1438 4415 1478 4470 sit
1493 4409 1634 4484 quaedam
1649 4403 1772 4464 occulta

64 4517 109 4572 tia
124 4533 187 4586 non
197 4521 302 4573 tenent
317 4521 396 4574 00110
409 4518 489 4573 hanc
512 4521 613 4574 tenere
637 4533 675 4574 ex
698 4520 816 4575 ratione
841 4518 889 4574 de·
944 4519 1020 4586 vita,
1044 4529 1112 4586 quoe
1135 4510 1274 4568 nondum
1299 4506 1434 4563 motibus
1455 4501 1588 4559 viventis
1614 4496 1771 4570 appareat.

63 4606 209 4661 buerunt.
226 4605 306 4670 Quid
320 4605 550 4677 enimquotidie
565 4606 625 4661 nisi
641 4608 891 4663 resurrectionem
943 4606 1024 4662 Nam
1048 4616 1158 4672 negare
1181 4599 1295 4654 vixisse
1320 4591 1480 4668 puerperia
1517 4603 1586 4661 quae
1610 4587 1774 4658 propterea

64 4696 204 4749 nostram
219 4694 252 4749 in
265 4693 567 4750 elementismundus
577 4691 739 4750 imitaturi
751 4694 807 4750 Per
822 4708 893 4766 quo·
945 4690 1140 4749 membratim
1147 4688 1328 4743 exsecantur
1337 4681 1540 4753 etejiciuntur
1550 4691 1588 4732 ex
1595 4673 1691 4730 uteris
1702 4685 1775 4745 prae·

64 4781 185 4837 tidiana
196 4780 308 4854 quippe
322 4786 478 4838 momenta
488 4781 617 4853 luxipsa
630 4781 807 4853 temporalis
822 4797 893 4853 qua·
946 4781 1120 4852 gnantium,
1134 4791 1172 4831 ne
1185 4779 1314 4829 matrem
1329 4782 1451 4842 quoque
1468 4766 1505 4836 (si
1525 4767 1648 4820 mortua
1668 4760 1771 4817 111110-

64 4870 93 4925 si
103 4869 245 4939 moritur,
260 4868 334 4925 dum
348 4869 636 4942 supervenientibus
650 4870 749 4926 noctis
760 4869 893 4926 tenebris
945 4865 1138 4941 linquantur)
1155 4861 1307 4928 occidant,
1322 4855 1513 4930 impudentia
1528 4852 1626 4908 nimia
1638 4849 1771 4906 videtur.

65 4974 102 5014 ea
117 4974 187 5051 qua
200 4958 407 5030 aspiciebatur
421 4958 615 5013 subtrabitur
626 4973 634 5026 3
646 4961 676 5013 et
689 4958 780 5029 quasi
793 4957 892 5029 quoti·
946 4957 994 5012 Ex
1008 4970 1069 5027 quo
1083 4955 1185 5008 autem
1197 4949 1307 5020 incipit
1319 4946 1411 5002 bomo
1421 4944 1535 5011 vivere,
1549 4957 1586 4996 ex
1597 4939 1651 4996 illo
1665 4937 1774 5009 utique

64 5045 115 5102 die
127 5047 261 5119 resurgit
273 5046 345 5102 dum
360 5047 416 5101 11111
430 5045 534 5102 ablata
554 5045 651 5102 oculis
666 5061 830 5119 suppressa
842 5047 894 5102 ite·
944 5044 1009 5118 jam
1024 5041 1102 5098 mori
1120 5040 1231 5113 potest.
1248 5036 1391 5092 Mortuus
1404 5048 1475 5090 vero
1500 5031 1677 5102 ubicunque
1691 5039 1774 5082 mors

63 5150 134 5190 rum
149 5138 237 5191 nocte
253 5138 422 5207 reparatur.
440 5134 497 5191 Per
517 5139 674 5191 momenta
687 5135 801 5208 quippe
816 5139 893 5191 tem·
947 5134 993 5190 iili
1007 5131 1108 5206 potuit
1122 5128 1254 5197 evenire,
1277 5124 1430 5198 quomodo
1454 5123 1493 5178 ad
1522 5116 1774 5178 resurrectionem

63 5238 175 5295 porum
203 5224 358 5279 cernimus
385 5224 513 5279 arbusta
535 5224 723 5280 viriditatem
748 5224 893 5281 foliorum
947 5237 1010 5277 non
1023 5221 1175 5293 pertineat
1196 5220 1387 5273 mortuorum
1410 5213 1542 5285 reperire
1558 5223 1618 5265 non
1634 5215 1771 5279 possum.

63 5312 224 5380 amittere;
240 5313 427 5368 atructuum
443 5311 612 5383 prolatione
630 5327 757 5368 cessare.
776 5314 893 5368 Etecce
947 5311 1054 5383 Neque
1068 5309 1150 5364 enim
1163 5311 1302 5362 monstra
1324 5320 1392 5377 quae
1414 5302 1584 5358 nascuntur
1605 5298 1636 5352 et
1663 5292 1775 5348 vivunt

63 5400 155 5473 quasi
171 5415 210 5456 ex
226 5405 381 5458 arescente
396 5401 500 5457 subito
512 5401 596 5472 ligno
611 5402 838 5474 velutquadam
853 5417 895 5457 re·
948 5398 1119 5472 quamlibet
1131 5397 1191 5453 cito
1207 5394 1388 5461 moriantur,
1398 5395 1453 5446 aut
1462 5387 1668 5445 resurrectura
1683 5392 1773 5450 nega·

64 5489 254 5545 surrectione
276 5490 437 5559 veniente,
465 5488 604 5545 videmus
627 5490 703 5546 folia
726 5505 892 5563 erumpere,
948 5488 1076 5556 buntur,
1090 5490 1144 5541 ant
1165 5484 1285 5540 vitiata
1298 5483 1504 5537 resurrectura
1527 5469 1774 5536 credendarum,

63 5577 187 5634 tructus
201 5578 410 5649 grandescere,
428 5584 458 5635 01
479 5582 574 5634 totam
599 5579 739 5635 arborem
760 5578 895 5635 redivivo
950 5581 1079 5634 autnon
1091 5574 1195 5647 potius
1208 5575 1341 5628 correcta
1354 5565 1575 5635 emendataque
1589 5555 1774 5615 naturabb·

64 5666 173 5724 decore
184 5668 303 5727 vestiri.
319 5667 379 5724 Sed
390 5683 457 5724 ecce
471 5669 722 5725 resurrectionem
735 5669 837 5737 audio,
853 5669 894 5725 01-
951 5667 991 5722 111
1005 5665 1087 5722 enim
1100 5667 1135 5719 ut
1156 5661 1242 5718 illum
1263 5656 1462 5715 bimembrem
1485 5650 1539 5724 qui
1563 5663 1661 5722 nuper
1681 5651 1775 5703 natus

65 5755 183 5815 tectum
197 5758 303 5814 tamen
313 5756 414 5831 ipsius
427 5757 658 5816 resurrectionis
673 5758 810 5831 exquiro.
826 5756 895 5814 Cre·
951 5753 1042 5812 estin
1056 5752 1172 5809 oriente
1187 5750 1224 5805 de
1233 5762 1295 5822 quo
1310 5746 1425 5802 tratres
1441 5733 1803 5828 assummum&

174 5839 180 5846 ’
230 5850 369 5911 aanor.
389 5849 552 5912 01111111.
1573 5825 1623 5885 ‘⁸³
