3742 6082
72 201 127 262 515
383 193 558 255 Eudorus
575 193 630 255 DE
647 192 678 253 S.
698 190 870 253 beruas
888 185 973 245 OPP.
993 187 1095 247 PARS
1112 188 1153 247 11.
1173 218 1209 232 -
1226 184 1471 246 DOGMATIGA.
1726 185 1783 248 516

73 328 154 384 11111
167 325 374 400 experimento
386 325 559 394 didicimus,
574 324 607 379 in
620 322 674 378 tali
687 320 828 393 conjugio
849 335 896 376 eo·
911 315 939 371 A
1107 324 1279 377 Decretum
1296 319 1445 390 Gregorii
1458 317 1621 374 lanieris.

73 416 174 473 bolem
189 430 253 472 non
265 431 356 489 posse
370 428 563 471 succrescere.
578 411 665 466 Unde
678 424 799 465 necesse
810 410 856 464 est
866 407 902 462 11
991 407 1022 464 Si
1038 409 1107 480 quis
1125 409 1230 465 iratris
1251 423 1379 464 uxorem
1399 406 1521 462 duxerit
1544 405 1577 460 in
1593 402 1784 476 conjugium,

73 505 138 577 jam
151 507 264 576 quarta
276 503 325 559 vel
336 504 445 574 quinta
454 498 650 572 generatione
660 496 764 553 fideles
778 496 904 552 licenter
956 497 1121 552 anathema
1130 497 1180 553 sit.
1194 496 1226 553 Si
1241 496 1311 568 quis
1322 510 1485 551 novercam
1497 498 1552 550 aut
1566 507 1681 549 nurum
1695 506 1785 548 suam

77 592 136 649 sibi
148 593 328 664 jungantur.
345 591 421 645 Item
436 587 572 643 Joannes
587 585 660 642 dicit
677 603 682 640 :
698 587 812 641 Verum
833 587 904 657 post
956 585 1089 656 duxerit,
1104 586 1268 642 anathema
1282 586 1332 642 sit.
1348 584 1380 641 si
1396 583 1516 657 quiade
1529 582 1654 655 propria
1674 595 1784 653 cogua-

77 680 210 737 multum
225 677 370 750 temporis
385 692 403 731 a
416 675 515 733 Felice
537 673 686 731 Messanae
704 673 814 731 Siciliae
827 689 902 746 pree·
956 673 1039 729 tione
1054 673 1104 730 vel
1118 689 1211 746 quam
1225 675 1374 745 cognatus
1395 672 1506 729 habuit
1525 669 1648 727 duxerit
1666 668 1700 725 in
1715 683 1784 725 con·

78 767 144 824 sule
168 765 345 837 requisitus,
361 767 467 820 utrum
487 763 663 835 Augustino
687 762 853 835 scripserit,
868 764 904 817 ut
954 761 1086 834 jugium,
1100 762 1264 819 anathema
1277 761 1327 817 sit.

78 852 246 923 Auglorum
271 854 382 923 quarta
410 853 605 922 generatione
626 854 783 907 contracta
797 849 903 905 matri·
1116 855 1205 908 Beda
1219 854 1256 907 in
1266 852 1415 906 Historia
1426 851 1621 918 angiorum.

47 958 50 963 ·
78 940 182 997 monia
206 939 332 995 minime
361 939 569 1010 solverentur,
598 938 790 995 humillimus
818 939 906 1009 pater
995 939 1202 1011 Interroganti
1218 934 1714 1009 Augustinoutrumdebeantduo
1727 950 1788 1007 ger-

78 1027 546 1097 Gregoriusintercaeteratalem
557 1028 640 1084 dedit
650 1024 905 1089 rationem.Quod
959 1029 1043 1083 mani
1067 1028 1177 1084 fratres
1202 1028 1341 1099 singulas
1366 1041 1484 1083 sorores
1507 1039 1617 1081 uxores
1640 1024 1785 1095 accipere,

78 1115 187 1186 scripsi
216 1115 392 1186 Augustino
418 1117 519 1187 gentis
547 1115 716 1187 Anglorum
743 1114 903 1186 episcopo,
959 1132 1028 1189 quae
1054 1121 1127 1172 sunt
1150 1116 1188 1171 ab
1203 1116 1263 1172 illis
1284 1115 1376 1186 longa
1390 1114 1534 1186 progenie
1548 1115 1711 1183 generatae,
1726 1126 1786 1167 res·

79 1202 204 1258 alumno
218 1202 368 1272 videlicet,
384 1207 420 1258 ut
442 1203 621 1272 recordaris,
641 1208 705 1271 tuo,
721 1202 758 1257 de
777 1216 905 1258 consan-
959 1204 1067 1277 pondit
1075 1205 1241 1275 Gregorius
1255 1222 1261 1258 :
1279 1204 1345 1261 Hoc
1355 1204 1420 1259 fieri
1434 1203 1578 1259 omnibus
1593 1200 1694 1256 modis
1705 1199 1785 1256 licet.

79 1291 241 1362 guinitatis
262 1292 474 1364 conjunctione
495 1292 555 1364 ipsi
579 1295 609 1348 et
632 1292 800 1362 Anglornm
822 1290 906 1361 genti
959 1294 1162 1366 Nequaquam
1187 1294 1268 1348 enim
1292 1293 1326 1348 in
1354 1293 1448 1347 sacris
1477 1289 1606 1362 eloquiis
1629 1290 1788 1346 iuvenitur

81 1395 151 1452 quae
166 1395 264 1451 nuper
279 1380 317 1435 ad
329 1379 419 1435 iidem
434 1382 570 1450 venerat,
581 1396 620 1436 ne
634 1380 744 1436 abono
759 1379 840 1451 quod
849 1394 905 1434 coe·
960 1380 1043 1452 quod
1057 1379 1128 1436 huic
1144 1380 1259 1452 copulae
1275 1379 1480 1435 contradicere
1494 1376 1644 1433 videatur.

81 1470 169 1539 perat
183 1466 347 1522 metuendo
367 1467 537 1523 austeriora
560 1468 721 1536 recederet,
737 1466 907 1539 specialiter
960 1470 1133 1537 Responsio
1147 1470 1296 1538 Gregorii
1312 1470 1355 1522 ud
1370 1468 1606 1537 Augustiuum.
1625 1463 1711 1536 (Cap.
1726 1462 1787 1534 37.)

81 1570 143 1611 non
148 1554 330 1625 generaliter
336 1557 721 1629 certissimescripsisseme
729 1571 904 1626 cognoscas.
997 1555 1074 1612 Cum
1088 1571 1219 1612 noverca
1230 1555 1353 1611 misceri
1369 1570 1463 1625 grave
1478 1553 1600 1609 facinus
1613 1551 1747 1624 est,quia
1759 1552 1792 1608 iu

82 1642 169 1698 Unde
183 1646 214 1698 et
224 1643 302 1699 mihi
312 1644 412 1700 omnis
422 1644 561 1700 Romana
573 1645 682 1700 civitas
692 1644 779 1699 testis
791 1643 907 1714 existit;
922 1655 949 1712 Β
961 1643 1027 1715 lege
1036 1645 1185 1716 scripturn
1197 1647 1258 1700 est:
1275 1645 1527 1712 Turpitudiaem
1535 1643 1646 1710 patris
1660 1642 1714 1696 tui
1724 1655 1789 1695 noa

82 1744 184 1787 necea
197 1731 368 1787 intentione
393 1732 457 1788 hac
481 1731 543 1788 illis
567 1733 674 1805 scripsi
701 1732 857 1801 mandata,
874 1736 909 1789 ut
962 1734 1120 1788 revelabis
1132 1728 1789 1802 (11111.11111111111111111111111111111111

82 1822 247 1891 postquam
261 1819 350 1874 firma
363 1819 464 1876 radice
477 1820 510 1875 in
529 1820 618 1876 fidem
639 1821 755 1876 fuerint
774 1819 907 1890 solidati,
962 1822 1058 1894 patris
1081 1821 1164 1876 iilius
1185 1820 1317 1878 revelare
1329 1822 1438 1892 potest.
1463 1818 1520 1875 Sed
1543 1818 1617 1889 quia
1640 1817 1789 1889 scriptum

82 1905 109 1963 11
123 1906 207 1962 infra
226 1907 381 1978 propriam
399 1909 697 1979 consanguinitatem
712 1909 830 1963 inventi
844 1908 908 1963 111·
963 1917 1009 1966 111
1025 1912 1152 1965 :Erunt
1166 1913 1231 1966 duo
1247 1912 1283 1965 in
1299 1923 1398 1964 carae
1413 1922 1482 1963 una
1498 1907 1587 1978 (Gen.
1602 1906 1645 1975 11).
1658 1905 1720 1970 Qui
1731 1908 1791 1960 tur·

83 1994 155 2063 rint,
166 2009 229 2050 uon
241 1999 437 2066 separentur,
453 1999 507 2051 ant
521 1996 603 2051 inira
614 1996 772 2052 affinitatis
783 1995 908 2066 lineam,
962 1997 1133 2070 pitudinem
1148 2013 1286 2054 novercae
1301 2012 1369 2069 quae
1381 2011 1444 2051 una
1458 2010 1528 2050 caro
1548 2009 1617 2050 cum
1631 1996 1719 2067 patre
1731 1992 1791 2048 1111

81 2082 172 2139 idest
184 2096 282 2153 usque
295 2081 334 2137 ad
357 2084 519 2155 septimam
534 2085 760 2154 generationem
774 2085 909 2156 jungun·
963 2085 1095 2141 revelare
1108 2085 1348 2159 praesumpserit,
1362 2084 1497 2156 proiecto
1512 2083 1609 2154 patris
1624 2081 1790 2154 turpitudi-

54 2231 60 2244 ¹
83 2175 143 2226 tur.
160 2169 218 2226 Sed
232 2169 316 2241 quod
327 2170 427 2227 adhuc
449 2171 512 2227 illis
527 2173 690 2245 neophytis
705 2173 910 2228 existentibus
963 2191 1034 2231 nem
1043 2173 1200 2230 revelabit.
1213 2174 1290 2229 Cum
1301 2173 1423 2244 cognita
1433 2187 1555 2245 quoque
1568 2171 1658 2226 111111
1670 2170 1792 2226 misceri

83 2258 127 2315 eis
148 2258 283 2330 primum
306 2257 414 2315 illicita
436 2261 616 2329 consentire,
630 2265 660 2316 et
681 2276 732 2316 eos
756 2260 857 2316 verbis
881 2263 910 2315 et
963 2262 1154 2336 prohibitum
1166 2265 1222 2331 111,
1236 2262 1309 2333 quia
1327 2276 1382 2333 per
1396 2260 1643 2333 conjunctionem
1656 2258 1792 2332 priorem

84 2345 231 2419 exemplis
242 2347 403 2416 instruere,
415 2350 445 2402 11
455 2363 523 2419 quae
536 2351 607 2420 post
621 2348 658 2403 de
668 2347 783 2404 talibus
792 2349 910 2420 egerint
963 2366 1033 2407 caro
1047 2350 1152 2405 fratris
1165 2350 1258 2406 fuerit
1279 2349 1370 2418 iacta,
1386 2364 1441 2421 pro
1465 2364 1528 2420 qua
1544 2363 1576 2402 11
1590 2347 1684 2402 etiam
1700 2347 1792 2402 Joan·

83 2433 308 2491 rationabiliter
323 2437 353 2489 et
367 2433 496 2491 fideliter
510 2435 670 2491 excludere
685 2439 815 2508 oportet.
830 2437 909 2492 Nam
964 2454 1019 2495 nes
1032 2438 1173 2511 Baptista
1187 2437 1285 2510 capite
1296 2439 1467 2505 truncatus,
1482 2439 1512 2491 et
1523 2438 1629 2492 sancto
1643 2435 1793 2507 martyrio

81 2523 172 2596 juxta
184 2520 365 2594 Apostolum
378 2523 433 2595 qni
447 2524 491 2579 ait
504 2539 510 2578 ι
525 2526 589 2579 Lac
600 2526 677 2580 dedi
690 2526 775 2583 cobis
781 2530 908 2594 potum,
964 2530 1194 2584 consummatus
1209 2529 1264 2582 111.

86 2626 271 2667 nouercam
284 2610 317 2682 (Ι
327 2612 464 2684 curru),
475 2613 537 2669 1111
547 2611 609 2668 illis
624 2613 725 2682 modo,
739 2629 802 2669 non
810 2617 909 2685 poste·
1177 2613 1250 2670 Cae.
1267 2613 1331 2669 XV.
1346 2616 1389 2669 De
1402 2613 1575 2684 affinitate.

83 2701 137 2771 ris,
151 2703 186 2756 ut
198 2699 358 2773 praeiixum
374 2701 628 2773 est,temporibus
641 2702 773 2758 tenenda
786 2701 912 2758 indulsi·
1000 2704 1175 2774 Gregorius,
1189 2719 1295 2759 servus
1306 2717 1464 2758 servorum
1478 2699 1681 2769 Dei,Venerio
1691 2699 1794 2755 Carta·

85 2806 165 2860 mus,
182 2805 220 2845 ne
233 2790 349 2846 bonum
364 2791 447 2862 quod
461 2791 696 2847 infirmaadhuc
710 2792 810 2847 radice
824 2791 910 2864 plau·
963 2795 1070 2852 litano.
1100 2793 1315 2849 Fraternitatis
1342 2794 1404 2847 tuae
1433 2788 1578 2846 studiosae
1610 2789 1791 2860 sagacitati,

85 2881 184 2935 tatum
195 2882 259 2934 erat
270 2881 436 2947 ertteretur,
448 2879 912 2951 sedaliquantulnmfirmaretur
964 2884 1060 2939 irater
1069 2881 1208 2950 amande,
1221 2895 1298 2952 quas
1308 2878 1403 2934 debeo
1412 2878 1507 2933 refero
1521 2881 1791 2949 grates,quon1am

85 2969 116 3022 et
128 2982 227 3038 usque
243 2966 283 3022 ad
296 2968 512 3039 perfectionem
525 2970 737 3026 custodiretur.
754 2971 828 3027 Haec
840 2986 911 3042 ergo
929 2994 952 3052 G
967 2971 1105 3044 quaesisti
1121 2985 1189 3041 quae
1203 2968 1346 3036 debuisti,
1360 2964 1532 3038 jucundum
1556 2981 1605 3020 me
1620 2963 1790 3020 reddidisti.

84 3068 140 3125 ego
163 3054 298 3110 Joannes
323 3056 435 3112 idcirco
456 3058 689 3130 perstringenda
712 3060 817 3115 curavi
840 3060 911 3115 utii
965 3060 1052 3118 Unde
1079 3057 1196 3131 placide
1223 3056 1262 3112 ad
1289 3055 1438 3127 inquisita
1472 3053 1650 3125 respondeo.
1681 3052 1789 3109 Seuen

84 3143 138 3214 qui
152 3143 309 3199 occasione
321 3159 407 3199 novae
422 3145 661 3217 dispensationis
682 3147 790 3204 illicita
804 3149 910 3204 matri·
965 3147 1164 3222 apostolicam
1177 3145 1333 3202 consulere
1345 3143 1517 3212 decrevisti,
1525 3143 1551 3198 si
1560 3142 1670 3198 mulier
1684 3141 1793 3215 copula

83 3231 187 3287 monia
200 3234 306 3288 contra
317 3231 400 3288 hunc
412 3234 655 3290 eruditissimum
666 3237 768 3291 virum
783 3251 910 3292 causan·
965 3236 1098 3309 nuptiali
1111 3239 1255 3291 extraneo
1269 3234 1335 3289 viro
1345 3233 1454 3305 juncta
1465 3232 1640 3303 cognationi
1651 3232 1792 3304 ejusper-

84 3321 145 3389 tur,
156 3334 218 3375 non
232 3319 413 3391 generaliter
419 3325 538 3391 quartae
550 3323 756 3392 generationis
771 3323 911 3395 copulam
965 3327 1073 3393 tineat,
1090 3324 1116 3378 11
1130 3338 1165 3378 eo
1182 3322 1325 3378 defuncto
1336 3320 1476 3392 cognatio
1488 3319 1795 3388 maneateadem,vel

85 3408 250 3478 censuisse,
266 3408 328 3462 imo
342 3407 504 3464 venialiter
527 3409 681 3482 simulque
704 3412 912 3484 temporaliter
967 3415 992 3469 si
1004 3413 1061 3468 suh
1072 3410 1132 3466 alio
1140 3411 1206 3465 viro
1215 3407 1561 3480 cognationisvocabula
1571 3407 1791 3477 dissolvantur,

87 3496 263 3568 permisisse
273 3498 468 3567 cognoscant.
965 3501 1014 3558 vel
1022 3500 1049 3555 si
1062 3502 1211 3569 susceptae
1225 3497 1343 3554 soboles
1352 3497 1473 3569 possint
1482 3495 1617 3567 legitime
1629 3496 1669 3551 ad
1677 3496 1792 3567 prioris

965 3589 1025 3646 viri
1040 3586 1231 3658 cognationis
1246 3585 1375 3641 transire
1393 3583 1542 3656 copulam.
1559 3583 1615 3638 Est
1629 3583 1712 3637 enim
1728 3598 1794 3637 ver-

211 3675 393 3732 Zacbarius
400 3691 500 3746 papa,
512 3677 655 3746 capitulo
665 3678 785 3746 primo.
965 3677 1040 3732 bum
1057 3675 1181 3731 Domini
1196 3674 1332 3729 validum
1348 3677 1378 3730 et
1390 3673 1478 3740 forte,
1490 3669 1638 3738 durabile,
1653 3685 1795 3740 perseve-

965 3764 1072 3833 rabile,
1080 3761 1284 3832 immutabile,
1294 3777 1357 3817 non
1366 3762 1624 3826 momentaneum,
1634 3772 1698 3813 nou
1710 3761 1795 3815 tran·

122 3851 339 3908 Asserentibus
349 3853 528 3909 hominibus
538 3855 575 3909 de
590 3855 761 3910 Germaniae
772 3854 913 3927 partibus
968 3853 1118 3908 sitorium.
1136 3851 1188 3906 Ait
1210 3853 1313 3906 autem
1338 3865 1392 3923 per
1416 3849 1547 3921 seipsam
1562 3847 1693 3916 Veritas,
1711 3849 1796 3919 quod

86 3936 189 4007 didici,
205 3937 288 4009 quod
301 3939 399 3995 beatae
414 3940 631 3997 recordationis
654 3957 734 4014 papa
748 3942 913 4012 Gregorius
966 3940 1050 3996 Deus
1064 3944 1110 3995 est
1124 3939 1259 3995 Verbum
1283 3938 1349 3993 Dei.
1366 3939 1486 3993 Coelum
1510 3942 1540 3992 et
1560 3941 1650 3991 terra
1670 3939 1794 3990 transi-

87 4023 161 4079 dum
170 4024 914 4098 eosadreligionemChristianitatisdivinagratia
967 4029 1056 4096 bunt,
1074 4029 1170 4082 cerba
1185 4031 1297 4081 autem
1319 4040 1391 4080 mea
1415 4040 1480 4080 non
1497 4024 1689 4079 transibunt
1704 4023 1794 4095 (Luc.

87 4111 266 4182 illustraret,
280 4112 435 4168 licentiam
450 4113 512 4169 illis
528 4114 661 4170 dedisset
674 4115 707 4170 in
722 4119 833 4187 quarta
848 4132 913 4173 sese
966 4131 1032 4185 xxi,
1049 4116 1164 4170 Mettis.
1181 4114 1278 4180 xxiv).
1293 4113 1467 4186 Antequam
1476 4113 1560 4168 Deus
1570 4112 1602 4167 in
1615 4127 1705 4166 carne
1716 4112 1798 4167 inter

87 4200 229 4272 copulare
253 4201 459 4272 generatione,
481 4203 564 4274 quod
586 4202 709 4275 quidem
728 4202 913 4260 Christianis
966 4203 1106 4260 homines
1131 4205 1299 4275 appareret,
1316 4216 1351 4256 eo
1376 4201 1548 4273 inspirante
1571 4199 1649 4254 dixit
1671 4199 1794 4255 Adam:

85 4288 204 4345 licitum
220 4305 281 4346 non
297 4305 372 4360 esse,
384 4290 457 4346 dum
472 4291 580 4363 utique
593 4307 625 4346 se
638 4293 846 4362 cognoverint,
861 4294 912 4349 sed
924 4327 952 4382 D
966 4293 1177 4354 Orramobrem
1192 4291 1568 4360 reliquetbomopatrcm
1580 4277 1678 4342 saum
1692 4292 1723 4343 et
1732 4302 1798 4343 mu·

87 4377 161 4433 dum
175 4379 266 4434 rudes
279 4383 366 4436 erant
380 4379 534 4435 invitandi
553 4380 592 4435 ad
605 4380 707 4449 iidem,
724 4397 911 4453 quamquam
968 4387 1051 4437 trem
1065 4394 1171 4445 suam,
1188 4384 1219 4433 et
1239 4378 1418 4433 adhaerebit
1440 4378 1540 4432 umori
1554 4391 1632 4443 suoe,
1649 4380 1681 4431 et
1695 4381 1796 4431 eruut

87 4465 214 4521 minime
228 4467 375 4537 scriptum
388 4467 566 4538 reperimus,
577 4483 639 4522 non
654 4469 857 4540 ambigamus.
967 4472 1032 4524 duo
1048 4470 1084 4521 in
1099 4481 1199 4522 carue
1214 4481 1283 4520 unc
1305 4466 1393 4537 (Gen.
1410 4479 1434 4519 11
1440 4479 1449 4532 ;
1464 4464 1580 4518 Mattb.
1595 4463 1629 4534 1).
1655 4462 1712 4518 Cui
1734 4478 1797 4518 nou

968 4555 1153 4613 contradixit
1173 4555 1265 4610 Deus.
1282 4555 1423 4626 Denique
1438 4568 1507 4608 cum
1529 4552 1648 4608 Veritas
1663 4552 1797 4608 oriretur

310 4643 392 4696 Item
408 4644 552 4711 capituto
567 4646 691 4713 quinto.
968 4646 1005 4701 de
1020 4644 1146 4700 terrain
1162 4645 1284 4704 terram⁴
1297 4646 1327 4697 et
1340 4640 1473 4698 visibilis
1489 4641 1521 4696 in
1536 4640 1730 4696 humanitate
1743 4656 1797 4712 ap-

968 4733 1081 4806 paruit,
1096 4732 1318 4802 interrogatum
1334 4734 1379 4786 est
1395 4731 1421 4785 si
1439 4730 1557 4785 licitum
1573 4733 1651 4785 esset
1677 4728 1798 4785 homini

126 4818 168 4874 Ut
192 4820 416 4889 consobrinam,
447 4824 578 4893 neptem,
609 4838 781 4893 novercam,
809 4824 915 4879 fratris
969 4837 1095 4878 uxorem
1116 4820 1296 4892 relinquere.
1314 4818 1401 4883 Quod
1423 4818 1589 4891 prohibens
1607 4817 1673 4872 fieri
1688 4819 1797 4889 vetuit,

76 4922 227 4995 uxorem,
252 4908 301 4963 vel
324 4909 360 4964 de
386 4910 510 4981 propria
534 4912 725 4982 cognatione,
749 4912 797 4967 vel
821 4928 913 4984 quam
968 4914 1172 4983 praeterquam
1186 4909 1212 4962 si
1222 4907 1385 4963 fornicatio
1399 4906 1464 4962 sola
1474 4905 1647 4961 excluderet
1656 4906 1800 4978 copulam

88 4998 237 5066 cognatus
257 4995 366 5052 habuit
381 4997 485 5054 nullus
511 4999 621 5054 audeat
642 5001 701 5056 sihi
725 5001 758 5057 in
772 5000 914 5073 conjugio
969 4996 1250 5054 maritalen1.Unde
1265 4995 1394 5067 protulit
1409 4995 1514 5051 statim
1529 4994 1704 5050 inmedium
1719 5009 1801 5049 eam·

87 5082 238 5155 copulare.
253 5084 284 5139 Si
306 5085 377 5157 quis
399 5086 470 5143 huic
484 5086 537 5142 tali
553 5088 672 5144 nefario
688 5089 830 5160 conjugio
847 5105 915 5145 con·
970 5086 1147 5158 demipsam
1159 5083 1455 5154 sentientiamquam
1468 5085 1539 5138 ante
1551 5081 1662 5138 saecula
1672 5097 1804 5138 manens

86 5172 205 5227 venerit
222 5175 251 5227 et
268 5173 300 5228 111
314 5188 349 5229 eo
363 5177 575 5247 permanserit,
593 5177 670 5232 sciat
686 5192 717 5232 se
741 5177 915 5248 apostolicae
970 5189 1039 5229 cum
1054 5173 1143 5228 Patre
1158 5172 1292 5227 Verbum
1307 5171 1471 5243 inspiravit
1485 5170 1518 5225 in
1532 5170 1631 5225 Adam
1645 5170 1713 5241 ipsc
1727 5185 1797 5226 con·

88 5261 493 5319 auctoritatisanathematis
505 5264 637 5320 vinculis
648 5281 713 5320 esse
721 5265 914 5335 innodatum,
969 5262 1097 5317 firmans
1119 5261 1202 5333 quod
1225 5261 1290 5333 ipse
1313 5260 1404 5315 homo
1425 5258 1557 5331 protulit
1573 5275 1579 5312 2
1596 5257 1803 5322 Quamobrem

88 5351 118 5403 et
132 5348 237 5404 nullus
258 5350 398 5407 sacerdos
423 5352 540 5408 tribuat
566 5351 592 5407 ei
613 5353 867 5408 communionem.
883 5352 915 5408 Si
970 5348 1347 5422 relinqueth01noctc.Si
1372 5364 1435 5403 una
1450 5362 1521 5403 caro
1543 5347 1633 5415 fiunt,
1646 5346 1804 5418 quomodo

88 5450 161 5492 vero
174 5452 340 5492 conversus
363 5438 542 5512 divisusque
565 5439 658 5495 fuerit
677 5456 695 5493 a
720 5439 775 5494 tali
793 5439 913 5512 copula·
970 5438 1083 5509 poterit
1093 5438 1206 5510 aliquis
1221 5452 1325 5492 eorum
1336 5437 1529 5510 propinquus
1543 5434 1696 5507 pertinere
1709 5436 1765 5490 uni
1777 5436 1805 5491 si

90 5523 172 5579 tione
184 5524 284 5595 dignae
298 5528 486 5597 poenitentiae
502 5526 713 5597 submittatur,
726 5531 759 5583 ut
775 5529 915 5586 sacerdos
971 5541 1033 5582 nen
1047 5523 1624 5598 1111111111111111011111111111111ῐί
1639 5538 1730 5593 posse
1744 5540 1806 5578 cre·

88 5608 147 5665 loci
163 5613 409 5670 consideraverit.
971 5614 1104 5670 dandum
1128 5617 1183 5669 est.
1207 5614 1287 5671 Nam
1309 5628 1372 5668 uno
1397 5612 1552 5681 defuncto,
1578 5611 1611 5666 in
1635 5611 1804 5683 superstite

970 5703 1104 5759 affinitas
1118 5717 1180 5759 nou
1201 5702 1318 5758 deletur
1341 5716 1396 5757 nec
1418 5700 1479 5758 alia
1503 5698 1613 5772 copula
1627 5699 1803 5773 conjugalis
