<?xml version="1.0" encoding="UTF-8"?>
<!DOCTYPE html PUBLIC "-//W3C//DTD XHTML 1.0 Transitional//EN"
    "http://www.w3.org/TR/xhtml1/DTD/xhtml1-transitional.dtd">
<html xmlns="http://www.w3.org/1999/xhtml" xml:lang="en" lang="en">
 <head>
  <title>
</title>
<meta http-equiv="Content-Type" content="text/html;charset=utf-8" />
  <meta name='ocr-system' content='tesseract 3.04.00' />
  <meta name='ocr-capabilities' content='ocr_page ocr_carea ocr_par ocr_line ocrx_word'/>
</head>
<body>
  <div class='ocr_page' id='page_1' title='image "./patrologiaecurs05migngoog_0236.png"; bbox 0 0 3742 6082; ppageno 0'>
   <div class='ocr_carea' id='block_1_1' title="bbox 81 212 1791 281">
    <p class='ocr_par' dir='ltr' id='par_1_1' title="bbox 81 212 1791 281">
     <span class='ocr_line' id='line_1_1' title="bbox 81 212 1791 281; baseline 0.008 -15"><span class='ocrx_word' id='word_1_1' title='bbox 81 216 138 276; x_wconf 58' lang='lat'>&amp;3</span> <span class='ocrx_word' id='word_1_2' title='bbox 562 236 567 247; x_wconf 79' lang='lat'><strong>·</strong></span> <span class='ocrx_word' id='word_1_3' title='bbox 594 212 650 271; x_wconf 83' lang='lat' dir='ltr'>DE</span> <span class='ocrx_word' id='word_1_4' title='bbox 667 213 955 276; x_wconf 76' lang='lat' dir='ltr'>sscReMuNTIS.</span> <span class='ocrx_word' id='word_1_5' title='bbox 975 217 1086 281; x_wconf 85' lang='lat' dir='ltr'>LIBRI</span> <span class='ocrx_word' id='word_1_6' title='bbox 1104 220 1135 280; x_wconf 86' lang='lat'>11</span> <span class='ocrx_word' id='word_1_7' title='bbox 1152 218 1253 280; x_wconf 76' lang='lat' dir='ltr'>Paris</span> <span class='ocrx_word' id='word_1_8' title='bbox 1269 219 1295 276; x_wconf 90' lang='grc' dir='ltr'>Ι.</span> <span class='ocrx_word' id='word_1_9' title='bbox 1735 218 1791 280; x_wconf 78' lang='lat' dir='ltr'>tot</span> 
     </span>
    </p>
   </div>
   <div class='ocr_carea' id='block_1_2' title="bbox 74 344 1815 5800">
    <p class='ocr_par' dir='ltr' id='par_1_2' title="bbox 74 344 1789 4041">
     <span class='ocr_line' id='line_1_2' title="bbox 82 344 1789 426; baseline 0.001 -24"><span class='ocrx_word' id='word_1_10' title='bbox 82 346 201 402; x_wconf 90' lang='lat' dir='ltr'>dictum</span> <span class='ocrx_word' id='word_1_11' title='bbox 217 345 347 417; x_wconf 86' lang='lat' dir='ltr'>nonest)</span> <span class='ocrx_word' id='word_1_12' title='bbox 363 344 446 418; x_wconf 91' lang='lat' dir='ltr'>quod</span> <span class='ocrx_word' id='word_1_13' title='bbox 461 346 514 418; x_wconf 84' lang='lat' dir='ltr'>qui</span> <span class='ocrx_word' id='word_1_14' title='bbox 529 361 584 418; x_wconf 92' lang='lat' dir='ltr'>pro</span> <span class='ocrx_word' id='word_1_15' title='bbox 595 345 718 403; x_wconf 89' lang='lat' dir='ltr'>Christo</span> <span class='ocrx_word' id='word_1_16' title='bbox 731 350 946 421; x_wconf 76' lang='lat' dir='ltr'>moriturinA</span> <span class='ocrx_word' id='word_1_17' title='bbox 962 358 1068 426; x_wconf 81' lang='lat' dir='ltr'>postea</span> <span class='ocrx_word' id='word_1_18' title='bbox 1086 355 1120 411; x_wconf 89' lang='lat' dir='ltr'>in</span> <span class='ocrx_word' id='word_1_19' title='bbox 1132 355 1211 412; x_wconf 90' lang='lat' dir='ltr'>libro</span> <span class='ocrx_word' id='word_1_20' title='bbox 1226 354 1478 411; x_wconf 78' lang='lat' dir='ltr'>retractationum</span> <span class='ocrx_word' id='word_1_21' title='bbox 1493 349 1669 423; x_wconf 88' lang='lat' dir='ltr'>exemplum</span> <span class='ocrx_word' id='word_1_22' title='bbox 1691 348 1728 404; x_wconf 89' lang='lat' dir='ltr'>de</span> <span class='ocrx_word' id='word_1_23' title='bbox 1747 345 1789 403; x_wconf 85' lang='lat' dir='ltr'>la·</span> 
     </span>
     <span class='ocr_line' id='line_1_3' title="bbox 83 434 1789 516; baseline -0.001 -25"><span class='ocrx_word' id='word_1_24' title='bbox 83 435 207 492; x_wconf 90' lang='lat' dir='ltr'>Christo</span> <span class='ocrx_word' id='word_1_25' title='bbox 220 434 912 511; x_wconf 87' lang='lat' dir='ltr'>baptizatur.lta,inquiunt,verumestquam-</span> <span class='ocrx_word' id='word_1_26' title='bbox 966 446 1053 499; x_wconf 90' lang='lat' dir='ltr'>trone</span> <span class='ocrx_word' id='word_1_27' title='bbox 1068 443 1151 516; x_wconf 87' lang='lat' dir='ltr'>quod</span> <span class='ocrx_word' id='word_1_28' title='bbox 1171 443 1210 499; x_wconf 92' lang='lat' dir='ltr'>ad</span> <span class='ocrx_word' id='word_1_29' title='bbox 1232 442 1313 500; x_wconf 89' lang='lat' dir='ltr'>hanc</span> <span class='ocrx_word' id='word_1_30' title='bbox 1334 442 1519 499; x_wconf 80' lang='lat' dir='ltr'>sententiam</span> <span class='ocrx_word' id='word_1_31' title='bbox 1538 440 1572 496; x_wconf 89' lang='lat' dir='ltr'>in</span> <span class='ocrx_word' id='word_1_32' title='bbox 1593 452 1656 509; x_wconf 87' lang='lat' dir='ltr'>qua</span> <span class='ocrx_word' id='word_1_33' title='bbox 1670 436 1789 491; x_wconf 84' lang='lat' dir='ltr'>dixerat</span> 
     </span>
     <span class='ocr_line' id='line_1_4' title="bbox 83 523 1789 603; baseline -0.002 -23"><span class='ocrx_word' id='word_1_34' title='bbox 83 525 131 580; x_wconf 91' lang='lat' dir='ltr'>vis</span> <span class='ocrx_word' id='word_1_35' title='bbox 147 525 191 580; x_wconf 89' lang='lat' dir='ltr'>ibi</span> <span class='ocrx_word' id='word_1_36' title='bbox 213 524 329 580; x_wconf 91' lang='lat' dir='ltr'>dictum</span> <span class='ocrx_word' id='word_1_37' title='bbox 351 525 483 592; x_wconf 89' lang='lat' dir='ltr'>nonest,</span> <span class='ocrx_word' id='word_1_38' title='bbox 500 528 529 578; x_wconf 92' lang='lat' dir='ltr'>et</span> <span class='ocrx_word' id='word_1_39' title='bbox 550 523 617 579; x_wconf 89' lang='lat' dir='ltr'>ideo</span> <span class='ocrx_word' id='word_1_40' title='bbox 641 540 746 579; x_wconf 89' lang='lat' dir='ltr'>verum</span> <span class='ocrx_word' id='word_1_41' title='bbox 771 529 816 580; x_wconf 90' lang='lat' dir='ltr'>est</span> <span class='ocrx_word' id='word_1_42' title='bbox 837 528 912 598; x_wconf 86' lang='lat' dir='ltr'>quia</span> <span class='ocrx_word' id='word_1_43' title='bbox 966 532 1144 587; x_wconf 82' lang='lat' dir='ltr'>effusionem</span> <span class='ocrx_word' id='word_1_44' title='bbox 1158 532 1328 603; x_wconf 81' lang='lat' dir='ltr'>sanguinis,</span> <span class='ocrx_word' id='word_1_45' title='bbox 1345 531 1408 586; x_wconf 87' lang='lat' dir='ltr'>sive</span> <span class='ocrx_word' id='word_1_46' title='bbox 1420 530 1510 586; x_wconf 89' lang='lat' dir='ltr'>tidem</span> <span class='ocrx_word' id='word_1_47' title='bbox 1525 531 1555 584; x_wconf 92' lang='lat' dir='ltr'>et</span> <span class='ocrx_word' id='word_1_48' title='bbox 1567 525 1666 582; x_wconf 92' lang='lat' dir='ltr'>cordis</span> <span class='ocrx_word' id='word_1_49' title='bbox 1681 528 1711 580; x_wconf 90' lang='lat' dir='ltr'>et</span> <span class='ocrx_word' id='word_1_50' title='bbox 1722 538 1789 579; x_wconf 87' lang='lat' dir='ltr'>oon·</span> 
     </span>
     <span class='ocr_line' id='line_1_5' title="bbox 84 612 1786 691; baseline -0.002 -22"><span class='ocrx_word' id='word_1_51' title='bbox 84 613 159 669; x_wconf 87' lang='lat' dir='ltr'>alibi</span> <span class='ocrx_word' id='word_1_52' title='bbox 175 613 291 668; x_wconf 91' lang='lat' dir='ltr'>dictum</span> <span class='ocrx_word' id='word_1_53' title='bbox 306 615 361 679; x_wconf 91' lang='lat' dir='ltr'>est;</span> <span class='ocrx_word' id='word_1_54' title='bbox 378 612 470 667; x_wconf 91' lang='lat' dir='ltr'>etiam</span> <span class='ocrx_word' id='word_1_55' title='bbox 488 612 513 666; x_wconf 91' lang='lat' dir='ltr'>si</span> <span class='ocrx_word' id='word_1_56' title='bbox 529 612 572 667; x_wconf 93' lang='lat' dir='ltr'>ibi</span> <span class='ocrx_word' id='word_1_57' title='bbox 588 612 703 667; x_wconf 89' lang='lat' dir='ltr'>dictum</span> <span class='ocrx_word' id='word_1_58' title='bbox 717 629 778 668; x_wconf 90' lang='lat' dir='ltr'>nou</span> <span class='ocrx_word' id='word_1_59' title='bbox 794 615 911 681; x_wconf 81' lang='lat' dir='ltr'>estQui</span> <span class='ocrx_word' id='word_1_60' title='bbox 965 621 1147 677; x_wconf 85' lang='lat' dir='ltr'>versionem.</span> <span class='ocrx_word' id='word_1_61' title='bbox 1162 621 1259 675; x_wconf 83' lang='lat' dir='ltr'>vicem</span> <span class='ocrx_word' id='word_1_62' title='bbox 1281 619 1426 691; x_wconf 84' lang='lat' dir='ltr'>baptismi</span> <span class='ocrx_word' id='word_1_63' title='bbox 1449 617 1576 688; x_wconf 92' lang='lat' dir='ltr'>implere</span> <span class='ocrx_word' id='word_1_64' title='bbox 1592 628 1692 686; x_wconf 91' lang='lat' dir='ltr'>posse,</span> <span class='ocrx_word' id='word_1_65' title='bbox 1707 626 1786 667; x_wconf 89' lang='lat' dir='ltr'>com·</span> 
     </span>
     <span class='ocr_line' id='line_1_6' title="bbox 84 698 1786 779; baseline -0.002 -22"><span class='ocrx_word' id='word_1_66' title='bbox 84 703 167 757; x_wconf 88' lang='lat' dir='ltr'>enim</span> <span class='ocrx_word' id='word_1_67' title='bbox 183 701 262 756; x_wconf 81' lang='lat' dir='ltr'>dixit</span> <span class='ocrx_word' id='word_1_68' title='bbox 288 718 294 755; x_wconf 78' lang='grc' dir='ltr'><strong>ε</strong></span> <span class='ocrx_word' id='word_1_69' title='bbox 320 700 387 755; x_wconf 92' lang='lat' dir='ltr'>Nisi</span> <span class='ocrx_word' id='word_1_70' title='bbox 402 700 472 771; x_wconf 88' lang='lat' dir='ltr'>quis</span> <span class='ocrx_word' id='word_1_71' title='bbox 488 704 612 755; x_wconf 88' lang='lat' dir='ltr'>renatus</span> <span class='ocrx_word' id='word_1_72' title='bbox 626 700 721 756; x_wconf 86' lang='lat' dir='ltr'>fuerit</span> <span class='ocrx_word' id='word_1_73' title='bbox 734 717 771 756; x_wconf 87' lang='lat' dir='ltr'>ex</span> <span class='ocrx_word' id='word_1_74' title='bbox 786 717 867 774; x_wconf 85' lang='lat' dir='ltr'>aqua</span> <span class='ocrx_word' id='word_1_75' title='bbox 881 709 911 759; x_wconf 93' lang='lat' dir='ltr'>et</span> <span class='ocrx_word' id='word_1_76' title='bbox 965 708 1133 779; x_wconf 87' lang='lat' dir='ltr'>parandam</span> <span class='ocrx_word' id='word_1_77' title='bbox 1157 710 1374 779; x_wconf 86' lang='lat' dir='ltr'>assumpserat,</span> <span class='ocrx_word' id='word_1_78' title='bbox 1389 704 1577 777; x_wconf 88' lang='lat' dir='ltr'>improbavit</span> <span class='ocrx_word' id='word_1_79' title='bbox 1595 702 1698 758; x_wconf 89' lang='lat' dir='ltr'>dicens</span> <span class='ocrx_word' id='word_1_80' title='bbox 1721 716 1727 754; x_wconf 93' lang='lat'>:</span> <span class='ocrx_word' id='word_1_81' title='bbox 1751 698 1786 754; x_wconf 93' lang='lat' dir='ltr'>In</span> 
     </span>
     <span class='ocr_line' id='line_1_7' title="bbox 83 788 1787 868; baseline -0.002 -22"><span class='ocrx_word' id='word_1_82' title='bbox 83 790 203 862; x_wconf 86' lang='lat' dir='ltr'>Spiritu</span> <span class='ocrx_word' id='word_1_83' title='bbox 217 791 399 856; x_wconf 91' lang='lat' dir='ltr'>sancto,non</span> <span class='ocrx_word' id='word_1_84' title='bbox 413 791 515 859; x_wconf 91' lang='lat' dir='ltr'>potest</span> <span class='ocrx_word' id='word_1_85' title='bbox 526 788 642 842; x_wconf 92' lang='lat' dir='ltr'>intrare</span> <span class='ocrx_word' id='word_1_86' title='bbox 654 789 686 843; x_wconf 92' lang='lat' dir='ltr'>in</span> <span class='ocrx_word' id='word_1_87' title='bbox 698 804 827 859; x_wconf 89' lang='lat' dir='ltr'>regnum</span> <span class='ocrx_word' id='word_1_88' title='bbox 843 791 909 860; x_wconf 87' lang='lat' dir='ltr'>Dei;</span> <span class='ocrx_word' id='word_1_89' title='bbox 966 800 1076 868; x_wconf 87' lang='lat' dir='ltr'>quarto</span> <span class='ocrx_word' id='word_1_90' title='bbox 1089 794 1168 850; x_wconf 90' lang='lat' dir='ltr'>libro</span> <span class='ocrx_word' id='word_1_91' title='bbox 1184 811 1252 850; x_wconf 88' lang='lat' dir='ltr'>eum</span> <span class='ocrx_word' id='word_1_92' title='bbox 1267 795 1395 851; x_wconf 84' lang='lat' dir='ltr'>dicerem</span> <span class='ocrx_word' id='word_1_93' title='bbox 1417 794 1513 848; x_wconf 86' lang='lat' dir='ltr'>vicem</span> <span class='ocrx_word' id='word_1_94' title='bbox 1534 790 1681 864; x_wconf 89' lang='lat' dir='ltr'>baptismi</span> <span class='ocrx_word' id='word_1_95' title='bbox 1697 801 1787 861; x_wconf 89' lang='lat' dir='ltr'>posse</span> 
     </span>
     <span class='ocr_line' id='line_1_8' title="bbox 84 875 1786 956; baseline -0.002 -23"><span class='ocrx_word' id='word_1_96' title='bbox 84 878 164 934; x_wconf 90' lang='lat' dir='ltr'>idem</span> <span class='ocrx_word' id='word_1_97' title='bbox 181 878 246 950; x_wconf 92' lang='lat' dir='ltr'>ipse</span> <span class='ocrx_word' id='word_1_98' title='bbox 261 876 335 931; x_wconf 88' lang='lat' dir='ltr'>alibi</span> <span class='ocrx_word' id='word_1_99' title='bbox 349 876 428 931; x_wconf 87' lang='lat' dir='ltr'>dixit</span> <span class='ocrx_word' id='word_1_100' title='bbox 451 892 457 930; x_wconf 78' lang='grc' dir='ltr'><strong>ε</strong></span> <span class='ocrx_word' id='word_1_101' title='bbox 482 878 543 937; x_wconf 80' lang='lat' dir='ltr'>Qui</span> <span class='ocrx_word' id='word_1_102' title='bbox 558 892 610 931; x_wconf 87' lang='lat' dir='ltr'>me</span> <span class='ocrx_word' id='word_1_103' title='bbox 624 878 790 947; x_wconf 75' lang='lat' dir='ltr'>confessus</span> <span class='ocrx_word' id='word_1_104' title='bbox 804 878 910 947; x_wconf 80' lang='lat' dir='ltr'>fuerit</span> <span class='ocrx_word' id='word_1_105' title='bbox 964 883 1076 940; x_wconf 90' lang='lat' dir='ltr'>habere</span> <span class='ocrx_word' id='word_1_106' title='bbox 1091 885 1275 956; x_wconf 88' lang='lat' dir='ltr'>passionem,</span> <span class='ocrx_word' id='word_1_107' title='bbox 1289 899 1351 938; x_wconf 90' lang='lat' dir='ltr'>non</span> <span class='ocrx_word' id='word_1_108' title='bbox 1362 883 1437 937; x_wconf 88' lang='lat' dir='ltr'>satis</span> <span class='ocrx_word' id='word_1_109' title='bbox 1447 882 1591 937; x_wconf 88' lang='lat' dir='ltr'>idoneum</span> <span class='ocrx_word' id='word_1_110' title='bbox 1604 879 1692 950; x_wconf 92' lang='lat' dir='ltr'>posui</span> <span class='ocrx_word' id='word_1_111' title='bbox 1702 875 1786 932; x_wconf 88' lang='lat' dir='ltr'>illius</span> 
     </span>
     <span class='ocr_line' id='line_1_9' title="bbox 85 958 1786 1044; baseline -0.002 -21"><span class='ocrx_word' id='word_1_112' title='bbox 85 981 196 1023; x_wconf 86' lang='lat' dir='ltr'>coram</span> <span class='ocrx_word' id='word_1_113' title='bbox 213 966 409 1020; x_wconf 80' lang='lat' dir='ltr'>bominibus:</span> <span class='ocrx_word' id='word_1_114' title='bbox 423 965 594 1036; x_wconf 73' lang='lat' dir='ltr'>confitebor</span> <span class='ocrx_word' id='word_1_115' title='bbox 604 969 636 1020; x_wconf 82' lang='lat' dir='ltr'>et</span> <span class='ocrx_word' id='word_1_116' title='bbox 647 980 702 1035; x_wconf 72' lang='lat' dir='ltr'>epo</span> <span class='ocrx_word' id='word_1_117' title='bbox 713 982 787 1022; x_wconf 84' lang='lat' dir='ltr'>eum</span> <span class='ocrx_word' id='word_1_118' title='bbox 799 982 909 1023; x_wconf 84' lang='lat' dir='ltr'>coram</span> <span class='ocrx_word' id='word_1_119' title='bbox 963 958 1092 1029; x_wconf 78' lang='lat' dir='ltr'>latronis</span> <span class='ocrx_word' id='word_1_120' title='bbox 1108 971 1291 1044; x_wconf 86' lang='lat' dir='ltr'>exemplum,</span> <span class='ocrx_word' id='word_1_121' title='bbox 1306 971 1359 1043; x_wconf 91' lang='lat' dir='ltr'>qui</span> <span class='ocrx_word' id='word_1_122' title='bbox 1374 975 1477 1026; x_wconf 89' lang='lat' dir='ltr'>utrum</span> <span class='ocrx_word' id='word_1_123' title='bbox 1497 969 1590 1024; x_wconf 81' lang='lat' dir='ltr'>luerit</span> <span class='ocrx_word' id='word_1_124' title='bbox 1609 966 1786 1037; x_wconf 88' lang='lat' dir='ltr'>baptizatus</span> 
     </span>
     <span class='ocr_line' id='line_1_10' title="bbox 78 1051 1785 1128; baseline -0.002 -18"><span class='ocrx_word' id='word_1_125' title='bbox 78 1060 179 1126; x_wconf 85' lang='lat' dir='ltr'>patre</span> <span class='ocrx_word' id='word_1_126' title='bbox 194 1068 264 1110; x_wconf 87' lang='lat' dir='ltr'>meo</span> <span class='ocrx_word' id='word_1_127' title='bbox 279 1055 405 1111; x_wconf 72' lang='lat' dir='ltr'>(Mattb.</span> <span class='ocrx_word' id='word_1_128' title='bbox 417 1052 460 1122; x_wconf 88' lang='lat' dir='ltr'>x).</span> <span class='ocrx_word' id='word_1_129' title='bbox 475 1052 562 1117; x_wconf 93' lang='lat' dir='ltr'>Quod</span> <span class='ocrx_word' id='word_1_130' title='bbox 574 1069 645 1124; x_wconf 88' lang='lat' dir='ltr'>ergo</span> <span class='ocrx_word' id='word_1_131' title='bbox 659 1055 703 1110; x_wconf 92' lang='lat' dir='ltr'>ibi</span> <span class='ocrx_word' id='word_1_132' title='bbox 717 1055 832 1111; x_wconf 90' lang='lat' dir='ltr'>dictum</span> <span class='ocrx_word' id='word_1_133' title='bbox 847 1072 909 1112; x_wconf 92' lang='lat' dir='ltr'>non</span> <span class='ocrx_word' id='word_1_134' title='bbox 964 1061 1115 1117; x_wconf 87' lang='lat' dir='ltr'>incertum</span> <span class='ocrx_word' id='word_1_135' title='bbox 1127 1064 1182 1116; x_wconf 89' lang='lat' dir='ltr'>est.</span> <span class='ocrx_word' id='word_1_136' title='bbox 1199 1059 1257 1115; x_wconf 89' lang='lat' dir='ltr'>Sed</span> <span class='ocrx_word' id='word_1_137' title='bbox 1272 1057 1462 1114; x_wconf 89' lang='lat' dir='ltr'>considerare</span> <span class='ocrx_word' id='word_1_138' title='bbox 1479 1051 1571 1113; x_wconf 84' lang='lat' dir='ltr'>debes</span> <span class='ocrx_word' id='word_1_139' title='bbox 1585 1053 1666 1128; x_wconf 87' lang='lat' dir='ltr'>quod</span> <span class='ocrx_word' id='word_1_140' title='bbox 1681 1054 1714 1109; x_wconf 88' lang='lat' dir='ltr'>in</span> <span class='ocrx_word' id='word_1_141' title='bbox 1728 1052 1785 1108; x_wconf 90' lang='lat' dir='ltr'>hoc</span> 
     </span>
     <span class='ocr_line' id='line_1_11' title="bbox 84 1140 1786 1221; baseline -0.002 -22"><span class='ocrx_word' id='word_1_142' title='bbox 84 1147 130 1199; x_wconf 91' lang='lat' dir='ltr'>est</span> <span class='ocrx_word' id='word_1_143' title='bbox 145 1140 436 1212; x_wconf 88' lang='lat' dir='ltr'>subintelligendum</span> <span class='ocrx_word' id='word_1_144' title='bbox 452 1144 555 1197; x_wconf 91' lang='lat' dir='ltr'>tamen</span> <span class='ocrx_word' id='word_1_145' title='bbox 570 1146 626 1210; x_wconf 88' lang='lat' dir='ltr'>est,</span> <span class='ocrx_word' id='word_1_146' title='bbox 640 1144 782 1215; x_wconf 85' lang='lat' dir='ltr'>quamvis</span> <span class='ocrx_word' id='word_1_147' title='bbox 793 1143 909 1201; x_wconf 87' lang='lat' dir='ltr'>dictum</span> <span class='ocrx_word' id='word_1_148' title='bbox 964 1150 1029 1205; x_wconf 92' lang='lat' dir='ltr'>loco</span> <span class='ocrx_word' id='word_1_149' title='bbox 1040 1148 1213 1221; x_wconf 85' lang='lat' dir='ltr'>exemplum</span> <span class='ocrx_word' id='word_1_150' title='bbox 1225 1151 1347 1203; x_wconf 91' lang='lat' dir='ltr'>tantum</span> <span class='ocrx_word' id='word_1_151' title='bbox 1358 1146 1440 1218; x_wconf 88' lang='lat' dir='ltr'>quod</span> <span class='ocrx_word' id='word_1_152' title='bbox 1450 1144 1489 1200; x_wconf 89' lang='lat' dir='ltr'>ad</span> <span class='ocrx_word' id='word_1_153' title='bbox 1500 1143 1712 1216; x_wconf 86' lang='lat' dir='ltr'>probationem</span> <span class='ocrx_word' id='word_1_154' title='bbox 1723 1155 1786 1196; x_wconf 89' lang='lat' dir='ltr'>sen·</span> 
     </span>
     <span class='ocr_line' id='line_1_12' title="bbox 83 1228 1785 1306; baseline -0.005 -16"><span class='ocrx_word' id='word_1_155' title='bbox 83 1248 146 1290; x_wconf 93' lang='lat' dir='ltr'>non</span> <span class='ocrx_word' id='word_1_156' title='bbox 161 1235 218 1300; x_wconf 89' lang='lat' dir='ltr'>est,</span> <span class='ocrx_word' id='word_1_157' title='bbox 234 1231 381 1302; x_wconf 91' lang='lat' dir='ltr'>quoniam</span> <span class='ocrx_word' id='word_1_158' title='bbox 399 1228 472 1285; x_wconf 89' lang='lat' dir='ltr'>alibi</span> <span class='ocrx_word' id='word_1_159' title='bbox 487 1230 602 1286; x_wconf 87' lang='lat' dir='ltr'>dictum</span> <span class='ocrx_word' id='word_1_160' title='bbox 618 1235 664 1286; x_wconf 90' lang='lat' dir='ltr'>est</span> <span class='ocrx_word' id='word_1_161' title='bbox 689 1248 696 1286; x_wconf 80' lang='grc' dir='ltr'><em>τ</em></span> <span class='ocrx_word' id='word_1_162' title='bbox 718 1231 824 1288; x_wconf 91' lang='lat' dir='ltr'>Videte</span> <span class='ocrx_word' id='word_1_163' title='bbox 838 1247 909 1305; x_wconf 89' lang='lat' dir='ltr'>ergo</span> <span class='ocrx_word' id='word_1_164' title='bbox 964 1239 1068 1295; x_wconf 81' lang='lat' dir='ltr'>tentiae</span> <span class='ocrx_word' id='word_1_165' title='bbox 1081 1237 1250 1293; x_wconf 81' lang='lat' dir='ltr'>adduxerat</span> <span class='ocrx_word' id='word_1_166' title='bbox 1264 1235 1395 1292; x_wconf 83' lang='lat' dir='ltr'>correxit</span> <span class='ocrx_word' id='word_1_167' title='bbox 1408 1235 1508 1306; x_wconf 87' lang='lat' dir='ltr'>ipsam</span> <span class='ocrx_word' id='word_1_168' title='bbox 1523 1229 1785 1297; x_wconf 88' lang='lat' dir='ltr'>sententiam,non</span> 
     </span>
     <span class='ocr_line' id='line_1_13' title="bbox 85 1315 1784 1400; baseline -0.002 -27"><span class='ocrx_word' id='word_1_169' title='bbox 85 1320 160 1394; x_wconf 84' lang='lat' dir='ltr'>qnid</span> <span class='ocrx_word' id='word_1_170' title='bbox 175 1319 282 1374; x_wconf 89' lang='lat' dir='ltr'>dicunt</span> <span class='ocrx_word' id='word_1_171' title='bbox 294 1335 300 1372; x_wconf 89' lang='lat'>:</span> <span class='ocrx_word' id='word_1_172' title='bbox 311 1317 383 1373; x_wconf 90' lang='lat' dir='ltr'>Ideo</span> <span class='ocrx_word' id='word_1_173' title='bbox 396 1318 543 1390; x_wconf 84' lang='lat' dir='ltr'>inquiunt</span> <span class='ocrx_word' id='word_1_174' title='bbox 553 1318 635 1390; x_wconf 90' lang='lat' dir='ltr'>quod</span> <span class='ocrx_word' id='word_1_175' title='bbox 650 1319 765 1376; x_wconf 89' lang='lat' dir='ltr'>dictum</span> <span class='ocrx_word' id='word_1_176' title='bbox 775 1336 837 1376; x_wconf 91' lang='lat' dir='ltr'>uon</span> <span class='ocrx_word' id='word_1_177' title='bbox 851 1325 908 1392; x_wconf 71' lang='lat' dir='ltr'>esc</span> <span class='ocrx_word' id='word_1_178' title='bbox 963 1327 1148 1400; x_wconf 85' lang='lat' dir='ltr'>reprobavit.</span> <span class='ocrx_word' id='word_1_179' title='bbox 1164 1324 1251 1392; x_wconf 90' lang='lat' dir='ltr'>Quod</span> <span class='ocrx_word' id='word_1_180' title='bbox 1272 1325 1298 1381; x_wconf 90' lang='lat' dir='ltr'>si</span> <span class='ocrx_word' id='word_1_181' title='bbox 1318 1327 1410 1395; x_wconf 90' lang='lat' dir='ltr'>putas</span> <span class='ocrx_word' id='word_1_182' title='bbox 1424 1321 1537 1377; x_wconf 88' lang='lat' dir='ltr'>idcirco</span> <span class='ocrx_word' id='word_1_183' title='bbox 1552 1317 1735 1374; x_wconf 90' lang='lat' dir='ltr'>sententiam</span> <span class='ocrx_word' id='word_1_184' title='bbox 1749 1315 1784 1371; x_wconf 92' lang='lat' dir='ltr'>il·</span> 
     </span>
     <span class='ocr_line' id='line_1_14' title="bbox 82 1405 1784 1487; baseline -0.004 -22"><span class='ocrx_word' id='word_1_185' title='bbox 82 1407 375 1478; x_wconf 89' lang='lat' dir='ltr'>subintelligendum</span> <span class='ocrx_word' id='word_1_186' title='bbox 385 1410 431 1461; x_wconf 88' lang='lat' dir='ltr'>est</span> <span class='ocrx_word' id='word_1_187' title='bbox 442 1406 496 1461; x_wconf 93' lang='lat' dir='ltr'>ubi</span> <span class='ocrx_word' id='word_1_188' title='bbox 507 1405 621 1461; x_wconf 91' lang='lat' dir='ltr'>dictum</span> <span class='ocrx_word' id='word_1_189' title='bbox 631 1423 692 1464; x_wconf 90' lang='lat' dir='ltr'>non</span> <span class='ocrx_word' id='word_1_190' title='bbox 702 1410 908 1482; x_wconf 87' lang='lat' dir='ltr'>est,quoniam</span> <span class='ocrx_word' id='word_1_191' title='bbox 962 1415 1024 1472; x_wconf 83' lang='lat' dir='ltr'>lam</span> <span class='ocrx_word' id='word_1_192' title='bbox 1035 1413 1270 1487; x_wconf 90' lang='lat' dir='ltr'>improbandam</span> <span class='ocrx_word' id='word_1_193' title='bbox 1283 1413 1356 1483; x_wconf 88' lang='lat' dir='ltr'>quia</span> <span class='ocrx_word' id='word_1_194' title='bbox 1366 1409 1540 1483; x_wconf 89' lang='lat' dir='ltr'>exemplum</span> <span class='ocrx_word' id='word_1_195' title='bbox 1550 1409 1718 1463; x_wconf 90' lang='lat' dir='ltr'>correctum</span> <span class='ocrx_word' id='word_1_196' title='bbox 1728 1406 1784 1473; x_wconf 90' lang='lat' dir='ltr'>est,</span> 
     </span>
     <span class='ocr_line' id='line_1_15' title="bbox 82 1492 1784 1576; baseline -0.003 -24"><span class='ocrx_word' id='word_1_197' title='bbox 82 1496 158 1553; x_wconf 84' lang='lat' dir='ltr'>abbi</span> <span class='ocrx_word' id='word_1_198' title='bbox 174 1496 290 1552; x_wconf 91' lang='lat' dir='ltr'>dictum</span> <span class='ocrx_word' id='word_1_199' title='bbox 306 1494 396 1550; x_wconf 84' lang='lat' dir='ltr'>estSi</span> <span class='ocrx_word' id='word_1_200' title='bbox 409 1509 480 1565; x_wconf 90' lang='lat' dir='ltr'>ergo</span> <span class='ocrx_word' id='word_1_201' title='bbox 494 1494 551 1551; x_wconf 92' lang='lat' dir='ltr'>hoc</span> <span class='ocrx_word' id='word_1_202' title='bbox 563 1495 594 1550; x_wconf 92' lang='lat' dir='ltr'>in</span> <span class='ocrx_word' id='word_1_203' title='bbox 611 1496 668 1552; x_wconf 89' lang='lat' dir='ltr'>hoc</span> <span class='ocrx_word' id='word_1_204' title='bbox 681 1496 748 1552; x_wconf 91' lang='lat' dir='ltr'>loco</span> <span class='ocrx_word' id='word_1_205' title='bbox 760 1497 907 1554; x_wconf 89' lang='lat' dir='ltr'>subintel·</span> <span class='ocrx_word' id='word_1_206' title='bbox 963 1520 1035 1576; x_wconf 78' lang='lat' dir='ltr'>orgo</span> <span class='ocrx_word' id='word_1_207' title='bbox 1051 1503 1163 1560; x_wconf 77' lang='lat' dir='ltr'>falsum</span> <span class='ocrx_word' id='word_1_208' title='bbox 1178 1505 1224 1557; x_wconf 91' lang='lat' dir='ltr'>est</span> <span class='ocrx_word' id='word_1_209' title='bbox 1238 1501 1321 1574; x_wconf 84' lang='lat' dir='ltr'>quod</span> <span class='ocrx_word' id='word_1_210' title='bbox 1334 1500 1454 1556; x_wconf 89' lang='lat' dir='ltr'>dixerat</span> <span class='ocrx_word' id='word_1_211' title='bbox 1468 1497 1647 1554; x_wconf 76' lang='lat' dir='ltr'>abusionem</span> <span class='ocrx_word' id='word_1_212' title='bbox 1662 1492 1784 1562; x_wconf 86' lang='lat' dir='ltr'>sangui·</span> 
     </span>
     <span class='ocr_line' id='line_1_16' title="bbox 81 1580 1786 1665; baseline -0.004 -22"><span class='ocrx_word' id='word_1_213' title='bbox 81 1585 241 1657; x_wconf 90' lang='lat' dir='ltr'>ligendum</span> <span class='ocrx_word' id='word_1_214' title='bbox 256 1588 301 1640; x_wconf 93' lang='lat' dir='ltr'>est</span> <span class='ocrx_word' id='word_1_215' title='bbox 316 1583 370 1638; x_wconf 91' lang='lat' dir='ltr'>ubi</span> <span class='ocrx_word' id='word_1_216' title='bbox 384 1583 500 1639; x_wconf 90' lang='lat' dir='ltr'>dictum</span> <span class='ocrx_word' id='word_1_217' title='bbox 523 1599 583 1639; x_wconf 90' lang='lat' dir='ltr'>non</span> <span class='ocrx_word' id='word_1_218' title='bbox 600 1587 655 1654; x_wconf 91' lang='lat' dir='ltr'>est,</span> <span class='ocrx_word' id='word_1_219' title='bbox 672 1587 818 1657; x_wconf 87' lang='lat' dir='ltr'>quoniam</span> <span class='ocrx_word' id='word_1_220' title='bbox 833 1587 907 1645; x_wconf 88' lang='lat' dir='ltr'>alibi</span> <span class='ocrx_word' id='word_1_221' title='bbox 962 1595 1120 1652; x_wconf 82' lang='lat' dir='ltr'>nisvicem</span> <span class='ocrx_word' id='word_1_222' title='bbox 1128 1580 1786 1665; x_wconf 85' lang='lat' dir='ltr'>baptismipossehabere,quoniamadillud</span> 
     </span>
     <span class='ocr_line' id='line_1_17' title="bbox 81 1669 1784 1756; baseline -0.003 -26"><span class='ocrx_word' id='word_1_223' title='bbox 81 1674 271 1743; x_wconf 89' lang='lat' dir='ltr'>dictumest,</span> <span class='ocrx_word' id='word_1_224' title='bbox 287 1687 382 1745; x_wconf 88' lang='lat' dir='ltr'>quare</span> <span class='ocrx_word' id='word_1_225' title='bbox 402 1671 544 1728; x_wconf 89' lang='lat' dir='ltr'>similiter</span> <span class='ocrx_word' id='word_1_226' title='bbox 557 1673 650 1729; x_wconf 91' lang='lat' dir='ltr'>etiam</span> <span class='ocrx_word' id='word_1_227' title='bbox 671 1673 708 1730; x_wconf 91' lang='lat' dir='ltr'>de</span> <span class='ocrx_word' id='word_1_228' title='bbox 729 1675 788 1730; x_wconf 85' lang='lat' dir='ltr'>fide</span> <span class='ocrx_word' id='word_1_229' title='bbox 802 1677 906 1733; x_wconf 91' lang='lat' dir='ltr'>subin·</span> <span class='ocrx_word' id='word_1_230' title='bbox 923 1681 1155 1756; x_wconf 82' lang='lat' dir='ltr'>Bprobandum</span> <span class='ocrx_word' id='word_1_231' title='bbox 1174 1678 1346 1751; x_wconf 88' lang='lat' dir='ltr'>exemplum</span> <span class='ocrx_word' id='word_1_232' title='bbox 1364 1678 1467 1750; x_wconf 91' lang='lat' dir='ltr'>ipsum</span> <span class='ocrx_word' id='word_1_233' title='bbox 1487 1675 1623 1747; x_wconf 90' lang='lat' dir='ltr'>positum</span> <span class='ocrx_word' id='word_1_234' title='bbox 1643 1674 1698 1727; x_wconf 90' lang='lat' dir='ltr'>est.</span> <span class='ocrx_word' id='word_1_235' title='bbox 1714 1669 1784 1726; x_wconf 90' lang='lat' dir='ltr'>Non</span> 
     </span>
     <span class='ocr_line' id='line_1_18' title="bbox 81 1757 1782 1836; baseline -0.011 -6"><span class='ocrx_word' id='word_1_236' title='bbox 81 1761 281 1833; x_wconf 77' lang='lat' dir='ltr'>tellisendnm</span> <span class='ocrx_word' id='word_1_237' title='bbox 296 1776 358 1817; x_wconf 85' lang='lat' dir='ltr'>non</span> <span class='ocrx_word' id='word_1_238' title='bbox 373 1764 438 1829; x_wconf 79' lang='lat' dir='ltr'>est;</span> <span class='ocrx_word' id='word_1_239' title='bbox 452 1761 598 1833; x_wconf 81' lang='lat' dir='ltr'>quoniam</span> <span class='ocrx_word' id='word_1_240' title='bbox 620 1760 822 1821; x_wconf 78' lang='lat' dir='ltr'>alibidietum</span> <span class='ocrx_word' id='word_1_241' title='bbox 837 1768 905 1821; x_wconf 85' lang='lat' dir='ltr'>est:</span> <span class='ocrx_word' id='word_1_242' title='bbox 962 1773 1044 1829; x_wconf 83' lang='lat' dir='ltr'>emm</span> <span class='ocrx_word' id='word_1_243' title='bbox 1061 1770 1188 1825; x_wconf 75' lang='lat' dir='ltr'>arreum</span> <span class='ocrx_word' id='word_1_244' title='bbox 1202 1767 1333 1827; x_wconf 78' lang='lat' dir='ltr'>cicerem</span> <span class='ocrx_word' id='word_1_245' title='bbox 1355 1766 1451 1822; x_wconf 75' lang='lat' dir='ltr'>vicem</span> <span class='ocrx_word' id='word_1_246' title='bbox 1466 1762 1613 1836; x_wconf 85' lang='lat' dir='ltr'>baptismi</span> <span class='ocrx_word' id='word_1_247' title='bbox 1629 1757 1782 1834; x_wconf 78' lang='lat' dir='ltr'>possesa-</span> 
     </span>
     <span class='ocr_line' id='line_1_19' title="bbox 81 1849 1782 1927; baseline -0.002 -21"><span class='ocrx_word' id='word_1_248' title='bbox 81 1852 143 1912; x_wconf 72' lang='grc' dir='ltr'>θαι·</span> <span class='ocrx_word' id='word_1_249' title='bbox 157 1851 263 1906; x_wconf 82' lang='lat' dir='ltr'>credit</span> <span class='ocrx_word' id='word_1_250' title='bbox 276 1849 428 1921; x_wconf 65' lang='lat' dir='ltr'>inquitis</span> <span class='ocrx_word' id='word_1_251' title='bbox 444 1855 646 1905; x_wconf 75' lang='lat' dir='ltr'>memoriam</span> <span class='ocrx_word' id='word_1_252' title='bbox 662 1866 726 1906; x_wconf 83' lang='lat' dir='ltr'>aea</span> <span class='ocrx_word' id='word_1_253' title='bbox 737 1853 907 1909; x_wconf 73' lang='lat' dir='ltr'>videbitis</span> <span class='ocrx_word' id='word_1_254' title='bbox 960 1861 1032 1917; x_wconf 81' lang='lat' dir='ltr'>here</span> <span class='ocrx_word' id='word_1_255' title='bbox 1042 1859 1143 1927; x_wconf 86' lang='lat' dir='ltr'>fldem,</span> <span class='ocrx_word' id='word_1_256' title='bbox 1157 1856 1210 1913; x_wconf 90' lang='lat' dir='ltr'>sed</span> <span class='ocrx_word' id='word_1_257' title='bbox 1224 1871 1293 1913; x_wconf 89' lang='lat' dir='ltr'>curn</span> <span class='ocrx_word' id='word_1_258' title='bbox 1315 1855 1456 1923; x_wconf 85' lang='lat' dir='ltr'>dicerem,</span> <span class='ocrx_word' id='word_1_259' title='bbox 1471 1851 1583 1924; x_wconf 74' lang='lat' dir='ltr'>iuquit,</span> <span class='ocrx_word' id='word_1_260' title='bbox 1596 1850 1694 1907; x_wconf 90' lang='lat' dir='ltr'>vicem</span> <span class='ocrx_word' id='word_1_261' title='bbox 1708 1849 1782 1920; x_wconf 90' lang='lat' dir='ltr'>bap·</span> 
     </span>
     <span class='ocr_line' id='line_1_20' title="bbox 81 1935 1783 2019; baseline -0.001 -27"><span class='ocrx_word' id='word_1_262' title='bbox 81 1943 244 1996; x_wconf 71' lang='lat' dir='ltr'>aternum</span> <span class='ocrx_word' id='word_1_263' title='bbox 261 1935 275 1991; x_wconf 85' lang='grc'>1</span> <span class='ocrx_word' id='word_1_264' title='bbox 289 1939 393 2008; x_wconf 81' lang='lat' dir='ltr'>(Joan.</span> <span class='ocrx_word' id='word_1_265' title='bbox 409 1936 466 2006; x_wconf 81' lang='lat' dir='ltr'>rr.)</span> <span class='ocrx_word' id='word_1_266' title='bbox 481 1936 557 1993; x_wconf 88' lang='lat' dir='ltr'>Item</span> <span class='ocrx_word' id='word_1_267' title='bbox 570 1938 624 2009; x_wconf 89' lang='lat' dir='ltr'>qui</span> <span class='ocrx_word' id='word_1_268' title='bbox 637 1937 716 1994; x_wconf 83' lang='lat' dir='ltr'>dixit</span> <span class='ocrx_word' id='word_1_269' title='bbox 732 1955 738 1992; x_wconf 75' lang='grc' dir='ltr'><strong>ε</strong></span> <span class='ocrx_word' id='word_1_270' title='bbox 754 1938 822 1996; x_wconf 92' lang='lat' dir='ltr'>Nisi</span> <span class='ocrx_word' id='word_1_271' title='bbox 837 1941 907 2014; x_wconf 85' lang='lat' dir='ltr'>quis</span> <span class='ocrx_word' id='word_1_272' title='bbox 961 1947 1045 2004; x_wconf 87' lang='lat' dir='ltr'>tismi</span> <span class='ocrx_word' id='word_1_273' title='bbox 1054 1960 1143 2019; x_wconf 90' lang='lat' dir='ltr'>posse</span> <span class='ocrx_word' id='word_1_274' title='bbox 1154 1944 1265 2000; x_wconf 88' lang='lat' dir='ltr'>habere</span> <span class='ocrx_word' id='word_1_275' title='bbox 1274 1939 1604 2016; x_wconf 85' lang='lat' dir='ltr'>passionem,quamvis</span> <span class='ocrx_word' id='word_1_276' title='bbox 1616 1941 1783 2008; x_wconf 85' lang='lat' dir='ltr'>utrumque</span> 
     </span>
     <span class='ocr_line' id='line_1_21' title="bbox 80 2021 1783 2107; baseline 0.001 -30"><span class='ocrx_word' id='word_1_277' title='bbox 80 2030 209 2084; x_wconf 79' lang='lat' dir='ltr'>renatus</span> <span class='ocrx_word' id='word_1_278' title='bbox 223 2025 317 2080; x_wconf 82' lang='lat' dir='ltr'>fuerit</span> <span class='ocrx_word' id='word_1_279' title='bbox 329 2040 367 2080; x_wconf 88' lang='lat' dir='ltr'>ex</span> <span class='ocrx_word' id='word_1_280' title='bbox 382 2040 463 2097; x_wconf 87' lang='lat' dir='ltr'>aqua</span> <span class='ocrx_word' id='word_1_281' title='bbox 482 2030 511 2081; x_wconf 93' lang='lat' dir='ltr'>et</span> <span class='ocrx_word' id='word_1_282' title='bbox 524 2025 640 2098; x_wconf 88' lang='lat' dir='ltr'>Spiritu</span> <span class='ocrx_word' id='word_1_283' title='bbox 654 2032 770 2097; x_wconf 83' lang='lat' dir='ltr'>sancto,</span> <span class='ocrx_word' id='word_1_284' title='bbox 785 2041 847 2085; x_wconf 91' lang='lat' dir='ltr'>non</span> <span class='ocrx_word' id='word_1_285' title='bbox 858 2043 907 2101; x_wconf 84' lang='lat' dir='ltr'>po</span> <span class='ocrx_word' id='word_1_286' title='bbox 959 2035 992 2091; x_wconf 92' lang='lat' dir='ltr'>in</span> <span class='ocrx_word' id='word_1_287' title='bbox 1002 2035 1070 2107; x_wconf 88' lang='lat' dir='ltr'>ipsa</span> <span class='ocrx_word' id='word_1_288' title='bbox 1080 2048 1143 2089; x_wconf 91' lang='lat' dir='ltr'>una</span> <span class='ocrx_word' id='word_1_289' title='bbox 1155 2032 1307 2088; x_wconf 89' lang='lat' dir='ltr'>sententia</span> <span class='ocrx_word' id='word_1_290' title='bbox 1316 2026 1514 2103; x_wconf 83' lang='lat' dir='ltr'>posuissetSi</span> <span class='ocrx_word' id='word_1_291' title='bbox 1525 2041 1596 2097; x_wconf 88' lang='lat' dir='ltr'>ergo</span> <span class='ocrx_word' id='word_1_292' title='bbox 1607 2024 1646 2080; x_wconf 91' lang='lat' dir='ltr'>ad</span> <span class='ocrx_word' id='word_1_293' title='bbox 1658 2024 1690 2079; x_wconf 95' lang='lat' dir='ltr'>id</span> <span class='ocrx_word' id='word_1_294' title='bbox 1699 2021 1783 2096; x_wconf 89' lang='lat' dir='ltr'>quod</span> 
     </span>
     <span class='ocr_line' id='line_1_22' title="bbox 82 2112 1781 2192; baseline -0.004 -21"><span class='ocrx_word' id='word_1_295' title='bbox 82 2118 141 2171; x_wconf 88' lang='lat' dir='ltr'>test</span> <span class='ocrx_word' id='word_1_296' title='bbox 154 2115 271 2169; x_wconf 86' lang='lat' dir='ltr'>intrare</span> <span class='ocrx_word' id='word_1_297' title='bbox 282 2114 316 2169; x_wconf 93' lang='lat' dir='ltr'>in</span> <span class='ocrx_word' id='word_1_298' title='bbox 330 2128 458 2183; x_wconf 86' lang='lat' dir='ltr'>regnum</span> <span class='ocrx_word' id='word_1_299' title='bbox 470 2112 538 2183; x_wconf 73' lang='lat' dir='ltr'>Dei,</span> <span class='ocrx_word' id='word_1_300' title='bbox 548 2115 614 2186; x_wconf 90' lang='lat' dir='ltr'>ipse</span> <span class='ocrx_word' id='word_1_301' title='bbox 625 2114 907 2177; x_wconf 75' lang='lat' dir='ltr'>dixit10us&#39;creds‘t</span> <span class='ocrx_word' id='word_1_302' title='bbox 960 2123 1038 2179; x_wconf 84' lang='lat' dir='ltr'>dixit</span> <span class='ocrx_word' id='word_1_303' title='bbox 1060 2123 1158 2177; x_wconf 91' lang='lat' dir='ltr'>vicem</span> <span class='ocrx_word' id='word_1_304' title='bbox 1181 2119 1328 2192; x_wconf 89' lang='lat' dir='ltr'>baptismi</span> <span class='ocrx_word' id='word_1_305' title='bbox 1353 2132 1442 2190; x_wconf 91' lang='lat' dir='ltr'>posse</span> <span class='ocrx_word' id='word_1_306' title='bbox 1469 2114 1582 2183; x_wconf 74' lang='lat' dir='ltr'>babere</span> <span class='ocrx_word' id='word_1_307' title='bbox 1607 2112 1781 2185; x_wconf 87' lang='lat' dir='ltr'>passionem</span> 
     </span>
     <span class='ocr_line' id='line_1_23' title="bbox 79 2198 1783 2282; baseline -0.003 -25"><span class='ocrx_word' id='word_1_308' title='bbox 79 2206 116 2258; x_wconf 82' lang='lat' dir='ltr'>in</span> <span class='ocrx_word' id='word_1_309' title='bbox 131 2217 194 2268; x_wconf 86' lang='lat' dir='ltr'>me,</span> <span class='ocrx_word' id='word_1_310' title='bbox 210 2217 276 2258; x_wconf 78' lang='lat' dir='ltr'>noa</span> <span class='ocrx_word' id='word_1_311' title='bbox 294 2204 455 2257; x_wconf 83' lang='lat' dir='ltr'>morietur</span> <span class='ocrx_word' id='word_1_312' title='bbox 478 2203 515 2255; x_wconf 80' lang='lat' dir='ltr'>in</span> <span class='ocrx_word' id='word_1_313' title='bbox 537 2207 697 2257; x_wconf 82' lang='lat' dir='ltr'>oeternum</span> <span class='ocrx_word' id='word_1_314' title='bbox 715 2203 828 2276; x_wconf 64' lang='lat' dir='ltr'>(ibim).</span> <span class='ocrx_word' id='word_1_315' title='bbox 844 2206 906 2261; x_wconf 79' lang='lat' dir='ltr'>hut</span> <span class='ocrx_word' id='word_1_316' title='bbox 960 2209 1132 2282; x_wconf 78' lang='lat' dir='ltr'>exemplum</span> <span class='ocrx_word' id='word_1_317' title='bbox 1147 2208 1282 2281; x_wconf 90' lang='lat' dir='ltr'>positum</span> <span class='ocrx_word' id='word_1_318' title='bbox 1297 2209 1424 2262; x_wconf 91' lang='lat' dir='ltr'>estcum</span> <span class='ocrx_word' id='word_1_319' title='bbox 1437 2205 1540 2276; x_wconf 92' lang='lat' dir='ltr'>ipsum</span> <span class='ocrx_word' id='word_1_320' title='bbox 1555 2202 1620 2257; x_wconf 90' lang='lat' dir='ltr'>sine</span> <span class='ocrx_word' id='word_1_321' title='bbox 1635 2198 1783 2269; x_wconf 91' lang='lat' dir='ltr'>ambigui·</span> 
     </span>
     <span class='ocr_line' id='line_1_24' title="bbox 78 2286 1782 2365; baseline -0.009 -9"><span class='ocrx_word' id='word_1_322' title='bbox 78 2306 150 2363; x_wconf 70' lang='lat'>0180</span> <span class='ocrx_word' id='word_1_323' title='bbox 165 2305 244 2361; x_wconf 88' lang='lat' dir='ltr'>nega</span> <span class='ocrx_word' id='word_1_324' title='bbox 258 2289 360 2357; x_wconf 67' lang='lat' dir='ltr'>fidem,</span> <span class='ocrx_word' id='word_1_325' title='bbox 377 2292 431 2345; x_wconf 70' lang='lat' dir='ltr'>aul</span> <span class='ocrx_word' id='word_1_326' title='bbox 452 2290 581 2345; x_wconf 88' lang='lat' dir='ltr'>concede</span> <span class='ocrx_word' id='word_1_327' title='bbox 600 2289 810 2347; x_wconf 69' lang='lat' dir='ltr'>salvationem·</span> <span class='ocrx_word' id='word_1_328' title='bbox 826 2291 906 2358; x_wconf 82' lang='lat' dir='ltr'>Quid</span> <span class='ocrx_word' id='word_1_329' title='bbox 959 2301 1022 2356; x_wconf 92' lang='lat' dir='ltr'>tate</span> <span class='ocrx_word' id='word_1_330' title='bbox 1032 2298 1096 2354; x_wconf 90' lang='lat' dir='ltr'>ulla</span> <span class='ocrx_word' id='word_1_331' title='bbox 1104 2312 1211 2353; x_wconf 92' lang='lat' dir='ltr'>verum</span> <span class='ocrx_word' id='word_1_332' title='bbox 1222 2308 1287 2352; x_wconf 89' lang='lat' dir='ltr'>esse</span> <span class='ocrx_word' id='word_1_333' title='bbox 1295 2296 1510 2365; x_wconf 88' lang='lat' dir='ltr'>constet,patet</span> <span class='ocrx_word' id='word_1_334' title='bbox 1520 2289 1602 2363; x_wconf 81' lang='lat' dir='ltr'>quod</span> <span class='ocrx_word' id='word_1_335' title='bbox 1610 2286 1782 2359; x_wconf 89' lang='lat' dir='ltr'>exemplum</span> 
     </span>
     <span class='ocr_line' id='line_1_25' title="bbox 78 2373 1784 2460; baseline -0.004 -25"><span class='ocrx_word' id='word_1_336' title='bbox 78 2379 137 2435; x_wconf 92' lang='lat' dir='ltr'>tibi</span> <span class='ocrx_word' id='word_1_337' title='bbox 150 2375 295 2433; x_wconf 83' lang='lat' dir='ltr'>videtur?</span> <span class='ocrx_word' id='word_1_338' title='bbox 311 2376 371 2433; x_wconf 89' lang='lat' dir='ltr'>Ubi</span> <span class='ocrx_word' id='word_1_339' title='bbox 385 2377 460 2433; x_wconf 86' lang='lat' dir='ltr'>fides</span> <span class='ocrx_word' id='word_1_340' title='bbox 474 2381 531 2446; x_wconf 89' lang='lat' dir='ltr'>est,</span> <span class='ocrx_word' id='word_1_341' title='bbox 547 2379 601 2434; x_wconf 93' lang='lat' dir='ltr'>ubi</span> <span class='ocrx_word' id='word_1_342' title='bbox 617 2394 686 2452; x_wconf 89' lang='lat' dir='ltr'>spes</span> <span class='ocrx_word' id='word_1_343' title='bbox 701 2385 757 2449; x_wconf 90' lang='lat' dir='ltr'>est,</span> <span class='ocrx_word' id='word_1_344' title='bbox 771 2380 825 2436; x_wconf 92' lang='lat' dir='ltr'>ubi</span> <span class='ocrx_word' id='word_1_345' title='bbox 839 2381 907 2436; x_wconf 87' lang='lat' dir='ltr'>cha·</span> <span class='ocrx_word' id='word_1_346' title='bbox 958 2385 1154 2460; x_wconf 77' lang='lat' dir='ltr'>postmodum</span> <span class='ocrx_word' id='word_1_347' title='bbox 1173 2388 1341 2441; x_wconf 82' lang='lat' dir='ltr'>correctum</span> <span class='ocrx_word' id='word_1_348' title='bbox 1356 2385 1412 2451; x_wconf 90' lang='lat' dir='ltr'>est,</span> <span class='ocrx_word' id='word_1_349' title='bbox 1427 2379 1480 2436; x_wconf 90' lang='lat' dir='ltr'>sed</span> <span class='ocrx_word' id='word_1_350' title='bbox 1494 2376 1646 2434; x_wconf 87' lang='lat' dir='ltr'>sententia</span> <span class='ocrx_word' id='word_1_351' title='bbox 1660 2389 1722 2430; x_wconf 93' lang='lat' dir='ltr'>non</span> <span class='ocrx_word' id='word_1_352' title='bbox 1737 2373 1784 2428; x_wconf 87' lang='lat' dir='ltr'>est</span> 
     </span>
     <span class='ocr_line' id='line_1_26' title="bbox 78 2462 1782 2548; baseline -0.004 -26"><span class='ocrx_word' id='word_1_353' title='bbox 78 2467 155 2522; x_wconf 84' lang='lat' dir='ltr'>ritas</span> <span class='ocrx_word' id='word_1_354' title='bbox 170 2470 217 2521; x_wconf 88' lang='lat' dir='ltr'>est</span> <span class='ocrx_word' id='word_1_355' title='bbox 241 2482 249 2535; x_wconf 87' lang='lat'>;</span> <span class='ocrx_word' id='word_1_356' title='bbox 278 2465 410 2537; x_wconf 87' lang='lat' dir='ltr'>denique</span> <span class='ocrx_word' id='word_1_357' title='bbox 430 2466 482 2521; x_wconf 92' lang='lat' dir='ltr'>ubi</span> <span class='ocrx_word' id='word_1_358' title='bbox 501 2466 591 2538; x_wconf 89' lang='lat' dir='ltr'>plena</span> <span class='ocrx_word' id='word_1_359' title='bbox 607 2471 636 2522; x_wconf 92' lang='lat' dir='ltr'>et</span> <span class='ocrx_word' id='word_1_360' title='bbox 650 2468 783 2539; x_wconf 82' lang='lat' dir='ltr'>perfecta</span> <span class='ocrx_word' id='word_1_361' title='bbox 806 2469 904 2525; x_wconf 91' lang='lat' dir='ltr'>virtus</span> <span class='ocrx_word' id='word_1_362' title='bbox 958 2474 1141 2548; x_wconf 88' lang='lat' dir='ltr'>improbata.</span> <span class='ocrx_word' id='word_1_363' title='bbox 1159 2472 1286 2545; x_wconf 88' lang='lat' dir='ltr'>Oportet</span> <span class='ocrx_word' id='word_1_364' title='bbox 1300 2485 1371 2541; x_wconf 89' lang='lat' dir='ltr'>ergo</span> <span class='ocrx_word' id='word_1_365' title='bbox 1383 2473 1418 2525; x_wconf 92' lang='lat' dir='ltr'>ut</span> <span class='ocrx_word' id='word_1_366' title='bbox 1433 2471 1487 2523; x_wconf 89' lang='lat' dir='ltr'>aut</span> <span class='ocrx_word' id='word_1_367' title='bbox 1501 2464 1673 2523; x_wconf 88' lang='lat' dir='ltr'>confitearis</span> <span class='ocrx_word' id='word_1_368' title='bbox 1685 2462 1782 2518; x_wconf 90' lang='lat' dir='ltr'>vicem</span> 
     </span>
     <span class='ocr_line' id='line_1_27' title="bbox 78 2552 1783 2635; baseline -0.006 -20"><span class='ocrx_word' id='word_1_369' title='bbox 78 2555 264 2611; x_wconf 82' lang='lat' dir='ltr'>sacramenti</span> <span class='ocrx_word' id='word_1_370' title='bbox 279 2559 336 2622; x_wconf 85' lang='lat' dir='ltr'>est,</span> <span class='ocrx_word' id='word_1_371' title='bbox 350 2553 436 2609; x_wconf 83' lang='lat' dir='ltr'>salus</span> <span class='ocrx_word' id='word_1_372' title='bbox 451 2570 513 2610; x_wconf 90' lang='lat' dir='ltr'>non</span> <span class='ocrx_word' id='word_1_373' title='bbox 527 2557 572 2611; x_wconf 88' lang='lat' dir='ltr'>est</span> <span class='ocrx_word' id='word_1_374' title='bbox 580 2572 589 2624; x_wconf 83' lang='lat'>;</span> <span class='ocrx_word' id='word_1_375' title='bbox 606 2557 680 2628; x_wconf 88' lang='lat' dir='ltr'>quia</span> <span class='ocrx_word' id='word_1_376' title='bbox 695 2556 794 2612; x_wconf 87' lang='lat' dir='ltr'>solum</span> <span class='ocrx_word' id='word_1_377' title='bbox 810 2572 906 2613; x_wconf 86' lang='lat' dir='ltr'>sacra·</span> <span class='ocrx_word' id='word_1_378' title='bbox 957 2562 1115 2635; x_wconf 85' lang='lat' dir='ltr'>baptismi,</span> <span class='ocrx_word' id='word_1_379' title='bbox 1130 2561 1163 2617; x_wconf 87' lang='lat' dir='ltr'>in</span> <span class='ocrx_word' id='word_1_380' title='bbox 1178 2559 1307 2616; x_wconf 85' lang='lat' dir='ltr'>articulo</span> <span class='ocrx_word' id='word_1_381' title='bbox 1322 2556 1513 2614; x_wconf 85' lang='lat' dir='ltr'>necessitatis</span> <span class='ocrx_word' id='word_1_382' title='bbox 1529 2553 1619 2609; x_wconf 85' lang='lat' dir='ltr'>fidem</span> <span class='ocrx_word' id='word_1_383' title='bbox 1634 2565 1738 2607; x_wconf 84' lang='lat' dir='ltr'>veram</span> <span class='ocrx_word' id='word_1_384' title='bbox 1752 2552 1783 2606; x_wconf 87' lang='lat' dir='ltr'>et</span> 
     </span>
     <span class='ocr_line' id='line_1_28' title="bbox 77 2636 1783 2716; baseline -0.004 -17"><span class='ocrx_word' id='word_1_385' title='bbox 77 2647 218 2699; x_wconf 90' lang='lat' dir='ltr'>mentum</span> <span class='ocrx_word' id='word_1_386' title='bbox 234 2658 296 2698; x_wconf 92' lang='lat' dir='ltr'>non</span> <span class='ocrx_word' id='word_1_387' title='bbox 311 2645 399 2711; x_wconf 91' lang='lat' dir='ltr'>est,et</span> <span class='ocrx_word' id='word_1_388' title='bbox 413 2643 481 2699; x_wconf 90' lang='lat' dir='ltr'>ideo</span> <span class='ocrx_word' id='word_1_389' title='bbox 497 2658 558 2699; x_wconf 92' lang='lat' dir='ltr'>non</span> <span class='ocrx_word' id='word_1_390' title='bbox 576 2645 707 2714; x_wconf 66' lang='lat' dir='ltr'>estquis</span> <span class='ocrx_word' id='word_1_391' title='bbox 721 2644 829 2700; x_wconf 90' lang='lat' dir='ltr'>haberi</span> <span class='ocrx_word' id='word_1_392' title='bbox 842 2660 904 2701; x_wconf 91' lang='lat' dir='ltr'>non</span> <span class='ocrx_word' id='word_1_393' title='bbox 958 2650 1179 2707; x_wconf 82' lang='lat' dir='ltr'>contessionem</span> <span class='ocrx_word' id='word_1_394' title='bbox 1194 2646 1293 2704; x_wconf 91' lang='lat' dir='ltr'>cordis</span> <span class='ocrx_word' id='word_1_395' title='bbox 1306 2644 1431 2716; x_wconf 91' lang='lat' dir='ltr'>implere</span> <span class='ocrx_word' id='word_1_396' title='bbox 1449 2656 1549 2716; x_wconf 89' lang='lat' dir='ltr'>posse,</span> <span class='ocrx_word' id='word_1_397' title='bbox 1570 2643 1625 2696; x_wconf 90' lang='lat' dir='ltr'>aut</span> <span class='ocrx_word' id='word_1_398' title='bbox 1639 2636 1783 2694; x_wconf 91' lang='lat' dir='ltr'>ostendas</span> 
     </span>
     <span class='ocr_line' id='line_1_29' title="bbox 76 2724 1782 2812; baseline -0.005 -24"><span class='ocrx_word' id='word_1_399' title='bbox 76 2735 179 2806; x_wconf 89' lang='lat' dir='ltr'>potest</span> <span class='ocrx_word' id='word_1_400' title='bbox 192 2730 265 2796; x_wconf 90' lang='lat' dir='ltr'>:Qui</span> <span class='ocrx_word' id='word_1_401' title='bbox 279 2730 599 2802; x_wconf 84' lang='lat' dir='ltr'>crediderit,inquit,et</span> <span class='ocrx_word' id='word_1_402' title='bbox 612 2731 903 2803; x_wconf 83' lang='lat' dir='ltr'>baptizatusfuerit,</span> <span class='ocrx_word' id='word_1_403' title='bbox 958 2738 1091 2812; x_wconf 88' lang='lat' dir='ltr'>qualiter</span> <span class='ocrx_word' id='word_1_404' title='bbox 1110 2736 1185 2793; x_wconf 85' lang='lat' dir='ltr'>tides</span> <span class='ocrx_word' id='word_1_405' title='bbox 1200 2750 1273 2792; x_wconf 90' lang='lat' dir='ltr'>vera</span> <span class='ocrx_word' id='word_1_406' title='bbox 1287 2739 1318 2791; x_wconf 90' lang='lat' dir='ltr'>et</span> <span class='ocrx_word' id='word_1_407' title='bbox 1339 2732 1473 2789; x_wconf 86' lang='lat' dir='ltr'>charitas</span> <span class='ocrx_word' id='word_1_408' title='bbox 1497 2745 1558 2785; x_wconf 88' lang='lat' dir='ltr'>non</span> <span class='ocrx_word' id='word_1_409' title='bbox 1582 2729 1653 2784; x_wconf 83' lang='lat' dir='ltr'>fleta</span> <span class='ocrx_word' id='word_1_410' title='bbox 1675 2724 1782 2782; x_wconf 91' lang='lat' dir='ltr'>haberi</span> 
     </span>
     <span class='ocr_line' id='line_1_30' title="bbox 78 2811 1782 2900; baseline -0.007 -21"><span class='ocrx_word' id='word_1_411' title='bbox 78 2819 186 2876; x_wconf 84' lang='lat' dir='ltr'>salvus</span> <span class='ocrx_word' id='word_1_412' title='bbox 202 2821 269 2875; x_wconf 87' lang='lat' dir='ltr'>erit.</span> <span class='ocrx_word' id='word_1_413' title='bbox 284 2820 359 2875; x_wconf 84' lang='lat' dir='ltr'>Ecce</span> <span class='ocrx_word' id='word_1_414' title='bbox 375 2835 445 2890; x_wconf 83' lang='lat' dir='ltr'>ergo</span> <span class='ocrx_word' id='word_1_415' title='bbox 460 2820 588 2875; x_wconf 89' lang='lat' dir='ltr'>dubium</span> <span class='ocrx_word' id='word_1_416' title='bbox 603 2824 736 2891; x_wconf 88' lang='lat' dir='ltr'>nonest,</span> <span class='ocrx_word' id='word_1_417' title='bbox 753 2822 828 2893; x_wconf 86' lang='lat' dir='ltr'>quin</span> <span class='ocrx_word' id='word_1_418' title='bbox 851 2822 904 2879; x_wconf 90' lang='lat' dir='ltr'>ubi</span> <span class='ocrx_word' id='word_1_419' title='bbox 957 2827 1066 2900; x_wconf 89' lang='lat' dir='ltr'>possit,</span> <span class='ocrx_word' id='word_1_420' title='bbox 1079 2825 1134 2881; x_wconf 87' lang='lat' dir='ltr'>ubi</span> <span class='ocrx_word' id='word_1_421' title='bbox 1156 2824 1239 2880; x_wconf 85' lang='lat' dir='ltr'>salus</span> <span class='ocrx_word' id='word_1_422' title='bbox 1253 2838 1315 2879; x_wconf 91' lang='lat' dir='ltr'>non</span> <span class='ocrx_word' id='word_1_423' title='bbox 1331 2823 1380 2877; x_wconf 89' lang='lat' dir='ltr'>sit.</span> <span class='ocrx_word' id='word_1_424' title='bbox 1396 2819 1464 2876; x_wconf 89' lang='lat' dir='ltr'>Nisi</span> <span class='ocrx_word' id='word_1_425' title='bbox 1487 2818 1565 2873; x_wconf 82' lang='lat' dir='ltr'>sorte</span> <span class='ocrx_word' id='word_1_426' title='bbox 1586 2815 1684 2872; x_wconf 91' lang='lat' dir='ltr'>dicere</span> <span class='ocrx_word' id='word_1_427' title='bbox 1705 2811 1782 2868; x_wconf 91' lang='lat' dir='ltr'>velis</span> 
     </span>
     <span class='ocr_line' id='line_1_31' title="bbox 77 2899 1779 2983; baseline -0.005 -19"><span class='ocrx_word' id='word_1_428' title='bbox 77 2908 154 2964; x_wconf 85' lang='lat' dir='ltr'>fides</span> <span class='ocrx_word' id='word_1_429' title='bbox 168 2911 215 2963; x_wconf 91' lang='lat' dir='ltr'>est</span> <span class='ocrx_word' id='word_1_430' title='bbox 230 2911 259 2962; x_wconf 92' lang='lat' dir='ltr'>et</span> <span class='ocrx_word' id='word_1_431' title='bbox 271 2908 445 2980; x_wconf 88' lang='lat' dir='ltr'>baptismus</span> <span class='ocrx_word' id='word_1_432' title='bbox 460 2907 602 2975; x_wconf 88' lang='lat' dir='ltr'>est,sa1us</span> <span class='ocrx_word' id='word_1_433' title='bbox 618 2909 710 2964; x_wconf 76' lang='lat' dir='ltr'>sicut</span> <span class='ocrx_word' id='word_1_434' title='bbox 720 2909 795 2981; x_wconf 80' lang='lat' dir='ltr'>quid</span> <span class='ocrx_word' id='word_1_435' title='bbox 808 2911 906 2982; x_wconf 87' lang='lat' dir='ltr'>sequi·</span> <span class='ocrx_word' id='word_1_436' title='bbox 957 2915 1122 2983; x_wconf 89' lang='lat' dir='ltr'>neminem,</span> <span class='ocrx_word' id='word_1_437' title='bbox 1137 2913 1227 2970; x_wconf 85' lang='lat' dir='ltr'>fidem</span> <span class='ocrx_word' id='word_1_438' title='bbox 1242 2925 1346 2967; x_wconf 90' lang='lat' dir='ltr'>veram</span> <span class='ocrx_word' id='word_1_439' title='bbox 1361 2913 1391 2965; x_wconf 89' lang='lat' dir='ltr'>st</span> <span class='ocrx_word' id='word_1_440' title='bbox 1410 2906 1591 2964; x_wconf 88' lang='lat' dir='ltr'>charitatem</span> <span class='ocrx_word' id='word_1_441' title='bbox 1607 2915 1712 2959; x_wconf 89' lang='lat' dir='ltr'>veram</span> <span class='ocrx_word' id='word_1_442' title='bbox 1725 2899 1779 2958; x_wconf 87' lang='lat' dir='ltr'>ha·</span> 
     </span>
     <span class='ocr_line' id='line_1_32' title="bbox 77 2994 1780 3081; baseline -0.006 -29"><span class='ocrx_word' id='word_1_443' title='bbox 77 2994 155 3052; x_wconf 81' lang='lat' dir='ltr'>tur?</span> <span class='ocrx_word' id='word_1_444' title='bbox 181 2997 244 3064; x_wconf 77' lang='lat' dir='ltr'>Qus·</span> <span class='ocrx_word' id='word_1_445' title='bbox 256 3011 330 3051; x_wconf 84' lang='lat' dir='ltr'>vero</span> <span class='ocrx_word' id='word_1_446' title='bbox 345 3011 410 3051; x_wconf 81' lang='lat' dir='ltr'>noo</span> <span class='ocrx_word' id='word_1_447' title='bbox 426 2998 614 3063; x_wconf 81' lang='lat' dir='ltr'>crediderit,</span> <span class='ocrx_word' id='word_1_448' title='bbox 632 2998 903 3054; x_wconf 69' lang='lat' dir='ltr'>condemnabatur</span> <span class='ocrx_word' id='word_1_449' title='bbox 921 3003 1029 3081; x_wconf 65' lang='lat' dir='ltr'>chere</span> <span class='ocrx_word' id='word_1_450' title='bbox 1042 3017 1142 3075; x_wconf 91' lang='lat' dir='ltr'>posse,</span> <span class='ocrx_word' id='word_1_451' title='bbox 1158 2999 1212 3072; x_wconf 86' lang='lat' dir='ltr'>qui</span> <span class='ocrx_word' id='word_1_452' title='bbox 1226 2994 1348 3053; x_wconf 86' lang='lat' dir='ltr'>visibile</span> <span class='ocrx_word' id='word_1_453' title='bbox 1369 2994 1595 3051; x_wconf 89' lang='lat' dir='ltr'>sacramentum</span> <span class='ocrx_word' id='word_1_454' title='bbox 1614 3004 1702 3061; x_wconf 81' lang='lat' dir='ltr'>aquae</span> <span class='ocrx_word' id='word_1_455' title='bbox 1716 3000 1780 3043; x_wconf 90' lang='lat' dir='ltr'>non</span> 
     </span>
     <span class='ocr_line' id='line_1_33' title="bbox 77 3076 1779 3155; baseline -0.005 -16"><span class='ocrx_word' id='word_1_456' title='bbox 77 3086 189 3150; x_wconf 73' lang='lat' dir='ltr'>(Marc.</span> <span class='ocrx_word' id='word_1_457' title='bbox 207 3084 283 3154; x_wconf 86' lang='lat' dir='ltr'>xvi).</span> <span class='ocrx_word' id='word_1_458' title='bbox 298 3081 398 3148; x_wconf 87' lang='lat' dir='ltr'>Quare</span> <span class='ocrx_word' id='word_1_459' title='bbox 412 3084 457 3138; x_wconf 91' lang='lat' dir='ltr'>ita</span> <span class='ocrx_word' id='word_1_460' title='bbox 470 3083 568 3139; x_wconf 89' lang='lat' dir='ltr'>dicere</span> <span class='ocrx_word' id='word_1_461' title='bbox 581 3083 680 3139; x_wconf 92' lang='lat' dir='ltr'>voluit</span> <span class='ocrx_word' id='word_1_462' title='bbox 694 3082 708 3138; x_wconf 81' lang='grc'>1</span> <span class='ocrx_word' id='word_1_463' title='bbox 726 3085 827 3151; x_wconf 86' lang='lat' dir='ltr'>Quare</span> <span class='ocrx_word' id='word_1_464' title='bbox 840 3103 902 3144; x_wconf 89' lang='lat' dir='ltr'>non</span> <span class='ocrx_word' id='word_1_465' title='bbox 958 3092 998 3148; x_wconf 88' lang='lat' dir='ltr'>sit</span> <span class='ocrx_word' id='word_1_466' title='bbox 1012 3085 1275 3154; x_wconf 72' lang='lat' dir='ltr'>habiturusQiod</span> <span class='ocrx_word' id='word_1_467' title='bbox 1289 3088 1392 3141; x_wconf 91' lang='lat' dir='ltr'>tamen</span> <span class='ocrx_word' id='word_1_468' title='bbox 1407 3097 1470 3155; x_wconf 88' lang='lat' dir='ltr'>qua</span> <span class='ocrx_word' id='word_1_469' title='bbox 1483 3080 1602 3136; x_wconf 89' lang='lat' dir='ltr'>ratione</span> <span class='ocrx_word' id='word_1_470' title='bbox 1614 3076 1663 3134; x_wconf 89' lang='lat' dir='ltr'>vel</span> <span class='ocrx_word' id='word_1_471' title='bbox 1677 3078 1779 3131; x_wconf 87' lang='lat' dir='ltr'>aucto·</span> 
     </span>
     <span class='ocr_line' id='line_1_34' title="bbox 77 3166 1778 3249; baseline -0.006 -21"><span class='ocrx_word' id='word_1_472' title='bbox 77 3171 173 3229; x_wconf 85' lang='lat' dir='ltr'>dixit:</span> <span class='ocrx_word' id='word_1_473' title='bbox 187 3170 247 3236; x_wconf 90' lang='lat' dir='ltr'>Qui</span> <span class='ocrx_word' id='word_1_474' title='bbox 254 3186 316 3227; x_wconf 92' lang='lat' dir='ltr'>non</span> <span class='ocrx_word' id='word_1_475' title='bbox 330 3171 490 3227; x_wconf 90' lang='lat' dir='ltr'>crediderit</span> <span class='ocrx_word' id='word_1_476' title='bbox 504 3175 534 3227; x_wconf 92' lang='lat' dir='ltr'>et</span> <span class='ocrx_word' id='word_1_477' title='bbox 545 3171 720 3244; x_wconf 87' lang='lat' dir='ltr'>baptizatus</span> <span class='ocrx_word' id='word_1_478' title='bbox 733 3188 796 3229; x_wconf 91' lang='lat' dir='ltr'>non</span> <span class='ocrx_word' id='word_1_479' title='bbox 810 3173 903 3231; x_wconf 80' lang='lat' dir='ltr'>fuerit</span> <span class='ocrx_word' id='word_1_480' title='bbox 956 3180 1047 3236; x_wconf 83' lang='lat' dir='ltr'>ritate</span> <span class='ocrx_word' id='word_1_481' title='bbox 1061 3176 1170 3249; x_wconf 88' lang='lat' dir='ltr'>probes</span> <span class='ocrx_word' id='word_1_482' title='bbox 1181 3172 1362 3246; x_wconf 74' lang='lat' dir='ltr'>ignosoSed</span> <span class='ocrx_word' id='word_1_483' title='bbox 1375 3168 1565 3226; x_wconf 90' lang='lat' dir='ltr'>nosinterim</span> <span class='ocrx_word' id='word_1_484' title='bbox 1578 3181 1640 3222; x_wconf 90' lang='lat' dir='ltr'>non</span> <span class='ocrx_word' id='word_1_485' title='bbox 1655 3166 1778 3220; x_wconf 91' lang='lat' dir='ltr'>conten·</span> 
     </span>
     <span class='ocr_line' id='line_1_35' title="bbox 77 3254 1780 3335; baseline -0.006 -18"><span class='ocrx_word' id='word_1_486' title='bbox 77 3259 344 3324; x_wconf 87' lang='lat' dir='ltr'>condemnabitur,</span> <span class='ocrx_word' id='word_1_487' title='bbox 360 3259 439 3314; x_wconf 90' lang='lat' dir='ltr'>sicut</span> <span class='ocrx_word' id='word_1_488' title='bbox 452 3259 570 3315; x_wconf 83' lang='lat' dir='ltr'>dixerat</span> <span class='ocrx_word' id='word_1_489' title='bbox 599 3277 604 3313; x_wconf 94' lang='lat'>:</span> <span class='ocrx_word' id='word_1_490' title='bbox 629 3260 687 3326; x_wconf 89' lang='lat' dir='ltr'>Qui</span> <span class='ocrx_word' id='word_1_491' title='bbox 702 3260 861 3318; x_wconf 89' lang='lat' dir='ltr'>crediderit</span> <span class='ocrx_word' id='word_1_492' title='bbox 873 3266 903 3320; x_wconf 88' lang='lat' dir='ltr'>et</span> <span class='ocrx_word' id='word_1_493' title='bbox 957 3268 1060 3323; x_wconf 91' lang='lat' dir='ltr'>dimus</span> <span class='ocrx_word' id='word_1_494' title='bbox 1073 3268 1177 3320; x_wconf 91' lang='lat' dir='ltr'>utrum</span> <span class='ocrx_word' id='word_1_495' title='bbox 1193 3262 1307 3335; x_wconf 88' lang='lat' dir='ltr'>aliquis</span> <span class='ocrx_word' id='word_1_496' title='bbox 1321 3260 1374 3333; x_wconf 90' lang='lat' dir='ltr'>qui</span> <span class='ocrx_word' id='word_1_497' title='bbox 1387 3256 1534 3331; x_wconf 84' lang='lat' dir='ltr'>baptismi</span> <span class='ocrx_word' id='word_1_498' title='bbox 1553 3254 1780 3312; x_wconf 87' lang='lat' dir='ltr'>sacramentum</span> 
     </span>
     <span class='ocr_line' id='line_1_36' title="bbox 74 3338 1779 3430; baseline -0.005 -26"><span class='ocrx_word' id='word_1_499' title='bbox 74 3348 253 3420; x_wconf 84' lang='lat' dir='ltr'>baptizatus</span> <span class='ocrx_word' id='word_1_500' title='bbox 266 3348 369 3416; x_wconf 82' lang='lat' dir='ltr'>luerit,</span> <span class='ocrx_word' id='word_1_501' title='bbox 386 3347 489 3403; x_wconf 87' lang='lat' dir='ltr'>salvus</span> <span class='ocrx_word' id='word_1_502' title='bbox 505 3349 563 3403; x_wconf 90' lang='lat' dir='ltr'>erit</span> <span class='ocrx_word' id='word_1_503' title='bbox 584 3346 599 3402; x_wconf 84' lang='lat' dir='ltr'>i</span> <span class='ocrx_word' id='word_1_504' title='bbox 622 3347 731 3418; x_wconf 87' lang='lat' dir='ltr'>Quare,</span> <span class='ocrx_word' id='word_1_505' title='bbox 747 3350 806 3406; x_wconf 87' lang='lat' dir='ltr'>nisi</span> <span class='ocrx_word' id='word_1_506' title='bbox 829 3351 903 3423; x_wconf 85' lang='lat' dir='ltr'>quia</span> <span class='ocrx_word' id='word_1_507' title='bbox 957 3358 1157 3430; x_wconf 84' lang='lat' dir='ltr'>percepturus</span> <span class='ocrx_word' id='word_1_508' title='bbox 1171 3367 1233 3408; x_wconf 91' lang='lat' dir='ltr'>non</span> <span class='ocrx_word' id='word_1_509' title='bbox 1248 3354 1312 3420; x_wconf 79' lang='lat' dir='ltr'>est,</span> <span class='ocrx_word' id='word_1_510' title='bbox 1326 3349 1387 3404; x_wconf 88' lang='lat' dir='ltr'>ista</span> <span class='ocrx_word' id='word_1_511' title='bbox 1400 3346 1513 3404; x_wconf 91' lang='lat' dir='ltr'>habere</span> <span class='ocrx_word' id='word_1_512' title='bbox 1527 3343 1634 3417; x_wconf 90' lang='lat' dir='ltr'>possit,</span> <span class='ocrx_word' id='word_1_513' title='bbox 1644 3341 1703 3397; x_wconf 91' lang='lat' dir='ltr'>hoc</span> <span class='ocrx_word' id='word_1_514' title='bbox 1715 3338 1779 3396; x_wconf 91' lang='lat' dir='ltr'>solo</span> 
     </span>
     <span class='ocr_line' id='line_1_37' title="bbox 78 3428 1780 3516; baseline -0.005 -24"><span class='ocrx_word' id='word_1_515' title='bbox 78 3435 200 3492; x_wconf 91' lang='lat' dir='ltr'>credere</span> <span class='ocrx_word' id='word_1_516' title='bbox 212 3435 903 3507; x_wconf 85' lang='lat' dir='ltr'>voluntatisest,etquiafidescrederevolenti</span> <span class='ocrx_word' id='word_1_517' title='bbox 956 3444 1109 3500; x_wconf 79' lang='lat' dir='ltr'>duntaxat</span> <span class='ocrx_word' id='word_1_518' title='bbox 1129 3441 1298 3516; x_wconf 78' lang='lat' dir='ltr'>constante,</span> <span class='ocrx_word' id='word_1_519' title='bbox 1314 3436 1397 3510; x_wconf 90' lang='lat' dir='ltr'>quod</span> <span class='ocrx_word' id='word_1_520' title='bbox 1418 3433 1528 3506; x_wconf 88' lang='lat' dir='ltr'>siquis</span> <span class='ocrx_word' id='word_1_521' title='bbox 1546 3434 1626 3487; x_wconf 90' lang='lat' dir='ltr'>esset</span> <span class='ocrx_word' id='word_1_522' title='bbox 1640 3429 1694 3502; x_wconf 88' lang='lat' dir='ltr'>qui</span> <span class='ocrx_word' id='word_1_523' title='bbox 1715 3428 1780 3484; x_wconf 79' lang='lat' dir='ltr'>haec</span> 
     </span>
     <span class='ocr_line' id='line_1_38' title="bbox 76 3522 1779 3596; baseline -0.001 -16"><span class='ocrx_word' id='word_1_524' title='bbox 76 3523 182 3581; x_wconf 88' lang='lat' dir='ltr'>deesse</span> <span class='ocrx_word' id='word_1_525' title='bbox 195 3539 258 3580; x_wconf 92' lang='lat' dir='ltr'>non</span> <span class='ocrx_word' id='word_1_526' title='bbox 269 3524 426 3596; x_wconf 75' lang='lat' dir='ltr'>potestlit</span> <span class='ocrx_word' id='word_1_527' title='bbox 439 3523 552 3579; x_wconf 88' lang='lat' dir='ltr'>idcirco</span> <span class='ocrx_word' id='word_1_528' title='bbox 567 3523 600 3578; x_wconf 92' lang='lat' dir='ltr'>iu</span> <span class='ocrx_word' id='word_1_529' title='bbox 615 3538 649 3579; x_wconf 92' lang='lat' dir='ltr'>eo</span> <span class='ocrx_word' id='word_1_530' title='bbox 665 3525 719 3596; x_wconf 88' lang='lat' dir='ltr'>qui</span> <span class='ocrx_word' id='word_1_531' title='bbox 731 3539 794 3580; x_wconf 89' lang='lat' dir='ltr'>nou</span> <span class='ocrx_word' id='word_1_532' title='bbox 808 3525 904 3583; x_wconf 92' lang='lat' dir='ltr'>credit</span> <span class='ocrx_word' id='word_1_533' title='bbox 955 3532 1082 3588; x_wconf 79' lang='lat' dir='ltr'>haberet</span> <span class='ocrx_word' id='word_1_534' title='bbox 1096 3530 1188 3585; x_wconf 86' lang='lat' dir='ltr'>etiam</span> <span class='ocrx_word' id='word_1_535' title='bbox 1202 3528 1269 3584; x_wconf 90' lang='lat' dir='ltr'>sine</span> <span class='ocrx_word' id='word_1_536' title='bbox 1282 3524 1398 3582; x_wconf 81' lang='lat' dir='ltr'>visibili</span> <span class='ocrx_word' id='word_1_537' title='bbox 1422 3522 1612 3579; x_wconf 85' lang='lat' dir='ltr'>sacramento</span> <span class='ocrx_word' id='word_1_538' title='bbox 1627 3533 1715 3590; x_wconf 70' lang='lat' dir='ltr'>aqum</span> <span class='ocrx_word' id='word_1_539' title='bbox 1728 3531 1779 3588; x_wconf 75' lang='lat' dir='ltr'>pe·</span> 
     </span>
     <span class='ocr_line' id='line_1_39' title="bbox 77 3603 1780 3689; baseline -0.006 -20"><span class='ocrx_word' id='word_1_540' title='bbox 77 3627 198 3685; x_wconf 82' lang='lat' dir='ltr'>semper</span> <span class='ocrx_word' id='word_1_541' title='bbox 220 3627 316 3684; x_wconf 87' lang='lat' dir='ltr'>prava</span> <span class='ocrx_word' id='word_1_542' title='bbox 330 3611 473 3668; x_wconf 88' lang='lat' dir='ltr'>voluntas</span> <span class='ocrx_word' id='word_1_543' title='bbox 497 3610 638 3682; x_wconf 78' lang='lat' dir='ltr'>arguitur</span> <span class='ocrx_word' id='word_1_544' title='bbox 658 3611 712 3668; x_wconf 90' lang='lat' dir='ltr'>ubi</span> <span class='ocrx_word' id='word_1_545' title='bbox 737 3615 902 3670; x_wconf 90' lang='lat' dir='ltr'>necessitas</span> <span class='ocrx_word' id='word_1_546' title='bbox 956 3621 1015 3676; x_wconf 84' lang='lat' dir='ltr'>rire</span> <span class='ocrx_word' id='word_1_547' title='bbox 1029 3632 1092 3673; x_wconf 90' lang='lat' dir='ltr'>non</span> <span class='ocrx_word' id='word_1_548' title='bbox 1104 3619 1217 3689; x_wconf 90' lang='lat' dir='ltr'>posset.</span> <span class='ocrx_word' id='word_1_549' title='bbox 1229 3613 1330 3672; x_wconf 90' lang='lat' dir='ltr'>Multa</span> <span class='ocrx_word' id='word_1_550' title='bbox 1345 3614 1418 3667; x_wconf 92' lang='lat' dir='ltr'>sunt</span> <span class='ocrx_word' id='word_1_551' title='bbox 1432 3609 1493 3664; x_wconf 89' lang='lat' dir='ltr'>alia</span> <span class='ocrx_word' id='word_1_552' title='bbox 1507 3622 1576 3679; x_wconf 82' lang='lat' dir='ltr'>quae</span> <span class='ocrx_word' id='word_1_553' title='bbox 1591 3619 1710 3679; x_wconf 87' lang='lat' dir='ltr'>semper</span> <span class='ocrx_word' id='word_1_554' title='bbox 1722 3603 1780 3660; x_wconf 88' lang='lat' dir='ltr'>hoc</span> 
     </span>
     <span class='ocr_line' id='line_1_40' title="bbox 75 3692 1779 3780; baseline -0.007 -23"><span class='ocrx_word' id='word_1_555' title='bbox 75 3699 164 3757; x_wconf 90' lang='lat' dir='ltr'>nulla</span> <span class='ocrx_word' id='word_1_556' title='bbox 185 3715 251 3755; x_wconf 90' lang='lat' dir='ltr'>esse</span> <span class='ocrx_word' id='word_1_557' title='bbox 264 3702 375 3772; x_wconf 91' lang='lat' dir='ltr'>potest,</span> <span class='ocrx_word' id='word_1_558' title='bbox 389 3714 457 3771; x_wconf 83' lang='lat' dir='ltr'>quae</span> <span class='ocrx_word' id='word_1_559' title='bbox 472 3699 512 3754; x_wconf 90' lang='lat' dir='ltr'>ad</span> <span class='ocrx_word' id='word_1_560' title='bbox 533 3699 760 3755; x_wconf 87' lang='lat' dir='ltr'>excusationem</span> <span class='ocrx_word' id='word_1_561' title='bbox 773 3704 901 3773; x_wconf 83' lang='lat' dir='ltr'>praeten·</span> <span class='ocrx_word' id='word_1_562' title='bbox 957 3704 1188 3780; x_wconf 86' lang='lat' dir='ltr'>spprobandum</span> <span class='ocrx_word' id='word_1_563' title='bbox 1213 3700 1323 3758; x_wconf 90' lang='lat' dir='ltr'>adduci</span> <span class='ocrx_word' id='word_1_564' title='bbox 1349 3698 1531 3771; x_wconf 90' lang='lat' dir='ltr'>potuissent,</span> <span class='ocrx_word' id='word_1_565' title='bbox 1557 3692 1610 3748; x_wconf 86' lang='lat' dir='ltr'>sed</span> <span class='ocrx_word' id='word_1_566' title='bbox 1632 3705 1689 3747; x_wconf 91' lang='lat' dir='ltr'>nos</span> <span class='ocrx_word' id='word_1_567' title='bbox 1710 3705 1779 3761; x_wconf 79' lang='lat' dir='ltr'>quae</span> 
     </span>
     <span class='ocr_line' id='line_1_41' title="bbox 77 3775 1776 3867; baseline -0.004 -22"><span class='ocrx_word' id='word_1_568' title='bbox 77 3787 179 3845; x_wconf 87' lang='lat' dir='ltr'>datur.</span> <span class='ocrx_word' id='word_1_569' title='bbox 197 3787 351 3860; x_wconf 86' lang='lat' dir='ltr'>Baptizari</span> <span class='ocrx_word' id='word_1_570' title='bbox 365 3791 467 3843; x_wconf 88' lang='lat' dir='ltr'>autem</span> <span class='ocrx_word' id='word_1_571' title='bbox 491 3789 525 3844; x_wconf 92' lang='lat' dir='ltr'>in</span> <span class='ocrx_word' id='word_1_572' title='bbox 538 3786 697 3843; x_wconf 87' lang='lat' dir='ltr'>voluntate</span> <span class='ocrx_word' id='word_1_573' title='bbox 710 3802 776 3844; x_wconf 90' lang='lat' dir='ltr'>esse</span> <span class='ocrx_word' id='word_1_574' title='bbox 790 3791 901 3861; x_wconf 87' lang='lat' dir='ltr'>potest,</span> <span class='ocrx_word' id='word_1_575' title='bbox 956 3793 1097 3867; x_wconf 79' lang='lat' dir='ltr'>superins</span> <span class='ocrx_word' id='word_1_576' title='bbox 1111 3792 1144 3846; x_wconf 91' lang='lat' dir='ltr'>in</span> <span class='ocrx_word' id='word_1_577' title='bbox 1154 3791 1287 3846; x_wconf 86' lang='lat' dir='ltr'>tractatu</span> <span class='ocrx_word' id='word_1_578' title='bbox 1302 3787 1564 3843; x_wconf 85' lang='lat' dir='ltr'>sacramentorum</span> <span class='ocrx_word' id='word_1_579' title='bbox 1579 3779 1618 3835; x_wconf 78' lang='lat' dir='ltr'>ed</span> <span class='ocrx_word' id='word_1_580' title='bbox 1640 3775 1776 3851; x_wconf 71' lang='lat' dir='ltr'>idipsum</span> 
     </span>
     <span class='ocr_line' id='line_1_42' title="bbox 76 3863 1779 3955; baseline -0.008 -21"><span class='ocrx_word' id='word_1_581' title='bbox 76 3879 171 3934; x_wconf 89' lang='lat' dir='ltr'>stiam</span> <span class='ocrx_word' id='word_1_582' title='bbox 186 3876 310 3948; x_wconf 86' lang='lat' dir='ltr'>quando</span> <span class='ocrx_word' id='word_1_583' title='bbox 324 3891 386 3931; x_wconf 92' lang='lat' dir='ltr'>non</span> <span class='ocrx_word' id='word_1_584' title='bbox 400 3879 448 3931; x_wconf 91' lang='lat' dir='ltr'>est</span> <span class='ocrx_word' id='word_1_585' title='bbox 464 3876 498 3931; x_wconf 88' lang='lat' dir='ltr'>in</span> <span class='ocrx_word' id='word_1_586' title='bbox 512 3874 729 3948; x_wconf 89' lang='lat' dir='ltr'>possibilitate;</span> <span class='ocrx_word' id='word_1_587' title='bbox 746 3875 901 3933; x_wconf 89' lang='lat' dir='ltr'>etidcirco</span> <span class='ocrx_word' id='word_1_588' title='bbox 955 3879 1147 3955; x_wconf 75' lang='lat' dir='ltr'>probandum</span> <span class='ocrx_word' id='word_1_589' title='bbox 1160 3876 1319 3951; x_wconf 91' lang='lat' dir='ltr'>posuimus</span> <span class='ocrx_word' id='word_1_590' title='bbox 1336 3890 1343 3930; x_wconf 75' lang='grc' dir='ltr'><strong>ε</strong></span> <span class='ocrx_word' id='word_1_591' title='bbox 1359 3885 1555 3945; x_wconf 80' lang='lat' dir='ltr'>nequaquam</span> <span class='ocrx_word' id='word_1_592' title='bbox 1566 3868 1679 3926; x_wconf 88' lang='lat' dir='ltr'>iterum</span> <span class='ocrx_word' id='word_1_593' title='bbox 1693 3863 1779 3939; x_wconf 88' lang='lat' dir='ltr'>repli·</span> 
     </span>
     <span class='ocr_line' id='line_1_43' title="bbox 74 3963 1222 4041; baseline 0 -20"><span class='ocrx_word' id='word_1_594' title='bbox 74 3966 158 4037; x_wconf 85' lang='lat' dir='ltr'>juste</span> <span class='ocrx_word' id='word_1_595' title='bbox 171 3964 255 4021; x_wconf 90' lang='lat' dir='ltr'>bona</span> <span class='ocrx_word' id='word_1_596' title='bbox 267 3964 411 4020; x_wconf 91' lang='lat' dir='ltr'>voluutas</span> <span class='ocrx_word' id='word_1_597' title='bbox 421 3979 490 4021; x_wconf 90' lang='lat' dir='ltr'>cum</span> <span class='ocrx_word' id='word_1_598' title='bbox 505 3963 665 4020; x_wconf 90' lang='lat' dir='ltr'>devotione</span> <span class='ocrx_word' id='word_1_599' title='bbox 677 3963 749 4020; x_wconf 88' lang='lat' dir='ltr'>fidei</span> <span class='ocrx_word' id='word_1_600' title='bbox 761 3980 824 4022; x_wconf 79' lang='lat' dir='ltr'>suae</span> <span class='ocrx_word' id='word_1_601' title='bbox 838 3981 900 4022; x_wconf 91' lang='lat' dir='ltr'>non</span> <span class='ocrx_word' id='word_1_602' title='bbox 956 3970 1053 4028; x_wconf 86' lang='lat' dir='ltr'>canda</span> <span class='ocrx_word' id='word_1_603' title='bbox 1066 3970 1222 4041; x_wconf 86' lang='lat' dir='ltr'>putamus.</span> 
     </span>
    </p>

    <p class='ocr_par' dir='ltr' id='par_1_3' title="bbox 74 4046 1815 5800">
     <span class='ocr_line' id='line_1_44' title="bbox 77 4046 1728 4126; baseline -0.008 -17"><span class='ocrx_word' id='word_1_604' title='bbox 77 4052 255 4126; x_wconf 88' lang='lat' dir='ltr'>despicitur,</span> <span class='ocrx_word' id='word_1_605' title='bbox 271 4053 412 4123; x_wconf 83' lang='lat' dir='ltr'>quamvis</span> <span class='ocrx_word' id='word_1_606' title='bbox 434 4052 473 4108; x_wconf 90' lang='lat' dir='ltr'>ab</span> <span class='ocrx_word' id='word_1_607' title='bbox 488 4067 523 4108; x_wconf 93' lang='lat' dir='ltr'>eo</span> <span class='ocrx_word' id='word_1_608' title='bbox 538 4051 621 4124; x_wconf 89' lang='lat' dir='ltr'>quod</span> <span class='ocrx_word' id='word_1_609' title='bbox 641 4052 717 4109; x_wconf 82' lang='lat' dir='ltr'>soris</span> <span class='ocrx_word' id='word_1_610' title='bbox 737 4055 783 4108; x_wconf 89' lang='grc' dir='ltr'>εεῖ</span> <span class='ocrx_word' id='word_1_611' title='bbox 802 4067 900 4110; x_wconf 88' lang='lat' dir='ltr'>sacra·</span> <span class='ocrx_word' id='word_1_612' title='bbox 1003 4057 1076 4114; x_wconf 65' lang='lat' dir='ltr'>cip.</span> <span class='ocrx_word' id='word_1_613' title='bbox 1092 4054 1177 4111; x_wconf 79' lang='lat' dir='ltr'>vill.</span> <span class='ocrx_word' id='word_1_614' title='bbox 1196 4053 1236 4109; x_wconf 83' lang='lat' dir='ltr'>be</span> <span class='ocrx_word' id='word_1_615' title='bbox 1250 4050 1469 4108; x_wconf 78' lang='lat' dir='ltr'>sacramentis</span> <span class='ocrx_word' id='word_1_616' title='bbox 1483 4046 1728 4116; x_wconf 75' lang='lat' dir='ltr'>neophytorum.</span> 
     </span>
     <span class='ocr_line' id='line_1_45' title="bbox 76 4130 1779 4218; baseline -0.005 -21"><span class='ocrx_word' id='word_1_617' title='bbox 76 4145 180 4197; x_wconf 87' lang='lat' dir='ltr'>mento</span> <span class='ocrx_word' id='word_1_618' title='bbox 190 4155 279 4212; x_wconf 77' lang='lat' dir='ltr'>aqua</span> <span class='ocrx_word' id='word_1_619' title='bbox 286 4140 480 4213; x_wconf 85' lang='lat' dir='ltr'>percipiendo</span> <span class='ocrx_word' id='word_1_620' title='bbox 491 4138 620 4197; x_wconf 87' lang='lat' dir='ltr'>articulo</span> <span class='ocrx_word' id='word_1_621' title='bbox 628 4140 819 4197; x_wconf 87' lang='lat' dir='ltr'>necessitatis</span> <span class='ocrx_word' id='word_1_622' title='bbox 830 4156 903 4212; x_wconf 64' lang='lat' dir='ltr'>pra</span> <span class='ocrx_word' id='word_1_623' title='bbox 990 4145 1170 4218; x_wconf 82' lang='lat' dir='ltr'>Neophytos</span> <span class='ocrx_word' id='word_1_624' title='bbox 1185 4143 1331 4198; x_wconf 76' lang='lat' dir='ltr'>novitius</span> <span class='ocrx_word' id='word_1_625' title='bbox 1345 4139 1575 4210; x_wconf 84' lang='lat' dir='ltr'>interpretatur.</span> <span class='ocrx_word' id='word_1_626' title='bbox 1597 4130 1779 4204; x_wconf 85' lang='lat' dir='ltr'>Neophytus</span> 
     </span>
     <span class='ocr_line' id='line_1_46' title="bbox 76 4218 1780 4303; baseline -0.006 -20"><span class='ocrx_word' id='word_1_627' title='bbox 76 4227 284 4301; x_wconf 86' lang='lat' dir='ltr'>pediatur.Vis</span> <span class='ocrx_word' id='word_1_628' title='bbox 294 4242 383 4283; x_wconf 91' lang='lat' dir='ltr'>nosse</span> <span class='ocrx_word' id='word_1_629' title='bbox 394 4228 515 4301; x_wconf 90' lang='lat' dir='ltr'>plenius</span> <span class='ocrx_word' id='word_1_630' title='bbox 528 4244 568 4283; x_wconf 87' lang='lat' dir='ltr'>an</span> <span class='ocrx_word' id='word_1_631' title='bbox 579 4244 616 4284; x_wconf 93' lang='lat' dir='ltr'>ne</span> <span class='ocrx_word' id='word_1_632' title='bbox 627 4230 706 4286; x_wconf 90' lang='lat' dir='ltr'>ratio</span> <span class='ocrx_word' id='word_1_633' title='bbox 716 4229 902 4286; x_wconf 85' lang='lat' dir='ltr'>hsecalicuhi</span> <span class='ocrx_word' id='word_1_634' title='bbox 954 4237 1081 4291; x_wconf 90' lang='lat' dir='ltr'>vocatur</span> <span class='ocrx_word' id='word_1_635' title='bbox 1095 4246 1192 4303; x_wconf 89' lang='lat' dir='ltr'>nuper</span> <span class='ocrx_word' id='word_1_636' title='bbox 1204 4229 1242 4285; x_wconf 90' lang='lat' dir='ltr'>ad</span> <span class='ocrx_word' id='word_1_637' title='bbox 1256 4228 1347 4285; x_wconf 86' lang='lat' dir='ltr'>iidem</span> <span class='ocrx_word' id='word_1_638' title='bbox 1362 4238 1537 4291; x_wconf 90' lang='lat' dir='ltr'>conversus,</span> <span class='ocrx_word' id='word_1_639' title='bbox 1558 4222 1622 4276; x_wconf 89' lang='lat' dir='ltr'>sive</span> <span class='ocrx_word' id='word_1_640' title='bbox 1645 4218 1732 4274; x_wconf 92' lang='lat' dir='ltr'>rudis</span> <span class='ocrx_word' id='word_1_641' title='bbox 1745 4218 1780 4273; x_wconf 89' lang='lat' dir='ltr'>in</span> 
     </span>
     <span class='ocr_line' id='line_1_47' title="bbox 76 4305 1777 4415; baseline -0.006 -44"><span class='ocrx_word' id='word_1_642' title='bbox 76 4316 258 4373; x_wconf 89' lang='lat' dir='ltr'>auctoritate</span> <span class='ocrx_word' id='word_1_643' title='bbox 268 4316 472 4372; x_wconf 73' lang='lat' dir='ltr'>manifestiori</span> <span class='ocrx_word' id='word_1_644' title='bbox 483 4333 513 4373; x_wconf 90' lang='lat' dir='ltr'>se</span> <span class='ocrx_word' id='word_1_645' title='bbox 523 4317 787 4390; x_wconf 85' lang='lat' dir='ltr'>probet,quamvis</span> <span class='ocrx_word' id='word_1_646' title='bbox 801 4318 900 4375; x_wconf 87' lang='lat' dir='ltr'>etillae</span> <span class='ocrx_word' id='word_1_647' title='bbox 912 4359 940 4415; x_wconf 81' lang='lat' dir='ltr'>D</span> <span class='ocrx_word' id='word_1_648' title='bbox 955 4320 1116 4393; x_wconf 88' lang='lat' dir='ltr'>disciplina</span> <span class='ocrx_word' id='word_1_649' title='bbox 1130 4318 1279 4389; x_wconf 79' lang='lat' dir='ltr'>religiosae</span> <span class='ocrx_word' id='word_1_650' title='bbox 1289 4311 1541 4372; x_wconf 90' lang='lat' dir='ltr'>conversationis.</span> <span class='ocrx_word' id='word_1_651' title='bbox 1552 4307 1681 4365; x_wconf 84' lang='lat' dir='ltr'>Naviter</span> <span class='ocrx_word' id='word_1_652' title='bbox 1690 4305 1729 4361; x_wconf 89' lang='lat' dir='ltr'>ad</span> <span class='ocrx_word' id='word_1_653' title='bbox 1743 4305 1777 4361; x_wconf 90' lang='lat' dir='ltr'>fl·</span> 
     </span>
     <span class='ocr_line' id='line_1_48' title="bbox 77 4389 1775 4477; baseline -0.008 -17"><span class='ocrx_word' id='word_1_654' title='bbox 77 4420 152 4477; x_wconf 81' lang='lat' dir='ltr'>quas</span> <span class='ocrx_word' id='word_1_655' title='bbox 171 4419 265 4476; x_wconf 91' lang='lat' dir='ltr'>supra</span> <span class='ocrx_word' id='word_1_656' title='bbox 287 4405 593 4461; x_wconf 88' lang='lat' dir='ltr'>commemoravimus</span> <span class='ocrx_word' id='word_1_657' title='bbox 613 4406 812 4462; x_wconf 86' lang='lat' dir='ltr'>auctoritates</span> <span class='ocrx_word' id='word_1_658' title='bbox 836 4410 900 4462; x_wconf 88' lang='lat' dir='ltr'>tem</span> <span class='ocrx_word' id='word_1_659' title='bbox 955 4411 1023 4466; x_wconf 89' lang='lat' dir='ltr'>dem</span> <span class='ocrx_word' id='word_1_660' title='bbox 1035 4407 1173 4465; x_wconf 90' lang='lat' dir='ltr'>conversi</span> <span class='ocrx_word' id='word_1_661' title='bbox 1187 4404 1362 4462; x_wconf 89' lang='lat' dir='ltr'>visibilibus</span> <span class='ocrx_word' id='word_1_662' title='bbox 1383 4397 1581 4457; x_wconf 86' lang='lat' dir='ltr'>sacramentis</span> <span class='ocrx_word' id='word_1_663' title='bbox 1601 4389 1775 4451; x_wconf 86' lang='lat' dir='ltr'>instruendi</span> 
     </span>
     <span class='ocr_line' id='line_1_49' title="bbox 77 4486 1779 4569; baseline -0.005 -21"><span class='ocrx_word' id='word_1_664' title='bbox 77 4492 247 4548; x_wconf 74' lang='lat' dir='ltr'>manifestae</span> <span class='ocrx_word' id='word_1_665' title='bbox 262 4491 435 4562; x_wconf 90' lang='lat' dir='ltr'>videantur,</span> <span class='ocrx_word' id='word_1_666' title='bbox 452 4496 487 4549; x_wconf 90' lang='lat' dir='ltr'>ut</span> <span class='ocrx_word' id='word_1_667' title='bbox 501 4492 537 4548; x_wconf 91' lang='lat' dir='ltr'>de</span> <span class='ocrx_word' id='word_1_668' title='bbox 549 4494 678 4551; x_wconf 88' lang='lat' dir='ltr'>veritate</span> <span class='ocrx_word' id='word_1_669' title='bbox 692 4495 830 4566; x_wconf 87' lang='lat' dir='ltr'>ipsarum</span> <span class='ocrx_word' id='word_1_670' title='bbox 845 4494 898 4550; x_wconf 93' lang='lat' dir='ltr'>du·</span> <span class='ocrx_word' id='word_1_671' title='bbox 956 4500 1039 4567; x_wconf 90' lang='lat' dir='ltr'>sunt,</span> <span class='ocrx_word' id='word_1_672' title='bbox 1050 4500 1084 4552; x_wconf 91' lang='lat' dir='ltr'>ut</span> <span class='ocrx_word' id='word_1_673' title='bbox 1095 4511 1150 4569; x_wconf 91' lang='lat' dir='ltr'>per</span> <span class='ocrx_word' id='word_1_674' title='bbox 1160 4510 1195 4551; x_wconf 89' lang='lat' dir='ltr'>ea</span> <span class='ocrx_word' id='word_1_675' title='bbox 1214 4510 1282 4567; x_wconf 86' lang='lat' dir='ltr'>quae</span> <span class='ocrx_word' id='word_1_676' title='bbox 1297 4492 1413 4560; x_wconf 89' lang='lat' dir='ltr'>vident,</span> <span class='ocrx_word' id='word_1_677' title='bbox 1434 4486 1610 4558; x_wconf 89' lang='lat' dir='ltr'>intelligant</span> <span class='ocrx_word' id='word_1_678' title='bbox 1633 4497 1702 4556; x_wconf 74' lang='lat' dir='ltr'>qua</span> <span class='ocrx_word' id='word_1_679' title='bbox 1716 4495 1779 4537; x_wconf 92' lang='lat' dir='ltr'>non</span> 
     </span>
     <span class='ocr_line' id='line_1_50' title="bbox 76 4569 1780 4652; baseline -0.008 -14"><span class='ocrx_word' id='word_1_680' title='bbox 76 4579 169 4638; x_wconf 88' lang='lat' dir='ltr'>bitari</span> <span class='ocrx_word' id='word_1_681' title='bbox 183 4594 248 4636; x_wconf 90' lang='lat' dir='ltr'>non</span> <span class='ocrx_word' id='word_1_682' title='bbox 271 4580 369 4652; x_wconf 91' lang='lat' dir='ltr'>possit</span> <span class='ocrx_word' id='word_1_683' title='bbox 392 4578 406 4634; x_wconf 82' lang='lat' dir='ltr'>i</span> <span class='ocrx_word' id='word_1_684' title='bbox 427 4581 508 4636; x_wconf 86' lang='lat' dir='ltr'>Audi</span> <span class='ocrx_word' id='word_1_685' title='bbox 531 4584 632 4637; x_wconf 88' lang='lat' dir='ltr'>tamen</span> <span class='ocrx_word' id='word_1_686' title='bbox 653 4581 753 4638; x_wconf 87' lang='lat' dir='ltr'>adhuc</span> <span class='ocrx_word' id='word_1_687' title='bbox 772 4582 856 4638; x_wconf 87' lang='lat' dir='ltr'>aliud</span> <span class='ocrx_word' id='word_1_688' title='bbox 875 4583 902 4638; x_wconf 92' lang='lat' dir='ltr'>si</span> <span class='ocrx_word' id='word_1_689' title='bbox 953 4581 1268 4641; x_wconf 86' lang='lat' dir='ltr'>vident.Admoneudi</span> <span class='ocrx_word' id='word_1_690' title='bbox 1279 4583 1351 4637; x_wconf 91' lang='lat' dir='ltr'>sunt</span> <span class='ocrx_word' id='word_1_691' title='bbox 1360 4575 1537 4651; x_wconf 85' lang='lat' dir='ltr'>hujusmodi</span> <span class='ocrx_word' id='word_1_692' title='bbox 1545 4577 1580 4630; x_wconf 91' lang='lat' dir='ltr'>ut</span> <span class='ocrx_word' id='word_1_693' title='bbox 1588 4569 1780 4629; x_wconf 88' lang='lat' dir='ltr'>considerent</span> 
     </span>
     <span class='ocr_line' id='line_1_51' title="bbox 77 4657 1778 4743; baseline 0.003 -21"><span class='ocrx_word' id='word_1_694' title='bbox 77 4667 152 4725; x_wconf 82' lang='lat' dir='ltr'>torte</span> <span class='ocrx_word' id='word_1_695' title='bbox 168 4667 342 4724; x_wconf 88' lang='lat' dir='ltr'>evidentius</span> <span class='ocrx_word' id='word_1_696' title='bbox 356 4668 414 4724; x_wconf 90' lang='lat' dir='ltr'>tihi</span> <span class='ocrx_word' id='word_1_697' title='bbox 438 4668 640 4725; x_wconf 87' lang='lat' dir='ltr'>demonstrari</span> <span class='ocrx_word' id='word_1_698' title='bbox 666 4671 774 4743; x_wconf 89' lang='lat' dir='ltr'>possit,</span> <span class='ocrx_word' id='word_1_699' title='bbox 789 4670 826 4726; x_wconf 90' lang='lat' dir='ltr'>de</span> <span class='ocrx_word' id='word_1_700' title='bbox 840 4685 902 4742; x_wconf 87' lang='lat' dir='ltr'>quo</span> <span class='ocrx_word' id='word_1_701' title='bbox 955 4688 1068 4730; x_wconf 91' lang='lat' dir='ltr'>novam</span> <span class='ocrx_word' id='word_1_702' title='bbox 1086 4688 1149 4729; x_wconf 90' lang='lat' dir='ltr'>non</span> <span class='ocrx_word' id='word_1_703' title='bbox 1169 4687 1235 4728; x_wconf 92' lang='lat' dir='ltr'>esse</span> <span class='ocrx_word' id='word_1_704' title='bbox 1257 4671 1358 4738; x_wconf 85' lang='lat' dir='ltr'>fidem,</span> <span class='ocrx_word' id='word_1_705' title='bbox 1381 4669 1415 4723; x_wconf 92' lang='lat' dir='ltr'>in</span> <span class='ocrx_word' id='word_1_706' title='bbox 1443 4663 1589 4739; x_wconf 86' lang='lat' dir='ltr'>quanovi</span> <span class='ocrx_word' id='word_1_707' title='bbox 1610 4662 1683 4717; x_wconf 89' lang='lat' dir='ltr'>sunt</span> <span class='ocrx_word' id='word_1_708' title='bbox 1696 4657 1778 4732; x_wconf 86' lang='lat' dir='ltr'>ipsi;</span> 
     </span>
     <span class='ocr_line' id='line_1_52' title="bbox 78 4744 1780 4833; baseline -0.005 -22"><span class='ocrx_word' id='word_1_709' title='bbox 78 4755 214 4813; x_wconf 88' lang='lat' dir='ltr'>dubitari</span> <span class='ocrx_word' id='word_1_710' title='bbox 229 4770 292 4811; x_wconf 89' lang='lat' dir='ltr'>non</span> <span class='ocrx_word' id='word_1_711' title='bbox 306 4755 407 4811; x_wconf 89' lang='lat' dir='ltr'>debes.</span> <span class='ocrx_word' id='word_1_712' title='bbox 425 4755 538 4812; x_wconf 89' lang='lat' dir='ltr'>Beatus</span> <span class='ocrx_word' id='word_1_713' title='bbox 554 4757 747 4828; x_wconf 85' lang='lat' dir='ltr'>Augustinus</span> <span class='ocrx_word' id='word_1_714' title='bbox 769 4758 802 4813; x_wconf 91' lang='lat' dir='ltr'>in</span> <span class='ocrx_word' id='word_1_715' title='bbox 822 4756 902 4813; x_wconf 86' lang='lat' dir='ltr'>libro</span> <span class='ocrx_word' id='word_1_716' title='bbox 955 4761 1102 4833; x_wconf 87' lang='lat' dir='ltr'>quoniam</span> <span class='ocrx_word' id='word_1_717' title='bbox 1115 4761 1153 4815; x_wconf 89' lang='lat' dir='ltr'>ab</span> <span class='ocrx_word' id='word_1_718' title='bbox 1169 4759 1258 4815; x_wconf 91' lang='lat' dir='ltr'>initio</span> <span class='ocrx_word' id='word_1_719' title='bbox 1269 4757 1376 4814; x_wconf 91' lang='lat' dir='ltr'>mundi</span> <span class='ocrx_word' id='word_1_720' title='bbox 1387 4757 1466 4810; x_wconf 90' lang='lat' dir='ltr'>sicut</span> <span class='ocrx_word' id='word_1_721' title='bbox 1479 4750 1564 4808; x_wconf 91' lang='lat' dir='ltr'>nullo</span> <span class='ocrx_word' id='word_1_722' title='bbox 1583 4753 1720 4821; x_wconf 91' lang='lat' dir='ltr'>tempore</span> <span class='ocrx_word' id='word_1_723' title='bbox 1730 4744 1780 4802; x_wconf 91' lang='lat' dir='ltr'>de·</span> 
     </span>
     <span class='ocr_line' id='line_1_53' title="bbox 78 4833 1780 4917; baseline -0.007 -17"><span class='ocrx_word' id='word_1_724' title='bbox 78 4842 120 4900; x_wconf 89' lang='lat' dir='ltr'>De</span> <span class='ocrx_word' id='word_1_725' title='bbox 133 4844 229 4900; x_wconf 88' lang='lat' dir='ltr'>unico</span> <span class='ocrx_word' id='word_1_726' title='bbox 249 4843 404 4915; x_wconf 89' lang='lat' dir='ltr'>baptismo</span> <span class='ocrx_word' id='word_1_727' title='bbox 417 4844 460 4899; x_wconf 87' lang='lat' dir='ltr'>sic</span> <span class='ocrx_word' id='word_1_728' title='bbox 481 4844 524 4899; x_wconf 91' lang='lat' dir='ltr'>ait</span> <span class='ocrx_word' id='word_1_729' title='bbox 550 4861 555 4899; x_wconf 95' lang='lat'><strong>:</strong></span> <span class='ocrx_word' id='word_1_730' title='bbox 583 4845 685 4900; x_wconf 85' lang='lat' dir='ltr'>Etiam</span> <span class='ocrx_word' id='word_1_731' title='bbox 703 4848 795 4917; x_wconf 88' lang='lat' dir='ltr'>atque</span> <span class='ocrx_word' id='word_1_732' title='bbox 809 4844 901 4901; x_wconf 89' lang='lat' dir='ltr'>etiam</span> <span class='ocrx_word' id='word_1_733' title='bbox 955 4850 1081 4905; x_wconf 85' lang='lat' dir='ltr'>fuerunt</span> <span class='ocrx_word' id='word_1_734' title='bbox 1101 4846 1205 4904; x_wconf 82' lang='lat' dir='ltr'>fideles</span> <span class='ocrx_word' id='word_1_735' title='bbox 1233 4849 1263 4902; x_wconf 90' lang='lat' dir='ltr'>et</span> <span class='ocrx_word' id='word_1_736' title='bbox 1278 4845 1356 4917; x_wconf 87' lang='lat' dir='ltr'>justi</span> <span class='ocrx_word' id='word_1_737' title='bbox 1373 4840 1512 4899; x_wconf 89' lang='lat' dir='ltr'>membra</span> <span class='ocrx_word' id='word_1_738' title='bbox 1536 4836 1662 4906; x_wconf 83' lang='lat' dir='ltr'>Christi,</span> <span class='ocrx_word' id='word_1_739' title='bbox 1682 4836 1727 4891; x_wconf 87' lang='lat' dir='ltr'>ita</span> <span class='ocrx_word' id='word_1_740' title='bbox 1740 4833 1780 4889; x_wconf 90' lang='lat' dir='ltr'>ab</span> 
     </span>
     <span class='ocr_line' id='line_1_54' title="bbox 78 4921 1779 5007; baseline -0.007 -19"><span class='ocrx_word' id='word_1_741' title='bbox 78 4931 285 5000; x_wconf 88' lang='lat' dir='ltr'>considerans,</span> <span class='ocrx_word' id='word_1_742' title='bbox 298 4931 422 4987; x_wconf 89' lang='lat' dir='ltr'>invenio</span> <span class='ocrx_word' id='word_1_743' title='bbox 437 4947 499 4988; x_wconf 92' lang='lat' dir='ltr'>non</span> <span class='ocrx_word' id='word_1_744' title='bbox 514 4935 636 4989; x_wconf 89' lang='lat' dir='ltr'>tantum</span> <span class='ocrx_word' id='word_1_745' title='bbox 657 4934 831 5006; x_wconf 89' lang='lat' dir='ltr'>passionem</span> <span class='ocrx_word' id='word_1_746' title='bbox 845 4947 902 5007; x_wconf 90' lang='lat' dir='ltr'>pro</span> <span class='ocrx_word' id='word_1_747' title='bbox 955 4936 1045 4994; x_wconf 91' lang='lat' dir='ltr'>initio</span> <span class='ocrx_word' id='word_1_748' title='bbox 1068 4949 1229 5007; x_wconf 85' lang='lat' dir='ltr'>nunquam</span> <span class='ocrx_word' id='word_1_749' title='bbox 1254 4932 1418 4988; x_wconf 83' lang='lat' dir='ltr'>deruerunt</span> <span class='ocrx_word' id='word_1_750' title='bbox 1446 4927 1637 4983; x_wconf 88' lang='lat' dir='ltr'>sacramenta</span> <span class='ocrx_word' id='word_1_751' title='bbox 1670 4921 1779 4978; x_wconf 89' lang='lat' dir='ltr'>salutis</span> 
     </span>
     <span class='ocr_line' id='line_1_55' title="bbox 77 5009 1779 5096; baseline -0.005 -20"><span class='ocrx_word' id='word_1_752' title='bbox 77 5020 201 5076; x_wconf 87' lang='lat' dir='ltr'>nomine</span> <span class='ocrx_word' id='word_1_753' title='bbox 216 5019 332 5076; x_wconf 84' lang='lat' dir='ltr'>Christi</span> <span class='ocrx_word' id='word_1_754' title='bbox 351 5019 383 5075; x_wconf 91' lang='lat' dir='ltr'>id</span> <span class='ocrx_word' id='word_1_755' title='bbox 405 5020 488 5093; x_wconf 82' lang='lat' dir='ltr'>quod</span> <span class='ocrx_word' id='word_1_756' title='bbox 511 5020 615 5077; x_wconf 90' lang='lat' dir='ltr'>deerat</span> <span class='ocrx_word' id='word_1_757' title='bbox 637 5021 791 5094; x_wconf 89' lang='lat' dir='ltr'>baptismo</span> <span class='ocrx_word' id='word_1_758' title='bbox 811 5037 902 5095; x_wconf 90' lang='lat' dir='ltr'>posse</span> <span class='ocrx_word' id='word_1_759' title='bbox 956 5039 1025 5096; x_wconf 86' lang='lat' dir='ltr'>quse</span> <span class='ocrx_word' id='word_1_760' title='bbox 1038 5024 1250 5096; x_wconf 87' lang='lat' dir='ltr'>precesserunt</span> <span class='ocrx_word' id='word_1_761' title='bbox 1264 5021 1298 5076; x_wconf 92' lang='lat' dir='ltr'>in</span> <span class='ocrx_word' id='word_1_762' title='bbox 1321 5014 1576 5093; x_wconf 67' lang='lat' dir='ltr'>preparationem</span> <span class='ocrx_word' id='word_1_763' title='bbox 1600 5012 1631 5068; x_wconf 92' lang='lat' dir='ltr'>et</span> <span class='ocrx_word' id='word_1_764' title='bbox 1655 5009 1779 5081; x_wconf 87' lang='lat' dir='ltr'>signum</span> 
     </span>
     <span class='ocr_line' id='line_1_56' title="bbox 75 5095 1777 5183; baseline -0.008 -18"><span class='ocrx_word' id='word_1_765' title='bbox 75 5107 269 5182; x_wconf 88' lang='lat' dir='ltr'>implere,sed</span> <span class='ocrx_word' id='word_1_766' title='bbox 283 5109 376 5164; x_wconf 90' lang='lat' dir='ltr'>etiam</span> <span class='ocrx_word' id='word_1_767' title='bbox 389 5107 478 5164; x_wconf 87' lang='lat' dir='ltr'>tidem</span> <span class='ocrx_word' id='word_1_768' title='bbox 492 5109 781 5182; x_wconf 87' lang='lat' dir='ltr'>conversionemque</span> <span class='ocrx_word' id='word_1_769' title='bbox 791 5108 900 5178; x_wconf 90' lang='lat' dir='ltr'>cordis,</span> <span class='ocrx_word' id='word_1_770' title='bbox 955 5110 1181 5183; x_wconf 88' lang='lat' dir='ltr'>redemptionis,</span> <span class='ocrx_word' id='word_1_771' title='bbox 1197 5124 1265 5182; x_wconf 86' lang='lat' dir='ltr'>quae</span> <span class='ocrx_word' id='word_1_772' title='bbox 1280 5105 1430 5179; x_wconf 90' lang='lat' dir='ltr'>completa</span> <span class='ocrx_word' id='word_1_773' title='bbox 1442 5102 1530 5160; x_wconf 90' lang='lat' dir='ltr'>estin</span> <span class='ocrx_word' id='word_1_774' title='bbox 1544 5102 1641 5157; x_wconf 90' lang='lat' dir='ltr'>morte</span> <span class='ocrx_word' id='word_1_775' title='bbox 1652 5095 1777 5155; x_wconf 84' lang='lat' dir='ltr'>Christi.</span> 
     </span>
     <span class='ocr_line' id='line_1_57' title="bbox 77 5185 1778 5271; baseline -0.009 -18"><span class='ocrx_word' id='word_1_776' title='bbox 77 5197 194 5254; x_wconf 80' lang='lat' dir='ltr'>sitorte</span> <span class='ocrx_word' id='word_1_777' title='bbox 217 5195 256 5251; x_wconf 89' lang='lat' dir='ltr'>ad</span> <span class='ocrx_word' id='word_1_778' title='bbox 270 5195 485 5253; x_wconf 88' lang='lat' dir='ltr'>celebrandum</span> <span class='ocrx_word' id='word_1_779' title='bbox 506 5197 688 5267; x_wconf 91' lang='lat' dir='ltr'>mysterium</span> <span class='ocrx_word' id='word_1_780' title='bbox 708 5196 855 5269; x_wconf 86' lang='lat' dir='ltr'>baptismi</span> <span class='ocrx_word' id='word_1_781' title='bbox 868 5197 901 5252; x_wconf 91' lang='lat' dir='ltr'>in</span> <span class='ocrx_word' id='word_1_782' title='bbox 954 5200 1058 5256; x_wconf 89' lang='lat' dir='ltr'>Prima</span> <span class='ocrx_word' id='word_1_783' title='bbox 1071 5213 1205 5271; x_wconf 87' lang='lat' dir='ltr'>namque</span> <span class='ocrx_word' id='word_1_784' title='bbox 1219 5200 1308 5254; x_wconf 84' lang='lat' dir='ltr'>aetate</span> <span class='ocrx_word' id='word_1_785' title='bbox 1321 5193 1399 5252; x_wconf 86' lang='lat' dir='ltr'>Abel</span> <span class='ocrx_word' id='word_1_786' title='bbox 1419 5207 1534 5265; x_wconf 88' lang='lat' dir='ltr'>agnum</span> <span class='ocrx_word' id='word_1_787' title='bbox 1548 5187 1659 5246; x_wconf 89' lang='lat' dir='ltr'>obtulit</span> <span class='ocrx_word' id='word_1_788' title='bbox 1683 5185 1716 5240; x_wconf 92' lang='lat' dir='ltr'>in</span> <span class='ocrx_word' id='word_1_789' title='bbox 1731 5197 1778 5238; x_wconf 90' lang='lat' dir='ltr'>sa·</span> 
     </span>
     <span class='ocr_line' id='line_1_58' title="bbox 76 5272 1779 5359; baseline -0.008 -20"><span class='ocrx_word' id='word_1_790' title='bbox 76 5283 231 5357; x_wconf 87' lang='lat' dir='ltr'>angustiis</span> <span class='ocrx_word' id='word_1_791' title='bbox 253 5285 425 5356; x_wconf 86' lang='lat' dir='ltr'>temporum</span> <span class='ocrx_word' id='word_1_792' title='bbox 441 5285 578 5341; x_wconf 91' lang='lat' dir='ltr'>succurri</span> <span class='ocrx_word' id='word_1_793' title='bbox 601 5301 665 5341; x_wconf 91' lang='lat' dir='ltr'>non</span> <span class='ocrx_word' id='word_1_794' title='bbox 686 5287 797 5357; x_wconf 88' lang='lat' dir='ltr'>potest.</span> <span class='ocrx_word' id='word_1_795' title='bbox 811 5284 902 5341; x_wconf 87' lang='lat' dir='ltr'>Vides</span> <span class='ocrx_word' id='word_1_796' title='bbox 955 5287 1067 5345; x_wconf 86' lang='lat' dir='ltr'>orificio</span> <span class='ocrx_word' id='word_1_797' title='bbox 1089 5286 1221 5359; x_wconf 82' lang='lat' dir='ltr'>figuram</span> <span class='ocrx_word' id='word_1_798' title='bbox 1251 5283 1358 5342; x_wconf 89' lang='lat' dir='ltr'>mortis</span> <span class='ocrx_word' id='word_1_799' title='bbox 1381 5281 1505 5341; x_wconf 87' lang='lat' dir='ltr'>Christi.</span> <span class='ocrx_word' id='word_1_800' title='bbox 1531 5273 1669 5334; x_wconf 87' lang='lat' dir='ltr'>Secunda</span> <span class='ocrx_word' id='word_1_801' title='bbox 1688 5272 1779 5327; x_wconf 79' lang='lat' dir='ltr'>aetate</span> 
     </span>
     <span class='ocr_line' id='line_1_59' title="bbox 76 5357 1815 5445; baseline -0.01 -17"><span class='ocrx_word' id='word_1_802' title='bbox 76 5372 225 5445; x_wconf 81' lang='lat' dir='ltr'>quoniam</span> <span class='ocrx_word' id='word_1_803' title='bbox 239 5371 404 5428; x_wconf 84' lang='lat' dir='ltr'>manifeste</span> <span class='ocrx_word' id='word_1_804' title='bbox 421 5375 552 5428; x_wconf 90' lang='lat' dir='ltr'>testatur</span> <span class='ocrx_word' id='word_1_805' title='bbox 564 5372 655 5429; x_wconf 90' lang='lat' dir='ltr'>fidem</span> <span class='ocrx_word' id='word_1_806' title='bbox 668 5377 698 5428; x_wconf 90' lang='lat' dir='ltr'>et</span> <span class='ocrx_word' id='word_1_807' title='bbox 712 5371 811 5428; x_wconf 90' lang='lat' dir='ltr'>cordis</span> <span class='ocrx_word' id='word_1_808' title='bbox 832 5389 901 5429; x_wconf 91' lang='lat' dir='ltr'>con·</span> <span class='ocrx_word' id='word_1_809' title='bbox 954 5376 1019 5433; x_wconf 91' lang='lat' dir='ltr'>Noe</span> <span class='ocrx_word' id='word_1_810' title='bbox 1034 5390 1135 5431; x_wconf 90' lang='lat' dir='ltr'>arcam</span> <span class='ocrx_word' id='word_1_811' title='bbox 1150 5376 1183 5430; x_wconf 92' lang='lat' dir='ltr'>in</span> <span class='ocrx_word' id='word_1_812' title='bbox 1198 5373 1313 5430; x_wconf 91' lang='lat' dir='ltr'>diluvio</span> <span class='ocrx_word' id='word_1_813' title='bbox 1328 5369 1521 5444; x_wconf 91' lang='lat' dir='ltr'>gubernavit,</span> <span class='ocrx_word' id='word_1_814' title='bbox 1538 5365 1615 5421; x_wconf 92' lang='lat' dir='ltr'>sicut</span> <span class='ocrx_word' id='word_1_815' title='bbox 1637 5357 1778 5416; x_wconf 90' lang='lat' dir='ltr'>Christus</span> <span class='ocrx_word' id='word_1_816' title='bbox 1809 5373 1815 5380; x_wconf 96' lang='lat'>·</span> 
     </span>
     <span class='ocr_line' id='line_1_60' title="bbox 74 5458 1778 5534; baseline -0.011 -18"><span class='ocrx_word' id='word_1_817' title='bbox 74 5461 262 5529; x_wconf 79' lang='lat' dir='ltr'>versionem,</span> <span class='ocrx_word' id='word_1_818' title='bbox 283 5460 371 5517; x_wconf 80' lang='lat' dir='ltr'>bonae</span> <span class='ocrx_word' id='word_1_819' title='bbox 399 5461 570 5517; x_wconf 91' lang='lat' dir='ltr'>voluntatis</span> <span class='ocrx_word' id='word_1_820' title='bbox 596 5461 634 5516; x_wconf 89' lang='lat' dir='ltr'>ad</span> <span class='ocrx_word' id='word_1_821' title='bbox 661 5460 790 5516; x_wconf 91' lang='lat' dir='ltr'>salutem</span> <span class='ocrx_word' id='word_1_822' title='bbox 814 5475 903 5534; x_wconf 89' lang='lat' dir='ltr'>posse</span> <span class='ocrx_word' id='word_1_823' title='bbox 955 5463 1122 5520; x_wconf 85' lang='lat' dir='ltr'>Ecclesiam</span> <span class='ocrx_word' id='word_1_824' title='bbox 1136 5462 1340 5518; x_wconf 85' lang='lat' dir='ltr'>intertinctus</span> <span class='ocrx_word' id='word_1_825' title='bbox 1353 5459 1560 5516; x_wconf 89' lang='lat' dir='ltr'>tentationum</span> <span class='ocrx_word' id='word_1_826' title='bbox 1586 5461 1691 5520; x_wconf 88' lang='lat' dir='ltr'>regens</span> <span class='ocrx_word' id='word_1_827' title='bbox 1705 5458 1778 5499; x_wconf 90' lang='lat' dir='ltr'>mer·</span> 
     </span>
     <span class='ocr_line' id='line_1_61' title="bbox 75 5530 1776 5624; baseline -0.011 -18"><span class='ocrx_word' id='word_1_828' title='bbox 75 5550 225 5618; x_wconf 80' lang='lat' dir='ltr'>sufficere,</span> <span class='ocrx_word' id='word_1_829' title='bbox 240 5548 295 5604; x_wconf 90' lang='lat' dir='ltr'>ubi</span> <span class='ocrx_word' id='word_1_830' title='bbox 310 5549 431 5605; x_wconf 90' lang='lat' dir='ltr'>visibile</span> <span class='ocrx_word' id='word_1_831' title='bbox 453 5553 678 5605; x_wconf 88' lang='lat' dir='ltr'>sacramentum</span> <span class='ocrx_word' id='word_1_832' title='bbox 700 5564 788 5621; x_wconf 80' lang='lat' dir='ltr'>aquae</span> <span class='ocrx_word' id='word_1_833' title='bbox 803 5564 840 5605; x_wconf 89' lang='lat' dir='ltr'>ex</span> <span class='ocrx_word' id='word_1_834' title='bbox 852 5564 902 5605; x_wconf 92' lang='lat' dir='ltr'>ne·</span> <span class='ocrx_word' id='word_1_835' title='bbox 956 5553 987 5624; x_wconf 88' lang='lat' dir='ltr'>gi</span> <span class='ocrx_word' id='word_1_836' title='bbox 1001 5567 1062 5608; x_wconf 90' lang='lat' dir='ltr'>non</span> <span class='ocrx_word' id='word_1_837' title='bbox 1078 5551 1269 5607; x_wconf 81' lang='lat' dir='ltr'>sinitTertia</span> <span class='ocrx_word' id='word_1_838' title='bbox 1282 5551 1370 5604; x_wconf 86' lang='lat' dir='ltr'>aetate</span> <span class='ocrx_word' id='word_1_839' title='bbox 1381 5544 1537 5602; x_wconf 81' lang='lat' dir='ltr'>Abraham</span> <span class='ocrx_word' id='word_1_840' title='bbox 1548 5553 1603 5612; x_wconf 92' lang='lat' dir='ltr'>pro</span> <span class='ocrx_word' id='word_1_841' title='bbox 1617 5535 1680 5592; x_wconf 85' lang='lat' dir='ltr'>tilio</span> <span class='ocrx_word' id='word_1_842' title='bbox 1694 5530 1776 5588; x_wconf 89' lang='lat' dir='ltr'>obla-</span> 
     </span>
     <span class='ocr_line' id='line_1_62' title="bbox 76 5619 1777 5710; baseline -0.012 -16"><span class='ocrx_word' id='word_1_843' title='bbox 76 5638 221 5694; x_wconf 88' lang='lat' dir='ltr'>cessitsts</span> <span class='ocrx_word' id='word_1_844' title='bbox 235 5638 364 5710; x_wconf 85' lang='lat' dir='ltr'>contigit</span> <span class='ocrx_word' id='word_1_845' title='bbox 379 5638 486 5694; x_wconf 88' lang='lat' dir='ltr'>haberi</span> <span class='ocrx_word' id='word_1_846' title='bbox 501 5653 562 5694; x_wconf 91' lang='lat' dir='ltr'>non</span> <span class='ocrx_word' id='word_1_847' title='bbox 576 5652 675 5710; x_wconf 90' lang='lat' dir='ltr'>posse.</span> <span class='ocrx_word' id='word_1_848' title='bbox 688 5636 746 5693; x_wconf 88' lang='lat' dir='ltr'>Sed</span> <span class='ocrx_word' id='word_1_849' title='bbox 766 5652 805 5693; x_wconf 91' lang='lat' dir='ltr'>ne</span> <span class='ocrx_word' id='word_1_850' title='bbox 824 5637 904 5694; x_wconf 82' lang='lat' dir='ltr'>forte</span> <span class='ocrx_word' id='word_1_851' title='bbox 957 5644 989 5696; x_wconf 92' lang='lat' dir='ltr'>to</span> <span class='ocrx_word' id='word_1_852' title='bbox 1004 5639 1128 5694; x_wconf 87' lang='lat' dir='ltr'>arietem</span> <span class='ocrx_word' id='word_1_853' title='bbox 1143 5636 1302 5705; x_wconf 87' lang='lat' dir='ltr'>mactavit,</span> <span class='ocrx_word' id='word_1_854' title='bbox 1330 5634 1409 5690; x_wconf 74' lang='lat' dir='ltr'>siem</span> <span class='ocrx_word' id='word_1_855' title='bbox 1431 5631 1515 5687; x_wconf 89' lang='lat' dir='ltr'>Deus</span> <span class='ocrx_word' id='word_1_856' title='bbox 1538 5626 1629 5683; x_wconf 89' lang='lat' dir='ltr'>Pater</span> <span class='ocrx_word' id='word_1_857' title='bbox 1643 5619 1777 5679; x_wconf 90' lang='lat' dir='ltr'>Verbum</span> 
     </span>
     <span class='ocr_line' id='line_1_63' title="bbox 76 5704 1787 5800; baseline -0.012 -15"><span class='ocrx_word' id='word_1_858' title='bbox 76 5726 281 5786; x_wconf 78' lang='lat' dir='ltr'>mntrarietas</span> <span class='ocrx_word' id='word_1_859' title='bbox 294 5725 400 5800; x_wconf 67' lang='lat' dir='ltr'>alipta</span> <span class='ocrx_word' id='word_1_860' title='bbox 411 5726 469 5785; x_wconf 87' lang='lat' dir='ltr'>tibi</span> <span class='ocrx_word' id='word_1_861' title='bbox 483 5741 550 5785; x_wconf 90' lang='lat' dir='ltr'>esse</span> <span class='ocrx_word' id='word_1_862' title='bbox 560 5724 711 5798; x_wconf 88' lang='lat' dir='ltr'>videatur,</span> <span class='ocrx_word' id='word_1_863' title='bbox 725 5726 760 5783; x_wconf 91' lang='lat' dir='ltr'>in</span> <span class='ocrx_word' id='word_1_864' title='bbox 773 5739 808 5783; x_wconf 92' lang='lat' dir='ltr'>eo</span> <span class='ocrx_word' id='word_1_865' title='bbox 820 5725 920 5799; x_wconf 82' lang='lat' dir='ltr'>quod·</span> <span class='ocrx_word' id='word_1_866' title='bbox 957 5717 1584 5800; x_wconf 74' lang='lat' dir='ltr'>suoprosalutsmundiobtulit.1nmxo</span> <span class='ocrx_word' id='word_1_867' title='bbox 1609 5715 1725 5768; x_wconf 71' lang='lat' dir='ltr'>tamen</span> <span class='ocrx_word' id='word_1_868' title='bbox 1738 5704 1787 5756; x_wconf 56' lang='lat' dir='ltr'>Kx·</span> 
     </span>
    </p>
   </div>
   <div class='ocr_carea' id='block_1_3' title="bbox 0 0 1876 6082">
    <p class='ocr_par' dir='ltr' id='par_1_4' title="bbox 0 0 1876 6082">
     <span class='ocr_line' id='line_1_64' title="bbox 0 0 1876 6082; baseline 0 2"><span class='ocrx_word' id='word_1_869' title='bbox 0 0 1876 6082; x_wconf 95' lang='lat' dir='ltr'> </span> 
     </span>
    </p>
   </div>
  </div>
 </body>
</html>
