3742 6082
55 169 122 223 nar
600 163 650 235 ²or
669 146 849 230 canusino
873 162 1001 219 aurun
1021 195 1055 216 -
1074 166 1140 224 ιιι.
1160 169 1205 227 ιι.
1245 220 1251 231 ,
1696 195 1765 249 „33

52 290 116 346 nire
130 288 247 364 poterit,
263 285 316 360 qui
330 285 518 344 confessione
536 286 616 356 fidei,
633 286 681 344 vel
695 285 881 344 confessione
900 289 924 342 A
939 286 1036 355 ιιιιιι,
1050 289 1237 363 principibus
1261 296 1406 355 exereitus
1421 302 1486 358 sui:
1504 304 1531 361 Si
1544 301 1688 370 sudasse
1709 300 1766 372 nos

52 377 166 453 peccati
183 379 258 434 dum
272 374 384 440 vixerit,
401 374 473 433 etin
496 376 600 433 mortis
616 376 740 433 articulo
758 375 880 433 carebit.
938 375 1019 448 prior
1040 378 1197 448 transierit,
1211 397 1273 438 non
1288 387 1452 456 poterimus
1468 395 1613 455 sustinere
1628 416 1715 472 eum;
1741 405 1766 462 si

53 466 348 525 Exeuntibusautem
361 464 757 537 ‹lesoeculo,etexeuntibus
771 465 808 522 de
821 481 884 522 cor·
937 481 1009 522 vero
1035 466 1165 539 timuerit
1187 472 1324 543 transire,
1348 479 1572 541 transfretemus
1596 489 1635 545 ad
1661 507 1722 563 eos,
1738 497 1767 552 ιι

51 574 126 632 porc
138 572 259 613 necesse
274 558 319 612 est
340 558 373 610 ιι
387 558 504 624 exeant,
517 555 594 612 tuda
608 554 696 628 duce,
711 553 742 612 id
756 559 801 612 est
815 571 884 611 con·
938 555 1103 627 poterimus
1118 559 1260 617 adversus
1281 562 1374 621 illum.
1399 569 1432 623 lit
1447 573 1647 634 transfretavit
1660 570 1766 639 adeas

53 641 181 703 fassione
195 644 392 719 praecedente.
404 644 522 700 Primus
533 644 625 701 ludas
638 645 826 713 llachabaeus
840 644 884 701 in·
938 643 1029 700 ludas
1044 646 1134 719 prior,
1150 652 1179 704 et
1193 651 1325 707 contritae
1347 661 1416 711 sunt
1440 665 1543 727 gentes
1565 665 1672 736 (loidi.
1696 671 1767 727 Tor-

55 741 98 792 ter
111 735 216 792 fratres
230 733 375 790 (locatam
390 731 482 789 tenuit
502 733 529 805 (f
539 734 639 792 Maeli.
656 738 707 800 nr).
723 735 821 791 Prima
834 732 884 790 tri·
939 737 1053 790 rentem
1080 752 1167 809 aquae
1194 739 1286 796 ludas
1311 743 1392 815 prior
1420 750 1545 807 transire
1568 767 1629 811 non
1658 757 1765 832 timuit,

53 825 111 882 bus
125 824 203 881 luda
216 838 271 896 per
285 824 399 878 turmas
410 819 557 879 exercitus
569 823 615 879 sui
630 823 669 879 ad
684 822 828 880 orientem
841 827 884 880 ta-
940 822 1063 896 quando
1077 823 1184 898 aliquus
1205 834 1329 900 peccata
1350 849 1405 890 sua
1428 836 1583 906 confitens,
1599 841 1638 897 ιιι
1652 846 1769 903 ιοιιιι-

53 911 208 970 bernacrdi
231 909 352 966 toneris
368 910 494 968 tentoria
507 911 573 971 finit
593 912 693 984 (Num.
708 915 749 975 ιι).
770 911 885 969 Primus
941 911 1056 968 sionem
1082 929 1151 970 cum
1170 915 1311 990 lacrymis
1326 923 1448 980 aceedit,
1466 926 1524 982 Sed
1544 929 1659 989 ufinam
1673 934 1769 992 Timo,

51 1004 138 1075 juxta
164 999 325 1074 imperium
354 999 471 1057 Domini
492 994 584 1059 ludas
605 1018 658 1076 per
681 1006 794 1060 turmas
814 1017 886 1058 suas
941 1000 1027 1056 thcus
1041 1018 1128 1076 aquae
1152 1009 1311 1065 torrentem
1332 1011 1493 1070 adiudam
1508 1019 1654 1088 transiret,
1669 1023 1769 1098 utqui

55 1096 154 1148 eastra
179 1089 281 1146 movit.
309 1089 406 1146 Primo
432 1088 490 1157 die,
519 1094 637 1148 Nasson
664 1090 743 1149 filius
767 1092 887 1148 Amina-
941 1087 1117 1162 voluptuose
1130 1093 1228 1151 vivere
1244 1106 1447 1172 consueverat,
1461 1119 1531 1161 cum
1551 1106 1692 1182 lacrymis
1706 1127 1769 1185 poe·

54 1181 116 1238 dab
130 1181 168 1237 dc
183 1179 263 1236 trihu
276 1179 354 1237 luda
365 1178 549 1237 ablationem
562 1196 649 1238 suam
662 1181 769 1238 obtulit
782 1182 884 1252 (ulum.
941 1177 1054 1236 niteret.
1080 1181 1195 1239 Primus
1222 1184 1311 1255 igitur
1328 1189 1421 1246 ludas
1446 1208 1507 1248 non
1538 1196 1621 1254 tiruet
1643 1192 1768 1261 transire

54 1270 113 1342 vn).
129 1269 244 1325 Primus
259 1267 335 1324 inter
350 1268 454 1324 fratres
476 1269 568 1326 ludas
590 1269 777 1326 Machaboeus
797 1269 887 1326 duca·
941 1267 1078 1337 fluvium,
1108 1275 1136 1326 et
1164 1289 1233 1329 cum
1267 1279 1432 1351 revertitur,
1457 1287 1607 1341 extremas
1636 1274 1770 1362 seauitur

56 1363 120 1416 tum
143 1358 246 1426 tenuit,
262 1357 335 1432 quia
356 1358 432 1414 inter
454 1363 575 1414 caeteras
598 1359 720 1415 virtutes
736 1359 886 1415 confessio
942 1356 1113 1414 exercitum.
1142 1359 1294 1434 Dispersus
1330 1375 1502 1440 congregat,
1529 1373 1601 1445 quia
1635 1375 1769 1435 diversos

55 1449 219 1522 primatum
234 1453 324 1517 tenet,
336 1453 364 1504 et
375 1447 461 1504 ducit
472 1447 511 1504 ad
523 1447 660 1519 salutem.
673 1449 768 1516 Exiit,
779 1447 885 1521 inquit,
942 1445 1035 1501 animi
1049 1451 1149 1504 motus
1170 1451 1210 1506 ad
1225 1454 1368 1512 unitatem
1383 1460 1491 1516 mentis
1510 1468 1647 1533 revocat;
1674 1465 1769 1525 fessos

55 1539 152 1595 Judas
175 1543 203 1594 et
214 1539 329 1608 fratres
344 1537 419 1608 ejus,
433 1542 462 1594 et
477 1537 692 1608 espupuabant
712 1538 792 1608 fitius
806 1538 887 1594 Esau
942 1534 1036 1603 erigit,
1051 1535 1125 1593 dnm
1150 1541 1321 1599 consolatur
1344 1562 1395 1603 cos
1414 1565 1497 1623 qnos.
1512 1551 1623 1610 itineris
1636 1556 1770 1629 protensi

56 1629 88 1682 in
104 1632 196 1696 ter-ra,
213 1642 279 1709 qum
300 1627 341 1683 aa
354 1631 491 1683 austrum
516 1632 557 1683 est
579 1627 607 1700 (Ι
617 1627 717 1684 Maca,
735 1627 771 1700 v),
794 1627 887 1684 sudas
908 1618 1027 1700 Blabor
1040 1619 1287 1695 trangitlardos
1299 1628 1594 1704 increpat,eteorum
1607 1639 1768 1711 pigritiam,

56 1715 125 1786 cxii,
140 1715 215 1771 dum
229 1714 313 1789 quod
336 1716 366 1771 in
391 1716 481 1773 cordc
501 1715 581 1788 latet,
598 1715 768 1774 confitendo
782 1733 837 1790 per
852 1734 886 1774 os
942 1724 979 1764 ne
1007 1708 1046 1764 ab
1072 1709 1210 1768 hostibus
1235 1716 1402 1788 capiantur,
1430 1730 1569 1794 accusat;
1598 1727 1771 1786 vulneratos

56 1804 199 1880 procedit.
220 1807 253 1861 Et
275 1810 429 1879 expugnat
454 1805 533 1863 filios
559 1809 649 1875 Esau,
676 1805 800 1880 quand0
822 1823 887 1863 car·
941 1815 977 1856 ne
994 1799 1291 1874 desperentinstruit,
1310 1808 1362 1864 sed
1383 1810 1422 1867 ad
1437 1829 1520 1886 spem
1537 1816 1640 1873 salutis
1651 1820 1771 1876 revocat

56 1894 141 1951 nales
155 1893 279 1950 aflectus
303 1894 447 1969 exstirpat
468 1893 558 1951 bonae
580 1895 761 1968 operationis
781 1912 885 1953 mauu.
942 1894 970 1944 et
998 1889 1148 1958 accendit;
1168 1898 1316 1963 ¹oneratos
1341 1898 1487 1972 sublevat,
1513 1909 1551 1974 et,
1572 1922 1609 1962 ne
1635 1923 1773 1965 succum·

57 1982 182 2041 ιιιιιιιιι
207 1986 309 2040 autem
331 1973 394 2052 eo's,
409 1983 462 2057 qui
477 1989 548 2040 sunt
569 1984 602 2040 in
617 1989 693 2041 terra
708 2001 775 2059 ques
789 1989 835 2041 ιιι
849 1984 888 2042 ad
942 1977 1017 2034 bant
1042 1979 1135 2050 oneri,
1163 1981 1262 2038 verbis
1288 1988 1316 2041 et
1348 1989 1505 2062 exemplis·
1515 1993 1611 2063 iuvat.
1642 1996 1772 2069 Disperii

58 2075 204 2139 austrum,
218 2071 371 2138 destruxit,
388 2070 460 2146 quia
482 2088 544 2137 cos,
560 2073 612 2147 qui
626 2072 723 2130 carnis
741 2073 888 2130 desiderio
943 2071 1021 2135 suut.
1059 2069 1110 2141 qui
1149 2070 1293 2129 dissolute
1320 2074 1444 2144 vivunt;
1482 2079 1563 2153 fessi,
1592 2083 1703 2156 quibus
1728 2089 1773 2142 est

58 2160 181 2227 fervent,
197 2158 283 2215 citius
297 2159 466 2230 exstinguit.
491 2160 548 2218 Sed
570 2161 717 2218 etfratres
732 2161 798 2233 eius
818 2178 888 2219 cum
943 2156 1029 2213 taedio
1057 2157 1118 2215 vita
1154 2160 1275 2230 Christi3
1315 2163 1393 2220 tardi
1433 2173 1511 2236 sunt,
1541 2171 1592 2243 qui
1628 2173 1667 2230 ad
1694 2174 1771 2232 bene

58 2267 94 2306 co
111 2255 220 2306 exeunt
234 2254 263 2305 et
276 2255 424 2323 pugnant,
440 2248 557 2324 quaties
573 2251 694 2308 virtutes
709 2250 889 2310 confessioni
944 2247 1142 2320 operandum,
1168 2267 1186 2307 ι
1209 2251 1328 2308 nemine
1353 2255 1421 2325 cogi
1444 2264 1579 2329 possunt.
1596 2262 1770 2332 vulneratos

59 2338 164 2396 affines
187 2354 265 2413 opus
289 2338 486 2396 confessionis
502 2340 618 2411 Juvant.
636 2344 671 2397 ιι
685 2340 888 2412 lfacftuboeus,
943 2336 1009 2393 ill0⁵
1037 2353 1103 2394 esse
1131 2339 1269 2410 dicimus
1299 2359 1376 2416 (11108
1412 2346 1524 2405 diaboli
1552 2352 1679 2423 speculis
1704 2368 1772 2427 per-

59 2426 166 2503 inquit‚
184 2434 367 2500 concrepate
391 2430 594 2499 multitudiue,
610 2431 808 2487 intolerabilis
822 2447 891 2502 peu·
944 2443 1048 2484 cassos
1064 2444 1128 2484 esse
1150 2430 1297 2488 videmus
1315 2433 1433 2491 Onerati
1448 2442 1527 2510 sunt,
1543 2440 1595 2512 qui
1611 2442 1668 2497 sub
1682 2442 1772 2499 onere

61 2519 140 2575 tibus
168 2519 366 2592 efficiebatur,
393 2525 421 2575 et
449 2522 660 2590 superueniens
693 2521 825 2578 castellis
863 2527 890 2577 et
943 2515 1042 2587 longae
1078 2519 1314 2576 conversationis
1342 2521 1476 2580 dolentes
1503 2532 1638 2596 gemunt.
1668 2530 1773 2603 Sequi-

60 2609 231 2666 cieitatibus
266 2610 445 2680 improuisus
478 2610 653 2688 succedebat
689 2626 748 2679 eas,
780 2615 808 2668 et
838 2626 890 2681 op·
944 2609 1013 2662 tur:
1050 2607 1242 2664 Hor-tabutas·
1273 2617 1372 2667 autem
1407 2617 1553 2683 populum
1587 2633 1643 2689 per
1680 2617 1774 2676 totam

56 2705 193 2771 portuno
223 2699 289 2755 loca
325 2713 485 2770 occupans,
513 2716 573 2776 noa
609 2715 726 2769 paucas
763 2698 890 2756 bostiam
945 2696 1034 2764 viam,
1063 2695 1156 2752 donee
1182 2699 1295 2754 vestiret
1321 2700 1352 2755 iu
1387 2707 1499 2760 terram
1523 2705 1613 2761 luda.
1644 2708 1697 2762 Per
1730 2711 1773 2764 to-

60 2794 175 2858 strapes
190 2787 282 2844 dabat
296 2787 342 2859 (fl
351 2789 451 2844 Μιιι.
471 2787 538 2858 ιιι).
563 2787 655 2843 ludas
669 2787 891 2844 multitudinem
945 2787 1007 2840 tam
1034 2783 1113 2840 viam
1139 2784 1286 2858 populum
1314 2788 1406 2846 ludas
1433 2791 1547 2848 hortari
1567 2809 1629 2850 non
1653 2794 1773 2863 desinit,

61 2879 233 2949 congregat,
267 2876 339 2950 quia
364 2876 514 2933 confessio
539 2876 649 2933 multas
683 2877 804 2933 virtutes
835 2875 892 2932 sibi
945 2872 1017 2945 quia
1030 2878 1168 2945 peccator
1179 2875 1327 2947 paenitens
1337 2893 1390 2950 per
1403 2882 1496 2935 totam
1510 2881 1590 2937 viam
1605 2881 1775 2940 orationum

61 2965 164 3023 sociat.
190 2970 223 3023 Et
247 2967 281 3023 iit
305 2967 444 3039 gentibus
457 2949 672 3036 intolerabilis,
697 2966 728 3022 id
751 2971 798 3023 est
815 2966 927 3058 vitiisC
946 2963 1095 3035 suffragiis
1110 2964 1266 3033 incumbit,
1282 2966 1379 3024 donec
1394 2969 1434 3024 ad
1455 2974 1564 3027 terram
1585 2972 1662 3029 luda
1675 2988 1777 3046 perve-

61 3054 182 3125 auimse,
194 3046 226 3112 ¹et
240 3055 396 3114 aflectibus
408 3056 516 3113 carnis
536 3056 753 3130 Superveniens
766 3055 891 3113 castellis
946 3052 1018 3120 niat,
1034 3052 1066 3109 id
1081 3058 1134 3121 est,
1150 3053 1180 3110 in
1195 3054 1333 3112 firmitate
1348 3057 1420 3120 boni
1435 3059 1534 3132 operis
1550 3076 1604 3134 per
1618 3061 1778 3118 confossio-

62 3151 91 3202 ct
115 3145 283 3202 clvitatibns
307 3145 490 3221 improvisus
515 3145 667 3203 succendit
690 3162 751 3204 ιιι.
768 3145 893 3204 castella
947 3159 1017 3199 nem
1033 3143 1145 3200 stabilis
1158 3144 1272 3202 existat.
1291 3151 1322 3202 ln
1346 3147 1451 3220 primis
1476 3149 1572 3206 tribus
1596 3151 1683 3223 luda,
1700 3151 1779 3209 sicut

63 3239 133 3291 sunt
157 3235 249 3292 corda
271 3234 432 3292 rebellione
451 3236 551 3310 plena,
568 3233 698 3292 civitates
725 3239 795 3292 sunt
809 3252 894 3291 mun·
949 3231 1087 3304 superius
1110 3231 1251 3301 diximus,
1268 3234 1370 3299 emens
1394 3236 1430 3293 de
1451 3241 1579 3310 AEgypto
1594 3254 1651 3311 per
1662 3243 1777 3296 turmas

63 3324 152 3380 clance
167 3325 334 3398 voluptates
346 3323 444 3398 plenu
458 3323 549 3396 vitiis,
562 3323 634 3398 quia
649 3323 808 3381 ιιιιιιιιιι
821 3324 895 3380 divi·
948 3320 1093 3377 exercitus
1122 3321 1168 3377 sui
1196 3322 1235 3379 ad
1264 3323 1409 3381 orientem
1447 3326 1632 3385 tabernaculi
1659 3328 1778 3385 foederis

65 3412 121 3469 tiis.
139 3417 170 3469 ln
183 3414 239 3470 has
254 3417 356 3470 autem
376 3400 591 3488 superveniens
606 3411 698 3470 ludas
714 3412 895 3488 improvisus
949 3411 1076 3467 tentoria
1090 3410 1162 3483 fixit.
1179 3415 1211 3467 tn
1226 3412 1271 3485 pri
1277 3413 1332 3469 mis
1358 3419 1455 3472 castra
1481 3417 1593 3473 movit:
1619 3417 1717 3474 Primo
1730 3405 1793 3474 die¹

65 3503 164 3571 intrat,
180 3503 304 3577 quando
327 3503 514 3578 praecedente
541 3501 664 3578 Spiritus
678 3502 772 3561 saneti
788 3504 893 3574 gratia,
950 3505 1068 3558 Nasson
1092 3500 1171 3571 filius
1194 3501 1364 3559 aminadab
1387 3505 1527 3578 princeps
1551 3506 1682 3563 detribu
1703 3507 1781 3564 luda

66 3593 158 3651 corda
183 3593 358 3651 sublimium
385 3593 528 3669 voluptati
551 3593 652 3650 dedita
678 3593 828 3651 confessio
857 3593 896 3650 ad
950 3590 1118 3649 oblationes
1134 3590 1249 3647 obtulit.
1266 3592 1370 3648 Tribus
1384 3594 1460 3649 tuda
1483 3594 1634 3667 inprimis
1656 3596 1781 3653 tentoria

65 3683 263 3741 humilitatem
291 3683 422 3740 inclinat.
452 3687 544 3740 latrat
577 3687 606 3740 et
633 3682 795 3751 succendit,
824 3681 897 3756 quia
950 3682 1025 3752 figit,
1040 3680 1110 3754 quia
1125 3679 1177 3754 qui
1193 3681 1350 3737 confitetur
1362 3687 1486 3755 peccata
1501 3684 1780 3741 suainmiscricor-

65 3790 144 3847 quos
166 3772 291 3846 Spiritus
308 3773 403 3831 sancti
428 3771 522 3843 gratia
532 3760 640 3846 replet,
656 3771 795 3849 ardentes
816 3770 896 3827 facit.
952 3770 1003 3828 dia
1016 3768 1066 3826 Dei
1078 3785 1164 3842 spem
1177 3769 1271 3843 ponit.
1283 3771 1350 3826 Non
1362 3771 1442 3827 enim
1456 3771 1504 3828 bic
1515 3773 1603 3830 labet
1612 3779 1781 3832 manentem

67 3864 243 3935 Opportuna
275 3861 343 3918 loca
378 3865 516 3934 occupat,
543 3865 575 3917 ut
611 3876 647 3918 ex
676 3858 898 3934 opportunitate
953 3861 1113 3930 civitaten,
1139 3861 1191 3925 sect
1213 3860 1351 3930 saltuum
1378 3862 1504 3933 irrqairtt
1534 3864 1633 3935 (Hebe.
1650 3864 1722 3936 ιιι).
1737 3864 1783 3920 ιιι

66 3949 204 4010 ιοιοιιιι
242 3942 379 4008 hostibus
417 3952 480 4008 sine
512 3950 645 4026 periculo
672 3949 808 4025 superior
834 3948 897 4006 fiat.
954 3951 1099 4008 orientem
1125 3951 1251 4008 tentoria
1277 3952 1368 4023 figere
1391 3952 1508 4021 dicitur,
1538 3954 1609 4026 quia
1641 3953 1673 4010 in
1698 3954 1783 4011 initio

68 4045 147 4098 Loca
171 4044 343 4115 opportuna
367 4041 460 4098 ludas
488 4045 626 4115 occupat,
646 4039 720 4096 dum
739 4038 806 4096 loca
831 4055 899 4112 qum
954 4040 1170 4097 confessionnis
1199 4041 1283 4098 radio
1308 4041 1487 4113 cognitionis
1510 4042 1706 4101 illuminatur.
1732 4048 1784 4102 Co·

67 4130 203 4201 religioni
213 4117 421 4200 conveniunt,
431 4130 646 4206 penitentibus
670 4130 813 4200 assignat.
835 4133 899 4186 Non
954 4129 1071 4198 gnoseit
1082 4134 1111 4186 et
1121 4129 1236 4201 judicat
1249 4131 1333 4204 quod
1347 4130 1426 4187 mule
1441 4136 1585 4201 gesserat,
1602 4131 1744 4205 praevidet
1756 4137 1785 4189 ct

68 4238 183 4294 paucas
210 4222 342 4280 hostium
371 4227 485 4294 strages
524 4221 603 4291 facit,
627 4219 752 4295 quando
772 4219 803 4277 in
830 4236 900 4276 con·
954 4218 1096 4275 discernit
1120 4217 1204 4291 quod
1219 4218 1250 4274 in
1273 4219 1374 4275 futuro
1390 4219 1453 4276 sine
1479 4219 1569 4291 culpa
1589 4220 1653 4276 fieri
1679 4220 1782 4294 possit.

69 4311 197 4369 fassione
223 4299 364 4370 vitiorum
391 4300 552 4370 multitudo
578 4310 755 4369 succumbit.
785 4309 900 4382 Primus
956 4313 988 4365 ln
1014 4307 1117 4380 primis
1144 4312 1244 4364 castra
1270 4324 1390 4364 movere
1413 4306 1542 4376 festinat,
1560 4314 1591 4365 ut
1614 4309 1653 4365 ad
1675 4313 1785 4366 terram

69 4402 130 4459 exit
161 4407 189 4460 et
222 4402 351 4460 ‚ultimus
390 4419 408 4458 a
433 4388 512 4460 bello
545 4403 709 4471 revertitur,
739 4400 811 4476 quia
839 4416 901 4457 non
955 4397 1163 4474 promissionis
1176 4414 1230 4471 per
1240 4398 1352 4468 gradus
1363 4397 1507 4455 virtutum
1520 4397 1674 4471 pervenire
1683 4402 1784 4473 queat.

70 4496 188 4548 tanturn
214 4488 410 4559 voluntarios,
432 4489 485 4546 sed
507 4490 598 4547 etiam
622 4490 661 4547 ad
682 4489 902 4547 confessionem
955 4488 1054 4545 Primo
1079 4487 1126 4543 die
1153 4490 1270 4544 Neason
1291 4485 1370 4542 filius
1393 4486 1564 4545 aminadab
1585 4487 1726 4561 princeps
1749 4488 1787 4544 de

71 4579 173 4637 tardos
188 4581 350 4653 exspectat,
366 4582 394 4654 et
417 4577 504 4633 eisin
526 4578 596 4645 fine,
612 4578 751 4634 sociatur.
766 4580 855 4651 Erat,
870 4582 903 4634 ut
956 4578 1037 4635 tribu
1063 4575 1140 4634 luda
1164 4576 1347 4634 oblationem
1371 4575 1488 4650 obtulit,
1511 4576 1585 4650 quia
1606 4576 1659 4652 qui
1681 4581 1787 4651 sponte

71 4669 160 4727 refert
172 4667 307 4734 historia,
321 4668 417 4724 ducias
430 4682 615 4738 conpreqaus
628 4673 821 4737 extremos‚et
836 4669 904 4725 lor·
957 4669 1092 4741 seipsum
1115 4666 1221 4723 offerre
1248 4666 1408 4733 desiderat,
1425 4667 1464 4723 ad
1488 4667 1676 4723 offerendum
1702 4667 1788 4724 citius

73 4749 197 4816 fabatur
208 4758 355 4829 populum
368 4773 425 4828 per
440 4763 531 4813 totam
554 4758 643 4825 uiam,
660 4756 753 4812 donee
769 4757 904 4813 venirent
959 4754 1082 4813 accedit.
1108 4758 1237 4825 Naason,
1265 4757 1474 4824 serpentinum·
1500 4753 1680 4824 aminadab,
1699 4762 1790 4826 pater

72 4838 107 4907 iu
121 4836 233 4905 tetram
247 4835 338 4905 ducta.
357 4849 432 4905 Cura
446 4844 753 4905 reverteretur-tudes
766 4860 785 4903 a
798 4846 905 4915 praetio
959 4859 1041 4903 meus
1069 4849 1249 4913 spontaneus
1273 4842 1495 4914 interpretatur.
1524 4844 1662 4916 Serpens,
1690 4849 1723 4902 ιι
1747 4845 1791 4902 di·

73 4938 155 5012 quod
168 4942 274 4995 caretro
301 4937 486 4995 Timotheum
514 4939 657 5008 pes-serat,
674 4939 821 4992 extremos
838 4949 906 4991 con·
961 4931 1046 4999 citur,
1062 4933 1293 5003 perangustum
1319 4930 1455 4987 foramen
1482 4931 1607 4989 bansire
1630 4931 1741 5000 nititur,
1758 4937 1791 4990 ut

70 5045 201 5103 prepare
225 5045 285 5085 aare
309 5035 402 5087 cessat
417 5029 447 5100 (l
455 5029 556 5101 Maeli.
571 5031 611 5097 v).
635 5025 806 5083 Timotheus
820 5024 908 5081 inter·
961 5021 1038 5096 pelle
1053 5018 1144 5077 veteri
1158 5017 1310 5092 spolietur.
1338 5019 1384 5078 Sic
1398 5024 1539 5093 peccator
1552 5038 1606 5094 par
1626 5026 1790 5092 angustum

74 5112 208 5192 pretatur
223 5118 379 5188 beneficus.
396 5116 490 5188 Habet
503 5115 583 5174 enim
597 5113 738 5172 diabolus
756 5113 907 5188 quosdam
963 5112 1098 5167 foramen
1120 5106 1314 5163 confessionis
1330 5108 1489 5180 egreditur,
1507 5116 1538 5168 at
1552 5116 1682 5167 veterem
1701 5113 1792 5166 exuat

75 5205 241 5274 ministros,
256 5223 334 5285 quos
355 5190 460 5282 dicunt
471 5222 536 5263 esse
548 5205 710 5271 beneficos,
727 5202 778 5277 qui
793 5201 909 5274 subjee-
963 5197 1128 5264 hominem,
1144 5200 1172 5252 ιι
1186 5196 1291 5253 induat
1313 5214 1437 5266 novum,
1453 5199 1506 5272 qui
1528 5199 1565 5254 de
1589 5197 1637 5253 die
1660 5196 1691 5253 ia
1711 5195 1791 5254 diem

76 5298 123 5350 tos
138 5293 194 5349 sibi
210 5280 240 5351 in
254 5293 314 5352 otio
341 5299 369 5353 et
396 5293 546 5370 voluptate
573 5292 717 5361 nutriunt,
734 5295 762 5347 et
786 5289 909 5347 eosdem
962 5290 1124 5345 renovatur
1151 5301 1205 5358 per
1233 5285 1471 5344 confessionem:
1499 5287 1529 5342 in
1559 5286 1615 5340 hoc
1643 5281 1792 5357 siquidem

77 5396 217 5454 perverse
232 5369 336 5438 vivere
346 5381 531 5454 permittunt,
547 5384 576 5437 ct
590 5380 661 5454 quia
687 5380 745 5434 hoc
767 5377 874 5447 agitur,
891 5394 909 5435 a
965 5377 1111 5435 foramine
1135 5375 1274 5431 districts
1290 5376 1484 5434 confessionis
1511 5389 1666 5433 remanere
1682 5372 1793 5434 dicitur

79 5468 265 5541 quibusdam
287 5469 414 5525 benefici
437 5474 593 5526 vocantur.
611 5474 685 5526 Cum
700 5471 801 5539 autem
816 5456 910 5522 Tinio-
965 5466 1061 5538 peliis,
1077 5464 1106 5520 id
1131 5469 1176 5519 est
1197 5464 1291 5533 gloria
1306 5465 1469 5521 mundante
1489 5461 1733 5519 conversationis.
1748 5461 1793 5519 lbi

80 5559 168 5613 tirens
194 5550 276 5615 trans
301 5563 463 5616 torrentem
489 5563 588 5615 castra
609 5561 742 5631 poneret,
765 5561 794 5633 et
818 5555 910 5613 ludas
965 5555 1047 5610 euim
1070 5554 1216 5627 serpentis
1240 5554 1325 5627 pellis
1345 5555 1487 5618 remanet,
1503 5549 1555 5607 ubi
1569 5566 1623 5623 per
1640 5549 1794 5614 bumilita-

81 5641 126 5705 ad
139 5649 298 5705 torrentem
311 5664 397 5723 aquae
409 5639 531 5706 veniens
544 5645 746 5734 appropiaret,
761 5645 803 5704 ait
812 5645 909 5726 Tim07
968 5649 1027 5701 tem
1036 5643 1238 5720 ‚confessionis
1250 5641 1390 5717 superbia
1403 5639 1513 5698 relicta.
1516 5640 1605 5712 jacet,
1618 5644 1648 5698 ιι
1658 5639 1699 5724 ibi
1708 5637 1794 5714 pellis
