3742 6082
85 210 137 269 257
593 213 647 270 DE
665 210 953 272 SACRAMENTIS.
973 212 1083 274 LIBRI
1101 215 1116 274 I
1134 217 1235 278 Plus
1253 219 1291 276 V.
1735 219 1790 279 258

86 353 142 411 que
155 337 318 396 libertatis.
335 340 374 396 111
388 344 547 413 propterea
558 344 699 415 utroque,
723 343 832 399 merito
853 343 911 399 im·
925 342 952 400 Α
968 343 1041 401 dum
1054 360 1230 403 mensuram
1238 361 1301 403 non
1307 345 1716 418 moveriNequeillimalum
1724 348 1790 404 erat

83 431 210 501 putatur
221 432 252 485 et
265 432 395 501 utraque
409 432 515 486 merita
523 431 680 503 judicatur
691 432 755 487 sive
779 447 834 503 pro
857 431 909 488 bo·
964 434 1081 491 moveri
1096 435 1135 490 ad
1148 436 1230 509 quod
1242 439 1327 492 mota
1339 440 1386 492 est
1398 451 1407 505 3
1419 435 1473 492 sed
1486 433 1652 491 secundum
1668 450 1790 492 mensu·

83 532 121 573 no
135 517 247 574 merito
259 518 425 590 judicatur,
437 520 500 574 sive
510 535 565 591 pro
574 520 656 575 bono
667 520 776 576 merito
794 520 833 576 ad
851 520 912 591 glo
964 538 1030 578 ram
1045 540 1106 580 non
1119 526 1235 582 moveri
1242 526 1280 582 ad
1288 526 1370 598 quod
1384 530 1468 581 mota
1477 540 1539 580 non
1553 529 1610 593 est,
1623 524 1696 596 quia
1711 524 1789 580 sise-

82 606 160 660 riam
175 605 239 661 sive
252 605 335 662 mulo
344 621 398 679 pro
412 608 521 662 merito
541 607 579 662 ad
593 623 725 680 poenam.
964 612 1098 668 cundum
1109 629 1286 688 mensuram
1292 619 1376 669 moia
1388 615 1498 669 fuisset
1507 613 1600 668 etiam
1614 611 1722 668 adhoc
1731 627 1791 668 mo-

81 693 154 751 011.
171 694 281 750 XXIV.
298 697 458 757 Quomodo
474 698 510 751 in
528 698 709 752 iubentibus
723 701 820 767 rubro
834 713 908 769 oro·
963 701 996 754 ta
1009 705 1166 772 peccatum
1182 717 1243 758 non
1259 703 1376 759 fuisset.
1389 702 1485 757 Extra
1496 715 1675 757 mensurum
1688 702 1790 756 autem

116 785 202 838 tiam
222 785 344 839 avertit
351 799 360 852 3
381 790 412 839 et
439 785 662 840 instantibus
683 788 797 857 oratio
812 789 909 842 meri·
964 789 1079 844 moveri
1090 789 1248 846 voluntate
1263 795 1328 846 erat
1343 793 1483 862 appetere
1507 789 1590 860 qued
1613 802 1790 845 concessum

117 877 188 926 ium
204 874 345 939 adjacit.
963 892 1025 932 nou
1040 882 1126 947 erat3
1142 879 1174 934 in
1189 894 1250 951 quo
1265 879 1432 935 secundum
1446 893 1621 934 mensuram
1641 892 1703 933 non
1726 891 1789 933 mo·

115 958 176 1026 Qui
187 964 290 1016 autern
306 961 344 1017 ad
359 962 474 1017 bonum
490 963 725 1018 convertebatur
737 963 910 1020 voluntarie
963 966 1027 1022 veri
1042 969 1117 1035 erat,
1133 970 1163 1022 et
1178 967 1210 1022 id
1223 966 1339 1022 malum
1355 970 1419 1022 erat
1425 983 1433 1035 3
1444 967 1546 1038 ipsum
1558 969 1661 1021 autem
1672 965 1790 1022 occasio

81 1052 392 1122 movebanturgratia
403 1055 583 1123 cooperante
598 1052 663 1107 sine
675 1053 840 1108 coactione.
850 1052 910 1118 Qui
963 1054 1046 1110 mali.
1061 1053 1140 1119 Quia
1153 1056 1235 1110 enim
1251 1059 1337 1111 extra
1347 1071 1522 1110 mensuram
1536 1054 1680 1110 voluntas
1705 1055 1791 1109 mota

81 1143 184 1197 autem
199 1156 218 1194 a
232 1141 312 1196 bono
328 1140 545 1195 avertebantur
559 1144 667 1212 sponte
681 1141 910 1214 praecipitaban-
963 1147 1020 1213 est,
1038 1143 1204 1200 secundum
1217 1159 1393 1199 mensuram
1408 1146 1535 1199 nonest.
1552 1143 1614 1198 Nec
1633 1140 1789 1198 tameuilli

80 1234 131 1286 tur
145 1230 247 1301 gratia
261 1229 416 1285 deserente
430 1229 495 1284 sine
510 1229 716 1301 oppressione.
730 1230 769 1284 Et
779 1230 833 1302 qui
843 1245 910 1286 con·
962 1231 1079 1288 malum
1085 1235 1152 1287 erat
1158 1232 1274 1287 moveri
1280 1232 1319 1288 ad
1327 1231 1410 1304 quod
1417 1234 1500 1286 mota
1509 1229 1790 1300 est,sedsecundum

79 1318 290 1387 vertebantur,
302 1318 413 1373 idcirco
429 1317 506 1373 bene
519 1317 724 1373 movebantur
744 1319 818 1390 quia
840 1334 908 1390 gra·
962 1336 1137 1377 mensuram
1151 1336 1212 1377 non
1224 1321 1340 1377 moveri
1356 1320 1523 1376 secundum
1538 1317 1619 1391 quod
1631 1320 1715 1374 mota
1726 1333 1789 1373 non

79 1411 154 1466 tiam
169 1409 382 1480 cooperantem
396 1407 581 1462 habuerunt.
597 1406 656 1462 Sed
664 1407 718 1481 qui
728 1408 907 1463 averteban·
963 1413 1018 1465 est.
1034 1410 1073 1465 Et
1086 1409 1143 1466 hoc
1158 1410 1184 1465 si
1196 1424 1258 1465 non
1271 1410 1392 1477 fuisset,
1402 1408 1520 1464 malum
1534 1406 1654 1463 nullum
1666 1405 1785 1463 fuisset.

79 1503 130 1554 tur
144 1512 209 1553 non
223 1495 334 1551 idcirco
340 1495 613 1567 praecipitabantur
622 1496 835 1567 quiagratiam
844 1512 908 1552 coo
962 1498 1028 1554 Hoc
1041 1498 1146 1570 itaque
1159 1498 1275 1554 malum
1290 1498 1405 1553 iactum
1418 1500 1465 1553 est
1476 1495 1629 1552 voluntati
1639 1492 1789 1550 avertenti

79 1590 238 1661 perentam
253 1600 314 1640 non
338 1582 532 1651 habuerunt,
557 1582 609 1638 sed
637 1584 750 1640 idcirco
773 1600 792 1638 a
808 1585 908 1655 gratia
962 1602 994 1644 se
1006 1590 1036 1642 et
1050 1586 1293 1658 transgrediendi
1308 1601 1495 1655 mensuram,
1505 1584 1586 1657 quod
1599 1582 1789 1656 turpisfacta

78 1675 299 1731 deserebantur
309 1673 382 1745 quia
397 1672 616 1727 avertebantur
631 1677 661 1728 et
676 1673 945 1745 praecipitaban·B
961 1680 1008 1732 est
1022 1680 1052 1732 et
1064 1692 1160 1748 prava
1174 1679 1204 1731 et
1227 1675 1413 1744 inordinata,
1423 1675 1547 1729 effluens
1557 1677 1587 1728 et
1607 1688 1668 1729 non
1681 1676 1788 1727 tenens

79 1769 138 1821 tur.
160 1765 201 1820 Et
220 1765 274 1836 qui
290 1763 507 1818 avertebantur
532 1778 593 1817 non
618 1763 705 1835 prius
726 1763 906 1819 averteban·
961 1765 1087 1822 modum
1098 1770 1129 1822 et
1142 1765 1238 1836 legem
1253 1763 1490 1837 pulchritudinis
1505 1779 1577 1818 suae.
1592 1761 1665 1827 Quas
1684 1763 1787 1816 autem

80 1858 129 1910 tur
142 1855 174 1908 et
187 1856 294 1924 postea
307 1851 534 1920 deserebantur,
550 1852 624 1923 quia
635 1867 704 1906 cum
719 1853 819 1922 gratia
846 1868 907 1908 non
962 1858 1041 1910 recte
1052 1856 1234 1910 movebatur
1248 1857 1277 1909 et
1296 1853 1463 1908 secundum
1475 1851 1628 1907 Creatoris
1647 1849 1786 1905 volunta·

79 1941 272 2007 oeciderunt3
288 1943 318 1995 et
333 1941 385 2012 qui
398 1940 654 1995 convertebantur
668 1956 730 1995 non
742 1940 828 2012 prius
841 1955 910 1995 con·
961 1946 1022 1998 tem
1037 1944 1296 2011 conformabatur,
1312 1941 1546 1999 convertebatur
1561 1940 1683 1996 adeum
1698 1953 1788 2011 aquo

80 2029 281 2086 vertebantur
295 2031 325 2083 et
348 2033 454 2101 postea
478 2030 726 2098 assumebantur,
749 2030 822 2101 quia
842 2028 908 2084 sine
962 2032 1124 2103 regebatur
1137 2048 1143 2098 ;
1157 2035 1187 2087 11
1202 2031 1369 2086 illibonum
1380 2032 1445 2084 erat
1460 2031 1546 2083 extra
1554 2028 1637 2083 illius
1651 2026 1787 2082 volunta·

80 2119 179 2191 gratia
194 2133 257 2173 non
270 2117 481 2190 profecerunt3
498 2117 551 2173 sed
566 2119 618 2189 qui
635 2118 853 2174 avertebantur
874 2117 907 2173 in
961 2125 1023 2176 tem
1039 2136 1100 2176 non
1113 2120 1228 2175 moveri
1243 2135 1261 2174 a
1274 2135 1336 2190 quo
1349 2121 1422 2174 erat.

81 2223 114 2263 eo
127 2207 196 2279 ipso
211 2205 438 2274 deserebantur,
453 2210 483 2260 et
498 2206 551 2277 qui
560 2205 816 2261 convertebantur
829 2206 862 2261 in
872 2221 907 2261 eo

80 2296 145 2368 ipso
160 2295 408 2362 assumebantur,
424 2309 479 2365 pro
498 2295 657 2350 aversione
680 2294 792 2350 deserti
819 2296 849 2349 et
869 2293 909 2348 ad
996 2264 1070 2320 CAP·
1087 2263 1209 2319 XXVII·
1227 2263 1387 2329 Qu⁰m⁰d0
1403 2261 1485 2316 oeus
1500 2257 1786 2314 Omnemwlunia·

79 2383 307 2440 ,ommonem
318 2382 478 2455 assumpti·
999 2358 1062 2408 tem
1078 2357 1109 2408 et
1117 2357 1312 2421 potestatem
1326 2353 1520 2421 onustorum
1539 2349 1583 2402 od
1598 2359 1666 2400 suoe
1678 2345 1788 2399 volun·

32 2508 36 2515 ,
79 2474 151 2530 cip,
167 2472 263 2528 xxv,
280 2474 368 2533 Quod
384 2473 420 2525 in
436 2474 505 2527 sola
527 2474 695 2528 volum„
716 2478 748 2528 et
769 2473 908 2540 justin-a
998 2444 1077 2497 tatis
1093 2443 1242 2497 ordinem
1257 2444 1288 2495 et
1302 2439 1548 2508 dispositionem
1564 2436 1739 2502 intorquet.

347 2565 394 2615 681
410 2565 441 2615 ei
457 2562 639 2627 injustitia.
997 2566 1260 2623 Considerandum
1277 2569 1322 2621 est
1337 2566 1429 2621 etiam
1445 2565 1501 2619 hoc
1514 2558 1666 2634 quomodo
1680 2555 1786 2612 invisi·

112 2647 266 2715 Quoniam
272 2664 343 2704 V0r0
358 2650 390 2704 in
400 2652 486 2705 fflOtu
496 2647 665 2704 V0111sst³tis
676 2648 907 2721 ratiffllfllisjus·
961 2656 1038 2713 biles
1052 2656 1121 2712 illas
1133 2659 1163 2712 et
1175 2655 1350 2727 spirituales
1364 2657 1492 2709 naturas
1504 2649 1680 2707 moderatur
1691 2645 1785 2702 Deus.

81 2739 150 2794 titia
160 2738 278 2811 pariter
292 2741 322 2793 et
337 2738 426 2810 culpa
440 2739 567 2793 inventa
582 2741 638 2806 est,
650 2738 724 2809 quia
747 2740 833 2793 motu
856 2753 908 2793 vo·
961 2746 1085 2802 sienim
1097 2746 1184 2801 uberi
1200 2745 1320 2801 arbitrii
1335 2746 1418 2810 sunt,
1434 2741 1552 2796 faciunt
1564 2736 1647 2809 quod
1660 2734 1785 2800 voiunt;

79 2827 210 2883 luntatis
224 2827 400 2881 factumest
418 2830 452 2880 ui
465 2826 537 2881 mali
553 2826 660 2882 fierent
672 2826 771 2881 aversi
786 2841 804 2880 a
827 2826 909 2880 bono
962 2839 992 2891 et
1008 2836 1034 2891 si
1048 2836 1166 2890 faciunt
1181 2832 1395 2905 quodminus,
1411 2827 1564 2903 quomodo
1575 2842 1612 2881 ex
1635 2820 1787 2879 sententia

81 2917 113 2971 in
125 2931 189 2988 quo
203 2918 309 2984 erant3
325 2915 500 2970 etsimiliter
511 2918 597 2970 motu
609 2913 779 2971 voluntatis
792 2914 909 2969 factum
963 2924 1019 2978 Dei
1031 2922 1142 2994 pendet
1157 2922 1240 2994 quod
1251 2922 1369 2977 faciunt
1381 2918 1395 2973 1
1409 2919 1489 2973 Nam
1512 2918 1537 2972 si
1562 2913 1693 2969 dicimus
1712 2924 1786 2981 quo·

81 3007 174 3060 estut
190 3004 265 3059 boni
280 3007 381 3060 essent
396 3004 534 3058 conversi
549 3019 567 3057 a
581 3003 662 3058 bono
677 3003 710 3058 iu
736 3018 798 3074 quo
820 3006 908 3058 erant
925 3033 948 3088 C
963 3012 1047 3066 niam
1055 3012 1166 3066 idcireo
1180 3011 1238 3065 hoc
1247 3010 1366 3064 faciunt
1373 3005 1529 3080 quodvult
1539 3004 1633 3070 Deus,
1643 2999 1717 3072 quia
1727 3011 1789 3051 non

80 3091 248 3148 adbonum
274 3093 307 3148 in
322 3108 383 3164 <1¹10
407 3092 544 3148 110111111Υῦ
572 3095 670 3160 Orant>
691 3094 851 3163 1101116161
874 3092 907 3145 in
961 3099 1045 3155 aliud
1060 3099 1170 3155 volunt
1184 3101 1238 3153 aut
1252 3097 1328 3154 velle
1348 3098 1479 3169 possunt
1500 3107 1593 3165 quam
1615 3087 1697 3162 quod
1722 3084 1790 3140 vult

81 3185 163 3238 motu
175 3181 305 3237 rationis
315 3180 582 3236 voluntatisomne
592 3181 735 3235 meritum
746 3178 908 3235 constabat
960 3189 1054 3258 Deus,
1071 3189 1124 3261 qui
1138 3192 1168 3244 et
1180 3188 1282 3261 ipsum
1297 3185 1374 3243 velle
1390 3185 1499 3241 tribuit
1514 3183 1593 3238 sieut
1607 3191 1696 3251 posse
1718 3190 1788 3231 con·

81 3269 200 3342 (1¹10V01
215 3270 290 3325 boni
303 3270 352 3325 vel
363 3269 436 3324 mali
449 3275 546 3325 erani-
560 3269 625 3324 Illic
644 3284 714 3340 6180
734 3272 764 3323 ei
790 3267 906 3323 malum
960 3278 1049 3345 cedit,
1068 3277 1126 3333 hoc
1139 3261 1267 3332 tametsi
1277 3277 1313 3332 de
1326 3275 1416 3331 bonis
1428 3270 1594 3344 aliquando
1603 3263 1788 3333 conceditur,

79 3357 193 3414 bonum
220 3358 420 3431 quarendum
447 3362 493 3414 est
522 3359 574 3414 ubi
601 3358 724 3430 iustitia
756 3359 785 3412 et
816 3356 906 3429 eulpa
960 3362 1552 3436 demalisnuuaraooneapprobatur.
1578 3351 1787 3425 111111111-

80 3452 131 3517 681,
142 3449 292 3520 quoniam
305 3448 427 3519 lustitia
440 3448 556 3503 bonum
571 3450 600 3503 et
615 3447 704 3520 culpa
718 3446 834 3501 malum
847 3448 902 3500 est·
959 3453 1027 3509 dem
1042 3455 1126 3510 Deus
1138 3457 1320 3526 potestatem
1335 3452 1444 3508 tribuit
1459 3448 1555 3505 solam
1568 3461 1631 3501 non
1644 3441 1785 3499 volunta-

80 3535 116 3591 Et
127 3536 198 3609 ipsa
207 3536 299 3608 culpa
310 3551 363 3592 neo
370 3536 514 3592 voluntas
534 3539 608 3605 erat,
630 3535 776 3606 quoniam
796 3532 903 3589 volun·
959 3544 1039 3609 tem3
1053 3542 1205 3614 quialicet
1212 3558 1249 3598 ex
1263 3524 1361 3613 ipsius
1371 3536 1573 3612 permissione
1585 3533 1625 3589 sit
1633 3529 1716 3603 quod
1725 3543 1786 3584 ma·

80 3628 124 3680 ¹⁵¹⁸
137 3624 258 3680 malum
274 3639 336 3679 ¹¹⁰ss
364 3628 428 3680 9111
447 3624 593 3696 quoniam
609 3639 627 3677 st
648 3624 712 3678 Deo
735 3622 807 3677 daia
822 3624 903 3690 erat3
957 3630 1022 3686 lum
1033 3635 1173 3703 possunt,
1185 3645 1222 3685 ex
1236 3629 1447 3701 inspiratione,
1463 3628 1567 3680 tamen
1576 3621 1642 3691 ejus
1654 3633 1715 3674 non
1738 3618 1786 3670 est

79 3728 130 3770 nec
143 3716 250 3770 motus
274 3711 444 3768 voluntatis
471 3712 587 3767 malum
606 3715 672 3767 erat
695 3710 842 3783 quoniam
867 3725 905 3765 ex
957 3719 1040 3791 quod
1053 3718 1169 3774 malum
1184 3716 1302 3773 volunt,
1319 3715 1472 3770 Maiarum
1484 3712 1565 3767 enim
1587 3707 1783 3763 voluntatum

77 3801 236 3858 voluntate
254 3804 329 3871 erat,
345 3805 375 3857 et
395 3801 564 3857 voluntatis
588 3804 664 3870 erat,
690 3804 719 3856 et
733 3799 905 3856 moverive·
957 3807 1280 3874 01diuatorestDws,
1296 3820 1357 3861 non
1374 3803 1508 3859 Creator.
1533 3795 1690 3866 Quomodo
1712 3807 1783 3864 ergo

76 3889 222 3946 voluntas
237 3905 255 3945 a
271 3890 335 3946 Deo
350 3894 505 3963 acceperat
514 3905 524 3959 3
540 3905 595 3945 nec
606 3889 639 3945 id
653 3888 692 3944 ad
703 3888 786 3961 quod
800 3891 903 3943 motus
956 3912 1018 3952 non
1032 3896 1150 3952 faciunt
1164 3895 1224 3951 nisi
1239 3893 1322 3966 qued
1335 3894 1419 3949 Deus
1442 3890 1520 3959 vult,
1546 3889 1600 3962 qui
1623 3898 1783 3957 uunquam

76 3979 208 4037 luntatis
226 3983 301 4049 erat,
322 3979 438 4036 malum
449 3984 523 4050 erat,
533 3981 679 4053 quoniam
697 3979 814 4051 aliquid
826 3981 901 4048 erat,
956 3984 1065 4040 volunt
1075 3983 1136 4039 nisi
1148 3983 1231 4055 quod
1246 3983 1330 4038 Deus
1340 3997 1402 4037 non
1412 3978 1499 4048 vult3
1513 3977 1587 4051 quia
1597 3988 1715 4047 semper
1724 3987 1787 4027 rna·

77 4069 901 4142 etomncquodaliquiderataDeoerat,etbonumerat.
955 4071 1021 4128 lum
1036 4071 1145 4128 volunt
1160 4070 1241 4144 quod
1253 4071 1336 4127 Deus
1357 4083 1516 4141 nunquam
1537 4062 1628 4121 vult?
1648 4063 1679 4118 Si
1704 4061 1786 4118 enim

77 4158 147 4216 Car.
164 4159 277 4215 XXVI.
296 4162 383 4221 Quod
391 4164 562 4228 peccatum
577 4159 901 4225 necsubstuntioest,
955 4161 1165 4233 iaciuntjquod
1174 4161 1293 4230 volunt,
1301 4163 1332 4215 et
1343 4159 1452 4215 volunt
1462 4155 1544 4229 quod
1551 4148 1785 4219 Deusnonvult,

159 4263 221 4304 nec
235 4250 276 4303 de
289 4250 486 4317 substantia,
503 4251 558 4303 sed
567 4250 716 4317 privatio
729 4249 814 4303 boni.
956 4250 1109 4322 quomodo
1121 4242 1653 4321 faciunt,qu0c1)eusvruttuursum
1668 4239 1785 4294 siDeus

109 4336 189 4402 Quid
199 4336 345 4408 ergoillic
358 4337 474 4393 malum
488 4341 553 4393 erat
566 4337 626 4391 nisi
641 4336 715 4408 quia
726 4339 828 4391 motus
850 4350 903 4391 vo·
956 4353 1019 4394 non
1027 4338 1096 4394 vult
1104 4338 1187 4410 quod
1203 4338 1322 4392 faciunt
1339 4349 1432 4408 quare
1446 4331 1596 4406 permittit
1617 4331 1653 4384 ut
1669 4326 1785 4382 iaciant

77 4425 206 4483 luntatis
219 4442 283 4483 non
296 4429 360 4482 erat
375 4425 414 4481 ad
429 4425 510 4498 quod
525 4441 590 4481 esse
603 4423 774 4481 debuerat?
791 4428 821 4480 et
835 4423 902 4479 ideo
956 4427 1039 4500 quod
1048 4442 1111 4483 non
1122 4425 1272 4495 vulteum
1284 4424 1351 4480 fieri
1365 4436 1427 4479 non
1442 4420 1540 4494 possit
1552 4413 1784 4489 nisieopermit·

79 4531 136 4573 nou
148 4521 217 4572 erat
236 4517 311 4589 quia
322 4517 361 4573 ad
376 4515 459 4572 aliud
474 4519 538 4571 erat
553 4515 592 4570 ad
603 4515 686 4587 quod
703 4530 767 4571 esse
784 4529 847 4570 non
857 4513 903 4569 de·
955 4514 1248 4587 tente,uecpermitti
1257 4513 1317 4569 nisi
1325 4527 1360 4567 eo
1368 4507 1584 4567 volenteiffinc
1592 4508 1784 4562 coarctamur

77 4604 194 4675 buerat,
205 4620 262 4661 nec
275 4608 379 4661 tamen
389 4604 621 4660 adhocessesed
631 4603 669 4658 ad
677 4603 753 4658 illud
764 4618 825 4658 non
838 4616 903 4658 esse
956 4603 1135 4674 diligentius
1148 4603 1334 4673 investigare
1351 4598 1503 4672 quomodo
1524 4593 1705 4652 rationalem
1729 4606 1782 4647 na-

77 4698 234 4766 peccatum
249 4697 324 4763 erat,
341 4694 414 4766 quia
429 4693 456 4749 si
475 4692 552 4748 illud
567 4708 629 4748 non
655 4695 735 4747 esset
758 4691 850 4746 etiam
876 4688 903 4744 si
956 4695 1064 4747 turam.
1074 4691 1226 4764 peaecipue
1239 4690 1325 4746 illam
1340 4704 1409 4760 quae
1421 4687 1579 4743 voluntate
1587 4684 1703 4755 injusta
1715 4677 1784 4735 adi-

78 4779 131 4838 boc
145 4785 237 4852 esset,
253 4786 411 4854 peccatum
422 4799 484 4839 non
499 4784 588 4838 esset.
602 4781 800 4851 Mensitaque
814 4778 904 4833 ratio
956 4780 1030 4834 vina
1044 4778 1203 4834 voluntate
1214 4777 1368 4834 discordat
1378 4792 1387 4844 3
1395 4777 1481 4848 justa
1490 4774 1546 4829 Dei
1554 4771 1722 4828 moderatio
1732 4784 1784 4841 gu·

78 4869 156 4928 nelis
168 4871 251 4927 sicut
275 4870 465 4927 voluntatem
486 4873 652 4943 acceperat,
675 4872 705 4925 et
721 4867 837 4923 moveri
855 4881 904 4922 vo
956 4867 1074 4923 bernat.
1089 4866 1170 4922 Hinc
1181 4865 1409 4921 consideramus
1420 4865 1554 4935 quatuor
1561 4858 1716 4932 generales
1724 4873 1785 4914 mo-

76 4956 195 5016 luntate
209 4961 367 5029 acceperat
375 4974 383 5026 3
399 4959 443 5014 sic
455 4963 485 5014 et
499 4959 538 5014 ad
551 4973 621 5030 quae
639 4956 721 5012 licite
744 4954 903 5011 voluntate
956 4955 1012 5011 dos
1026 4954 1258 5025 gubernationis
1271 4952 1384 5009 divinae
1398 4952 1431 5006 in
1450 4952 1527 5024 ipsis
1549 4949 1664 5022 quibus
1688 4947 1786 5018 dispo-

77 5049 192 5106 moveri
204 5050 310 5121 posset
322 5051 488 5120 acceperat,
504 5051 534 5103 et
548 5047 588 5102 ad
600 5046 653 5101 illa
664 5044 781 5100 moveri
795 5058 901 5099 secun·
957 5046 1075 5098 nuntur
1089 5040 1356 5097 etordinanturin
1369 5039 1513 5096 omnibus
1527 5053 1595 5111 quoe
1620 5039 1728 5108 agunt,
1750 5035 1787 5090 ut

77 5135 148 5193 dum
163 5152 343 5194 mensuram
352 5141 417 5192 erat
430 5137 556 5205 moveri,
564 5140 594 5191 et
606 5133 721 5190 moveri
734 5131 902 5188 secundum
956 5135 987 5187 et
1000 5131 1069 5203 ipsa
1078 5129 1234 5202 malaque
1247 5133 1353 5184 contra
1359 5129 1416 5185 Dei
1425 5127 1616 5184 voluntatem
1623 5127 1695 5181 sunt
1703 5121 1787 5194 quod

76 5239 252 5282 mensuram
264 5229 331 5282 erat
343 5227 459 5282 moveri
472 5225 639 5280 secundum
650 5222 814 5296 justitiam.
831 5219 902 5276 Etsi
957 5223 1030 5276 sunt
1039 5219 1124 5292 (quia
1139 5218 1443 5290 nonapprobantura
1453 5215 1604 5287 Deoquod
1613 5210 1783 5280 malasunt)

76 5314 113 5370 ad
126 5315 182 5372 illa
191 5317 316 5371 tantum
330 5317 415 5370 mota
428 5314 538 5369 fuisset
557 5311 724 5368 secundum
747 5309 901 5382 Justitiam
956 5307 1351 5381 extraejusdispositionem
1358 5306 1564 5373 noneffluant,
1573 5304 1606 5358 in
1617 5298 1787 5374 quibusbo

76 5407 158 5461 mota
172 5404 295 5473 fuisset,
311 5407 341 5459 et
354 5403 463 5459 fuisset
475 5403 560 5475 justa
575 5399 729 5468 voluntas,
754 5397 901 5470 quoniam
955 5412 1030 5454 nurn
1043 5400 1090 5454 est
1106 5400 1136 5452 et
1149 5395 1248 5470 placet
1262 5395 1346 5469 quod
1358 5396 1499 5451 ordinata
1513 5395 1595 5447 sunt.
1620 5389 1659 5443 Et
1682 5385 1785 5443 rnode·

76 5493 243 5550 secundum
254 5493 410 5565 justitiam
424 5494 508 5547 mota
521 5490 640 5545 fuisset.
656 5487 783 5554 Quando
798 5489 901 5542 autem
955 5489 1043 5542 ratur
1056 5500 1127 5556 ergo
1141 5486 1224 5541 Deus
1248 5490 1278 5541 et
1300 5484 1381 5556 regis
1403 5481 1569 5539 secundum
1592 5476 1784 5533 voluntatem

75 5581 113 5637 ad
126 5597 162 5637 ea
175 5583 402 5653 motaestquae
416 5594 559 5636 concessa
578 5592 640 5632 non
663 5577 796 5644 fuerant,
815 5577 902 5630 extra
955 5590 1043 5631 suam
1059 5574 1174 5645 eosqui
1189 5589 1284 5646 prava
1304 5577 1334 5629 et
1354 5572 1470 5644 injusta
1495 5566 1655 5623 voluntate
1677 5570 1783 5622 contra

74 5685 254 5727 mensuram
269 5673 354 5726 mota
366 5673 422 5740 est,
438 5674 468 5725 et
481 5669 514 5724 in
530 5682 564 5723 eo
590 5665 757 5723 secundum
778 5678 900 5719 mensu·
954 5660 1403 5744 suamnitunturvoluntatem‚
1417 5656 1670 5714 utconducantur
1683 5654 1781 5710 etdis

75 5773 142 5816 ram
154 5760 243 5817 mota
256 5772 320 5816 non
333 5761 390 5814 est.
407 5758 446 5814 ut
459 5756 503 5814 ibi
517 5754 635 5813 malum
649 5752 695 5811 illi
709 5755 775 5810 orat
795 5767 901 5810 secun·
954 5753 1110 5826 ponantur
1123 5749 1292 5807 secundum
1307 5749 1409 5820 ipsam
1420 5745 1629 5819 <pissima
1634 5741 1798 5804 eentum
