3742 6082
65 223 127 284 ‘⁷15
374 226 555 289 nuoouis
572 228 627 290 nii
643 230 674 290 Ι.
693 225 866 288 musonii
883 224 970 286 (PF.
989 224 1091 285 PARS
1107 223 1148 284 11.
1167 252 1203 269 -
1220 222 1466 283 baduarius.
1726 224 1780 284 'tte

75 363 153 422 eam,
168 351 233 409 sive
250 368 360 412 navem
386 357 536 428 nomines)
556 357 743 416 adminiculo
766 361 900 415 transve
913 354 942 412 Δ
954 354 1119 428 collegerit,
1131 354 1196 428 jam
1210 352 1436 428 quodammado
1451 351 1596 409 fluctibus
1610 366 1713 409 rerum
1731 366 1779 407 su·

76 437 183 496 haris?
195 441 219 498 I.
235 442 405 502 Novaeistae
419 445 637 509 similitudines
654 450 715 504 tuae
729 447 762 503 in
785 461 899 503 novum
953 447 1122 519 perenatat,
1139 449 1169 502 et
1183 448 1293 501 euncta
1310 443 1488 500 transitoria
1513 443 1602 515 quasi
1629 440 1781 498 subterla-

77 527 310 601 ambiguitatem
324 548 372 589 me
387 533 614 605 pertrahunt.Si
624 536 706 593 enim
716 539 800 593 totus
810 551 899 591 mun·
953 533 1058 590 bentia
1070 533 1177 603 calcat,
1193 536 1285 606 atque
1300 533 1333 588 in
1347 546 1382 588 eo
1399 530 1482 604 quod
1507 546 1539 586 se
1557 530 1710 603 paulatim
1728 545 1782 603 per

76 615 136 673 dus
149 633 233 675 mare
246 619 294 676 vel
312 620 463 678 diluvium
490 626 547 694 est,
572 638 663 696 quem
686 624 787 681 locum
813 627 900 680 extra
954 623 1067 696 gradus
1080 623 1242 691 virtutum,
1255 621 1355 693 magis
1362 635 1481 693 semper
1491 620 1530 676 ad
1544 620 1644 692 magis
1657 633 1782 676 sursum

76 705 226 762 mundum
236 708 462 780 navigabimus,
477 711 532 768 ubi
545 712 745 786 tranquillam
758 717 789 770 et
804 712 897 769 stabi·
955 712 1083 784 erigitet
1093 712 1127 768 in
1142 727 1239 767 uuum
1254 709 1379 781 colligit,
1387 708 1552 781 quamdam
1567 709 1782 765 arceaiormam

75 790 135 848 lem
150 795 339 852 mansionem
353 797 572 856 inveniamus?
583 801 733 857 Praeterea
745 802 771 858 si
786 800 900 858 corho·

76 880 169 936 minis
184 896 264 952 arca,
280 888 310 939 et
334 886 424 942 navis
440 890 496 958 est,
517 904 580 960 que
598 889 717 946 ratione
738 889 830 946 hemo
852 888 901 944 vel

76 968 192 1025 intrare
216 986 268 1027 cor
300 987 401 1044 suum,
429 975 478 1031 vei
511 992 580 1033 cum
608 977 697 1033 corde
725 992 781 1034 suo
812 993 901 1033 mun·

76 1056 151 1114 dum
163 1061 396 1135 transnavigare
410 1064 535 1136 potest?
549 1067 708 1124 Postremo
722 1082 792 1124 cum
806 1067 900 1135 Deus,

75 1149 213 1217 quemtu
229 1152 351 1221 portum
372 1166 438 1208 esse
460 1152 577 1225 dixisti,
604 1171 727 1212 sursum
752 1155 803 1224 sit,
826 1170 900 1227 qua·

74 1231 114 1289 lis
133 1234 190 1291 erit
214 1251 323 1295 cursus
346 1239 415 1312 ists,
439 1241 493 1298 ubi
514 1257 599 1299 more
625 1242 752 1300 insolito
770 1246 800 1299 et
813 1243 900 1298 inau-

76 1302 140 1378 dito
154 1326 184 1378 et
197 1323 256 1380 iter
270 1327 359 1384 navis
381 1344 504 1386 sursum
529 1330 684 1402 dirigitur,
706 1335 737 1388 et
751 1330 902 1402 navigans

51 1433 56 1437 ·
77 1423 96 1463 a
115 1413 277 1486 semetipso
298 1416 463 1488 portaturi
485 1419 523 1475 D.
544 1419 672 1486 Quando
695 1419 808 1475 mentis
831 1435 900 1475 ocu·

76 1497 142 1555 lum
167 1499 205 1555 ad
239 1502 409 1563 invisibilia
442 1507 556 1579 erigere
576 1508 729 1577 volumus,
759 1506 901 1563 similitu-

75 1583 164 1644 dines
189 1589 359 1648 visibilium
391 1609 493 1651 rerum
524 1596 614 1668 quasi
635 1595 776 1669 quaedam
800 1595 901 1666 cogni·

955 799 1156 874 spiritualiter
1178 800 1211 855 in
1235 814 1268 854 se
1282 813 1458 871 expressam
1482 800 1692 870 repraesentat.

990 887 1135 954 Quaedam
1150 901 1220 958 ergo
1235 886 1326 942 eorda
1333 900 1455 942 sursum
1474 889 1557 955 sunt,
1582 885 1725 958 quadam
1737 900 1783 941 se·

955 978 1087 1049 metipsa
1100 975 1243 1032 deorsum
1258 975 1476 1039 demerserunt.
1484 975 1635 1031 Deorsum
1648 973 1785 1031 suntilla

955 1065 1047 1122 eorda
1062 1081 1130 1137 quae
1144 1064 1375 1135 configurantur
1388 1063 1461 1120 huie
1476 1062 1725 1133 saeeulo,sursum
1733 1077 1783 1118 ve·

956 1170 989 1211 ro
1023 1157 1096 1211 suut
1122 1153 1186 1223 illa,
1212 1169 1281 1226 quae
1309 1152 1572 1209 conversationem
1611 1165 1701 1208 suam
1729 1151 1783 1207 ha-

954 1242 1029 1298 beni
1041 1241 1168 1299 incaelo.
1184 1242 1334 1299 Deorsum
1348 1245 1503 1313 suntque
1510 1243 1631 1297 terrena
1646 1239 1783 1313 sapiunt,

956 1345 1078 1387 sursum
1102 1332 1175 1386 suut
1194 1345 1263 1402 quae
1279 1330 1395 1402 iugiter
1415 1327 1605 1385 meditantur
1628 1327 1783 1397 caelestia,

956 1418 1125 1475 secundum
1137 1414 1170 1474 id
1183 1433 1255 1490 ergo
1269 1418 1319 1474 cui
1342 1433 1397 1491 per
1419 1432 1553 1474 amorem
1574 1416 1784 1489 conjungitur,

956 1523 1008 1564 cor
1021 1506 1157 1564 hominis
1172 1521 1295 1563 sursum
1310 1521 1345 1562 ao
1363 1506 1505 1562 deorsum
1526 1519 1592 1561 esse
1613 1504 1784 1577 judicatur.

957 1595 996 1652 Et
1011 1598 1181 1652 reeteextra
1194 1595 1392 1667 semetipsum
1407 1609 1472 1650 esse
1486 1591 1738 1664 dicitur,quando
1747 1591 1787 1647 ad

78 1673 172 1731 tionis
196 1679 327 1750 vestigia
350 1661 500 1755 respicer‘e
518 1682 674 1740 debemus.
701 1683 737 1739 In
759 1683 902 1756 spiritua·
916 1699 942 1757 B
956 1683 1108 1741 exteriora
1122 1687 1152 1740 et
1165 1683 1343 1740 transitoria
1363 1683 1429 1739 haee
1449 1680 1651 1754 exspectanda
1673 1679 1786 1737 dilabi·

74 1760 158 1819 libus
182 1779 263 1837 ergo,
289 1771 318 1824 et
336 1769 546 1828 invisibilibus
568 1787 637 1828 cum
658 1771 775 1844 aliquid
797 1786 899 1844 supre-

76 1852 293 1924 mum,dicitur
302 1871 364 1914 non
373 1860 462 1932 quasi
473 1859 709 1934 localitersupra
719 1859 902 1917 eulmenaut

73 1941 219 1998 verticem
231 1944 299 2001 celi
310 1949 584 2020 constitutum,sed
597 1949 743 2005 intimum
762 1949 901 2005 omnium

76 2030 275 2101 significatur.
291 2034 462 2094 Ascendere
476 2053 548 2110 ergo
563 2038 602 2093 ad
614 2038 713 2094 Deum
728 2038 788 2095 hoc
802 2039 900 2094 estin·

76 2120 158 2176 trare
172 2119 212 2177 ad
225 2123 435 2197 semetipsum,
448 2129 479 2182 et
491 2141 552 2182 nen
563 2124 662 2183 solum
677 2126 716 2182 ad
731 2141 763 2182 se
775 2127 900 2197 intrare,

75 2207 129 2264 sed
141 2209 289 2267 ineffabili
303 2213 529 2285 quodammodo
542 2214 576 2271 in
591 2214 710 2271 intimis
718 2215 810 2271 etiam
823 2215 900 2287 seip-

77 2311 145 2354 sum
160 2301 301 2357 transire.
318 2300 377 2366 Qui
391 2317 462 2374 ergo
476 2303 622 2376 seipsum,
635 2308 671 2360 ut
682 2304 843 2374 itadicam,
853 2304 900 2360 in·

75 2385 171 2442 terim
184 2386 307 2445 intrans
320 2393 350 2446 et
360 2389 547 2447 iutrinsecus
558 2393 723 2464 penetrans
746 2395 901 2448 transcen·

75 2473 131 2544 dit,
145 2474 197 2531 ille
210 2477 358 2533 veraciter
369 2478 409 2534 ad
422 2478 521 2535 Deum
536 2479 682 2536 ascendit.
696 2479 823 2546 Quando
847 2495 900 2536 au·

25 2558 29 2569 '
76 2567 138 2620 tem
150 2565 242 2622 homo
258 2581 310 2640 per
324 2581 432 2623 sensus
442 2568 544 2624 caruis
559 2566 598 2624 ad
612 2567 748 2624 visibilia
759 2568 901 2641 istaque

77 2653 257 2710 transitoria
271 2657 345 2711 sunt
364 2658 394 2711 et
419 2654 544 2726 caduca,
565 2656 805 2729 concupiscendo
824 2657 896 2726 erit,

956 1775 1017 1828 tur.
1029 1772 1116 1828 Tunc
1130 1775 1233 1829 autem
1248 1771 1287 1827 ad
1302 1770 1501 1843 semetipsum
1516 1768 1786 1842 revertiturquan·

955 1859 994 1918 de
1004 1876 1040 1917 ea
1052 1875 1121 1933 quer
1133 1861 1172 1917 ad
1186 1875 1274 1917 suam
1289 1858 1420 1917 salutem
1427 1858 1592 1931 pertinent,
1604 1856 1786 1914 meditatur.

955 1949 1034 2006 Sunt
1048 1965 1119 2022 ergo
1133 1948 1273 2023 quaedam
1286 1965 1356 2022 qua
1370 1946 1503 2005 amando
1517 1949 1547 2002 et
1560 1944 1725 2018 cogitando
1734 1960 1787 2002 eor

955 2037 1091 2094 hominis
1105 2037 1248 2095 deorsum
1262 2037 1425 2109 premitur,
1440 2035 1631 2107 scissumque
1654 2048 1711 2106 per
1732 2048 1784 2088 va·

955 2126 1001 2181 ria
1015 2125 1186 2199 dissipatur
1197 2129 1228 2183 et
1235 2128 1309 2181 sunt
1314 2125 1426 2181 iterum
1438 2121 1591 2196 quaedam,
1599 2136 1670 2195 quse
1678 2136 1782 2177 amau·

955 2215 994 2270 do
1007 2218 1038 2271 et
1048 2213 1224 2271 meditando
1240 2229 1363 2270 sursum
1378 2213 1526 2280 elevatur,
1542 2214 1572 2267 et
1586 2209 1626 2266 ad
1640 2210 1782 2282 semetip-

956 2318 1024 2359 sum
1040 2301 1334 2374 colligitur.Propter
1346 2301 1429 2374 quod
1441 2303 1560 2373 oportet
1573 2314 1630 2356 nos
1644 2298 1784 2355 omnium

955 2406 1057 2447 rerum
1070 2392 1200 2464 speciem
1214 2391 1248 2446 in
1260 2391 1321 2447 duo
1337 2389 1483 2460 dividere,
1494 2391 1525 2445 et
1539 2388 1572 2444 in
1586 2387 1685 2443 altera
1698 2391 1785 2461 parte

955 2495 1048 2552 opera
1062 2478 1257 2549 conditionis,
1273 2479 1306 2534 in
1320 2478 1417 2534 altera
1431 2493 1503 2533 vero
1517 2491 1610 2549 opera
1632 2480 1783 2532 restaura·

955 2567 1050 2624 tionis
1063 2566 1218 2624 collocare.
1233 2567 1272 2623 Et
1286 2570 1321 2623 ut
1333 2567 1466 2623 breviter
1486 2564 1716 2622 distinctionem
1731 2564 1784 2622 bo·

955 2672 1023 2713 rum
1039 2657 1206 2728 signamus,
1219 2671 1312 2729 opera
1325 2656 1510 2713 conditionis
1533 2657 1607 2712 sunt
1633 2653 1784 2711 elementa

75 2743 150 2798 tunc
163 2741 503 2815 nimirumadignitate
517 2742 702 2800 conditionis
725 2760 788 2801 suae
812 2746 903 2817 quasi
955 2745 1065 2801 mundi
1079 2745 1173 2819 hujus
1188 2760 1257 2818 quse
1272 2744 1354 2801 facta
1376 2748 1459 2814 sunt,
1484 2747 1519 2800 ut
1541 2742 1637 2799 stanti
1663 2741 1782 2799 homini

75 2828 116 2885 ad
128 2830 235 2886 intima
250 2830 434 2904 quaedamst
448 2830 567 2904 abjecta
580 2831 745 2889 descendit.
758 2831 845 2898 Ouod
856 2849 900 2889 er·
955 2834 1116 2890 servirent.
1130 2833 1230 2907 Opere
1244 2833 1479 2890 restaurationis
1503 2835 1576 2889 sunt
1591 2835 1783 2888 sacramenta

75 2934 114 2991 go
127 2919 273 2976 intimum
285 2920 403 2990 est,hoc
417 2923 463 2976 est
475 2920 697 2993 proximum,st
711 2936 900 2994 supremum,
954 2923 1175 2979 incarnationis
1189 2922 1364 2994 Verbi,quee
1379 2920 1417 2977 ad
1432 2919 1598 2976 remedium
1609 2919 1684 2975 data
1697 2922 1780 2988 sunt,

74 3009 105 3063 et
117 3009 286 3079 aeternum3
304 3012 334 3064 et
345 3009 428 3082 quod
442 3013 613 3066 extremum
626 3014 683 3080 est,
698 3011 756 3068 hoc
774 3013 821 3066 est
832 3011 898 3066 inii·
918 3042 943 3102 c
957 3015 992 3068 ut
1005 3011 1127 3085 lapsum
1142 3011 1302 3083 erigerent.
1320 3009 1467 3066 Haeduo
1482 3024 1574 3082 opera
1588 3011 1712 3064 tantum
1723 3007 1779 3063 dif-

74 3111 170 3167 mum,
183 3101 213 3153 et
222 3097 754 3170 longinquum,ettransitorium.Ab
764 3102 900 3156 extremo
955 3099 1066 3156 ferenti
1079 3104 1215 3172 tempore
1229 3099 1311 3155 iacta
1325 3102 1408 3167 sunt,
1422 3100 1574 3171 quantum
1589 3096 1740 3169 dignitate
1750 3111 1781 3152 se

74 3184 901 3258 itaqueredireadintimum,hocsstabimoascendere
954 3189 1140 3262 praecedunt.
1172 3188 1271 3261 Opera
1292 3187 1373 3243 enim
1396 3185 1580 3242 conditionis
1603 3186 1694 3259 qussi
1719 3185 1780 3241 exi·

74 3273 113 3329 ad
126 3288 315 3347 supremum,
330 3277 422 3346 atque
437 3274 658 3348 adispersione
673 3275 863 3331 confusionis
870 3278 901 3330 et
954 3292 1049 3348 guum
1064 3276 1182 3349 aliquid
1196 3276 1308 3332 divinae
1320 3276 1449 3332 virtutis
1471 3274 1617 3331 indicium
1640 3274 1727 3330 brevi
1748 3274 1781 3329 in

73 3361 292 3419 mutabilitatis
307 3360 408 3434 colligi
421 3362 454 3418 in
468 3362 612 3435 idipsum.
636 3362 715 3427 Quia
726 3377 798 3420 vero
810 3377 899 3419 mun·
953 3363 1104 3438 principio
1119 3364 1228 3439 mundi
1240 3368 1385 3436 tempore,
1402 3363 1461 3419 hoc
1473 3365 1519 3419 est
1533 3378 1587 3418 sex
1599 3361 1779 3434 diebusper-

74 3449 148 3508 dum
170 3451 252 3507 huno
277 3454 364 3506 extra
390 3464 457 3519 nos,
486 3449 585 3506 Deum
607 3454 710 3507 autem
736 3450 819 3506 iutra
844 3465 900 3507 nos
954 3454 1034 3509 lecta
1048 3456 1130 3509 sunt.
1146 3453 1246 3524 Opera
1260 3468 1331 3509 vero
1347 3451 1582 3508 restaurationis
1596 3466 1615 3505 a
1627 3451 1779 3522 principio

75 3554 141 3596 esse
155 3540 377 3611 cognoscimus,
393 3539 433 3595 ob
447 3539 505 3596 hoc
519 3553 537 3594 a
550 3538 677 3610 mundo,
693 3539 731 3595 ad
745 3539 845 3596 Deum
860 3554 902 3595 re
955 3541 1058 3598 saeculi
1073 3541 1216 3614 usquead
1230 3542 1321 3597 finem
1336 3557 1397 3598 non
1411 3540 1471 3596 nisi
1482 3554 1535 3596 sex
1546 3541 1673 3594 aetetum
1683 3554 1781 3594 emen·

75 3631 239 3699 vertentes,
255 3632 285 3685 et
297 3628 386 3701 quasi
410 3629 449 3685 ab
472 3629 535 3685 imo
557 3644 680 3685 sursum
704 3627 901 3685 ascendeutes
954 3646 988 3688 so
1004 3630 1104 3703 spatio
1118 3630 1208 3703 quasi
1221 3630 1334 3686 eximia
1353 3629 1493 3702 quaedam
1507 3627 1678 3699 majestatis
1693 3630 1723 3682 et
1735 3627 1780 3682 di-

74 3733 129 3791 per
145 3734 201 3775 uos
214 3718 362 3792 metipsos
375 3719 506 3775 transire
529 3719 685 3776 debemus.
710 3717 820 3790 Sicque
840 3717 901 3790 ipsi
953 3719 1093 3776 vinitatis
1100 3719 1236 3791 insignia
1248 3718 1351 3790 perdel
1363 3713 1626 3774 autconsummari
1634 3719 1778 3786 possunt.

75 3805 491 3880 quodammodointerundas
504 3807 902 3879 nostransvehimus,quan·
954 3808 1053 3882 Opera
1066 3823 1137 3880 ergo
1152 3807 1338 3865 conditionis
1353 3807 1391 3862 ad
1415 3810 1536 3878 tempus
1550 3803 1633 3873 data,
1657 3808 1728 3876 post
1747 3805 1779 3859 in

75 3893 114 3949 do
129 3893 169 3948 ab
183 3893 222 3949 iis
237 3909 306 3965 qua
320 3893 395 3949 foris
408 3896 705 3965 mutabiliasunt,ad
717 3911 773 3952 nos
787 3897 900 3966 ingres
954 3897 1133 3954 servitutem
1143 3896 1225 3953 iacta
1239 3900 1322 3952 sunt.
1338 3895 1436 3968 Opera
1450 3910 1521 3951 vere
1545 3892 1780 3949 restaurationis

77 3980 103 4036 si
118 3980 318 4036 stabilitatem
330 3981 516 4038 invenimus.
534 3983 558 4039 I.
572 3983 706 4039 Oarcam
721 3982 899 4053 salutarem,
952 3986 986 4041 in
1014 3989 1195 4059 perpetuum
1221 3985 1294 4042 data
1319 3989 1393 4041 sunt
1420 3982 1622 4040 adsalutem.
1652 3981 1780 4052 Propter

76 4082 94 4125 o
108 4069 232 4140 portum
246 4066 381 4137 felicem!
398 4068 513 4124 Beatus
526 4069 646 4141 quihoc
659 4073 900 4142 tempestuosum
953 4073 1037 4145 quod
1050 4073 1137 4129 electi
1151 4088 1244 4145 opera
1256 4071 1489 4129 restaurationis
1512 4071 1611 4142 magis
1634 4068 1779 4141 diligunt,

76 4157 176 4215 salum
190 4156 306 4215 illaesus
318 4160 419 4231 potest
432 4157 569 4228 evadere,
590 4161 620 4214 et
633 4158 672 4214 ad
694 4159 779 4214 illam
801 4159 900 4215 unicae
953 4160 1076 4234 reprobi
1089 4165 1192 4217 autem
1206 4177 1298 4234 opera
1310 4160 1495 4217 conditionis
1509 4158 1653 4231 operibus
1668 4160 1781 4213 restau-

74 4247 187 4321 quietis
196 4246 457 4320 tranquillitatem
471 4247 640 4320 pervenire.
655 4247 799 4320 Optatam
814 4247 848 4302 in
863 4248 899 4304 il·
954 4250 1083 4307 rationis
1104 4252 1306 4322 anteponunt.
1332 4248 1465 4321 Reprobi
1485 4246 1663 4304 visibilibus
1684 4245 1780 4301 inhae-

72 4335 135 4392 lam
148 4336 278 4409 ingredi,
293 4339 430 4409 optarem
441 4336 474 4391 iu
497 4334 551 4391 illa
559 4337 593 4391 in
618 4336 742 4406 salvari,
761 4342 897 4408 optarem
955 4338 1049 4394 rende
1060 4353 1130 4394 eum
1143 4337 1375 4394 transeuntibus
1387 4336 1537 4405 defluunt,
1554 4334 1641 4391 electi
1654 4333 1781 4389 verovi-

72 4424 263 4496 illaperduci
278 4424 350 4480 doce
369 4439 451 4494 erge,
475 4423 611 4494 obsecro,
637 4424 790 4497 quomodo
812 4425 897 4498 quis·
955 4425 1067 4495 sibilia,
1098 4430 1128 4482 et
1151 4425 1331 4482 transitoria
1362 4423 1583 4481 contemnendo
1605 4422 1644 4478 ad
1667 4424 1783 4478 aeterna

75 4527 134 4584 que
149 4510 249 4568 cordis
268 4511 317 4566 sui
331 4526 433 4567 arcam
447 4512 563 4567 intrare
577 4511 696 4582 debeat,
719 4516 750 4568 et
772 4528 842 4569 cum
865 4514 898 4569 in
952 4513 1222 4570 conscendunt.Illi
1233 4529 1287 4587 per
1300 4511 1436 4569 visibilia
1450 4512 1489 4568 ab
1501 4509 1714 4568 invisibilibus
1722 4526 1783 4566 ocr-

71 4599 125 4657 illa
139 4599 242 4670 luerit,
255 4599 331 4672 quid
343 4599 470 4671 agendo,
484 4599 652 4672 periculum
668 4600 804 4671 evadere,
818 4605 848 4657 et
859 4601 898 4658 ad
952 4602 1095 4659 runt.Isti
1105 4618 1124 4658 a
1136 4601 1312 4659 visibilibus
1322 4601 1361 4656 ad
1373 4601 1543 4657 invisibilia
1555 4598 1783 4656 ascendunt.De

74 4691 198 4762 portum
213 4691 326 4761 optatse
339 4688 452 4762 quietis
464 4689 563 4762 possit
576 4691 742 4762 pervenire.
767 4691 804 4747 D.
820 4689 899 4756 Quia
952 4691 1096 4763 operibus
1129 4705 1199 4762 ergo
1236 4689 1421 4746 conditionis
1440 4689 1547 4745 subter
1572 4686 1782 4743 defluentibus

76 4776 281 4834 semelrerum
295 4777 513 4835 similitudines
533 4778 566 4835 iu
585 4778 739 4853 loquendo
766 4780 898 4854 suscepi·
953 4778 1189 4853 electiquaside
1212 4779 1348 4852 quodam
1369 4778 1532 4849 naufragio
1556 4779 1730 4848 emergunt,
1752 4779 1782 4830 et

75 4882 155 4937 mus,
168 4867 287 4941 justum
302 4871 358 4938 est,
372 4867 454 4923 utin
477 4867 607 4925 decursu
629 4869 727 4926 nostri
750 4869 900 4926 sermonis
952 4883 1006 4942 per
1016 4883 1108 4940 opera
1123 4868 1369 4938 restaurationis,
1383 4867 1415 4924 id
1430 4871 1477 4923 est
1491 4868 1686 4922 sacramenta
1702 4863 1785 4921 salu-

74 4960 167 5030 prout
181 4972 229 5012 res
243 4956 380 5029 postulat
389 4956 531 5030 deinceps
545 4972 598 5013 aas
617 4961 786 5015 teneamus.
809 4958 899 5015 Mun·
953 4958 994 5013 tis
1009 4972 1073 5013 sua
1087 4957 1226 5013 subvecti
1240 4957 1330 5030 quasi
1343 4958 1378 5013 in
1393 4956 1527 5029 quadam
1556 4954 1687 5012 salutari
1712 4969 1785 5027 area

74 5046 133 5102 dus
147 5044 299 5101 diluvium
312 5048 368 5115 est,
383 5059 435 5101 cor
448 5049 551 5102 autem
567 5045 741 5116 hominis‚si
755 5062 898 5120 paramo
953 5046 1050 5117 mergi
1060 5045 1192 5118 amplius
1206 5046 1333 5103 omnino
1346 5062 1409 5103 non
1419 5049 1560 5118 possunt.
1584 5043 1663 5110 Quia
1686 5043 1783 5114 igitur

74 5150 138 5192 rem
150 5134 421 5192 mundanorumss
444 5135 588 5191 deorsum
611 5134 751 5205 inclinat,
775 5136 899 5191 naufra-

73 5228 165 5298 gatur
178 5225 259 5280 inter
277 5224 389 5281 fluetus
402 5223 516 5294 saeculi,
531 5226 561 5280 et
574 5223 779 5280 mutabilibus
786 5224 899 5280 admis-

76 5319 142 5372 tum
156 5312 237 5371 inter
249 5312 385 5370 labentia
399 5312 468 5370 iluit
489 5312 672 5384 geminoque
694 5310 804 5366 salutis
821 5312 899 5382 peri·

75 5404 143 5460 culo
158 5406 188 5460 et
203 5419 258 5477 per
271 5403 412 5459 affectum
427 5400 603 5457 intimorum
617 5397 768 5472 profunde
792 5398 900 5471 mergi·

75 5497 169 5562 tur,et
182 5508 237 5566 per
250 5491 481 5564 occupationem
493 5488 695 5561 plurimorum
701 5485 764 5541 late
775 5485 901 5560 dissipa·

74 5582 136 5636 tur.
148 5580 180 5635 Si
194 5596 266 5637 vero
280 5594 404 5635 rursum
420 5593 451 5633 se
463 5577 503 5632 ab
517 5591 620 5632 amore
634 5575 832 5649 praesentium
846 5591 902 5649 per

79 5667 263 5726 desiderium
278 5667 408 5726 erexerit
420 5669 615 5735 aeternorum,
628 5664 901 5736 acpereonsidera·

79 5756 195 5814 tionem
203 5757 359 5832 propriam
369 5754 569 5830 cogitationes
574 5769 647 5814 suas
660 5753 902 5831 adsemstipsum

953 5135 1045 5191 homo
1059 5149 1151 5208 opera
1165 5134 1350 5192 conditionis
1364 5149 1505 5208 perverse
1520 5132 1652 5189 amando
1666 5131 1783 5205 disper·

954 5239 1008 5279 sus
1021 5224 1226 5297 iuerat,etper
1236 5238 1329 5297 opera
1344 5222 1578 5280 restaurationis
1593 5220 1785 5292 colligendus

954 5316 1031 5382 erat,
1045 5313 1114 5385 ipsa
1128 5312 1252 5385 quidem
1268 5312 1503 5369 restaurationis
1517 5326 1610 5384 opera
1634 5309 1679 5365 sic
1702 5309 1786 5366 iacta

955 5403 1038 5471 sunt,
1052 5404 1087 5457 ut
1102 5404 1132 5456 et
1146 5401 1246 5458 multa
1258 5402 1382 5475 quidem
1399 5403 1512 5471 essent,
1528 5415 1590 5456 non
1610 5403 1716 5456 tamen
1739 5400 1787 5458 in·

953 5489 1052 5558 finita,
1067 5494 1222 5562 quatenus
1235 5505 1287 5546 cor
1301 5490 1437 5547 hominis
1453 5505 1532 5545 verre
1545 5487 1645 5544 adhue
1660 5487 1787 5546 stabila-

954 5579 1028 5634 tatis
1041 5578 1249 5651 impatiens,et
1262 5579 1410 5635 varietate
1427 5579 1582 5635 reficerent
1591 5579 1621 5632 et
1630 5578 1789 5650 paucitate

954 5668 1094 5724 inunum
1109 5670 1337 5738 congregarent.
1352 5667 1392 5723 Et
1401 5667 1482 5724 sicut
1504 5666 1591 5739 prius
1614 5665 1707 5722 homo
1734 5681 1790 5740 per

954 5754 1091 5814 visibilis
1099 5770 1119 5810 a
1131 5754 1388 5830 contemplatione
1399 5753 1457 5814 Dei
1469 5754 1629 5826 ceciderat,
1642 5753 1688 5811 ita
1703 5771 1789 5815 nuuc
